2516 3509
358 92 493 147 DE
568 53 1222 147 Nom-Nom
1294 89 1890 164 RATIONE.

2013 99 2116 173 883

114 209 169 241 eo
202 190 370 256 pacto,
401 201 455 235 ut
488 203 624 250 quem
660 187 860 250 primum
897 187 1044 234 filium
1078 183 1339 246 sustulisset,
1375 184 1420 224 3⁶
1442 188 1484 233 ei
1517 188 1709 235 materni
1732 189 1803 236 avi
1838 205 2111 253 praenomen

120 274 406 331 imponeret,
443 264 791 329 obtemperavit.

181 345 488 406 Antiquarum
523 342 765 389 mulierum
800 342 847 387 in
881 342 960 387 usu
995 341 1218 404 frequenti
1253 343 1543 404 praenomina
1578 342 1788 403 fuerunt,
1826 352 1868 384 37
1901 349 2110 408 Rutilia,

116 421 337 479 Caesella,
384 419 670 478 Rodocella,
719 419 961 474 Mur-cula,
1010 420 1152 464 Buri-a
1185 420 1212 464 a
1245 417 1401 463 colore
1433 416 1565 464 dista.

1636 418 1725 465 Ista
1759 427 2047 482 praenomina
2084 434 2109 472 a

117 502 224 549 viris
260 502 403 549 traffita
437 501 568 562 sunt,
604 501 743 565 Caja,
779 501 954 560 Lucia,
994 497 1037 538 33
1073 499 1259 559 Publia,
1297 499 1540 546 Numeria.
1608 498 1826 546 Ceterum
1865 503 2001 567 Caja,
2033 508 2112 554 usu

115 580 244 644 super
278 581 433 627 omnia
467 580 690 628 celebrata
723 580 799 626 est.
836 579 998 625 Fertur
1032 579 1180 638 enim,
1216 577 1376 640 Cajam
1413 575 1660 623 Caeciliam
1695 577 1939 641 Tarquinii
1975 584 2111 630 Prisci

123 798 198 837 que
226 787 399 823 nominat
428 786 604 823 eumdem
639 785 718 824 Sex.
746 786 881 834 Pomp.
902 786 1043 824 PIGH.

174 837 233 887 36.
272 842 313 874 Et
343 839 488 874 Numeri
514 848 710 885 praenomen
739 837 936 886 imponeret]
974 838 1023 874 V.
1061 849 1090 874 C.

125 890 269 924 materni
303 891 363 924 avi
397 901 607 936 praenomen.
655 886 784 924 Recie.
822 886 911 924 ficut
942 890 978 925 &
1012 889 1093 925 Sex.

121 939 337 987 Pompejus.
364 938 574 976 inusitatum
604 938 704 974 enim
731 945 808 974 erat
836 939 932 986 apud
953 941 1094 976 Roma-

125 1001 194 1026 nos
234 1001 465 1038 praenomen
507 989 528 1027 a
564 997 666 1038 parte
707 997 875 1026 materna
916 990 1095 1038 accipere.

178 1103 236 1140 37.
266 1092 401 1140 Rutilia
417 1118 427 1134 ‚
455 1090 645 1137 Caesellia,
673 1087 842 1138 Rodacilla
860 1117 871 1133 ‚
896 1088 1094 1138 lmutrulla]

129 1142 172 1178 In
198 1154 232 1179 v.
264 1153 294 1178 c.
322 1141 445 1178 nostro
465 1169 476 1183 ‚
508 1142 663 1191 Rufilla,
692 1142 864 1187 Caesena,
896 1139 1095 1189 Radocella,

133 1192 277 1240 legitur.
331 1193 378 1229 Et
409 1200 577 1228 veterum
614 1191 901 1239 praenominum
934 1192 1098 1228 formam

134 1244 226 1280 haec
248 1244 362 1290 magis
382 1244 662 1290 repraesentant.
689 1242 982 1290 Sex.Pompejus
1004 1241 1099 1278 Cae—

123 1294 251 1332 sullam
273 1294 401 1330 vocari
423 1293 527 1337 dicit,
559 1293 578 1330 a
601 1292 723 1330 caesiis
749 1292 886 1335 oculis;
917 1293 956 1330 ὃς
978 1292 1100 1329 Ravil-

126 1344 202 1382 lam
224 1344 243 1382 a
267 1345 386 1387 ravis,
414 1343 517 1394 quod
536 1344 659 1392 postea
682 1354 898 1391 cognomen
923 1343 960 1380 in
983 1343 1099 1380 Caflia

127 1404 251 1444 gente.
302 1396 398 1438 Pro,
437 1397 616 1430 Mutrulla
638 1423 647 1438 ‚
685 1395 856 1431 Sambuci
887 1394 1008 1432 codex
1036 1395 1100 1431 ha-

128 1447 214 1490 bet,
242 1448 427 1489 Afftarcula,
455 1454 566 1494 atque
587 1445 623 1482 id
649 1445 871 1482 diminutive
898 1446 1050 1483 fortaffis
1074 1445 1093 1482 a

130 1498 309 1541 Murcus,
347 1497 574 1544 cognomine
601 1496 706 1533 virili.
759 1496 950 1544 Sequitur,
989 1499 1096 1531 Burra

130 1547 151 1584 ἷε
180 1550 286 1584 calore
312 1547 414 1584 cltc‘la.
453 1560 486 1584 v.
515 1558 543 1583 c.
573 1546 594 1582 ἆ
621 1549 733 1583 colore.
761 1547 843 1583 Nec
871 1548 980 1584 male.
1007 1547 1098 1583 Bur-

134 1611 195 1635 ros
230 1600 330 1635 enim
362 1599 526 1635 Romani
556 1598 783 1646 appellarunt
816 1596 939 1635 fulvos
969 1609 1011 1635 ac
1039 1610 1096 1635 ru—

129 1650 331 1693 bicundos,
360 1661 454 1697 quos
480 1649 612 1685 Graeci
642 1646 776 1694 πυρῤές.
808 1649 916 1684 Haec
943 1648 1095 1696 quidem

125 1701 204 1748 jam
228 1699 321 1736 dista
343 1700 585 1746 praenomina
605 1699 625 1736 a
649 1698 930 1747 proprietatibus
958 1698 1098 1735 desum-

133 1760 194 1799 pta
224 1749 395 1788 transiisse
421 1749 555 1786 deinde
575 1751 611 1786 in
630 1749 858 1798 cognomina
880 1750 1101 1797 reperimus,

134 1802 280 1839 ficut&
304 1800 463 1843 Rutula,
490 1800 579 1837 teste
609 1800 690 1838 Sex.
716 1799 927 1848 Pompejo‚
954 1800 1017 1848 qui
1046 1799 1101 1836 di-

137 1853 185 1889 cit
214 1851 310 1889 rutili
333 1852 469 1888 coloris
493 1850 665 1888 studiosas
695 1850 806 1887 etiam
837 1851 1003 1899 antiquas
1024 1861 1101 1886 mu<

135 1904 240 1939 lieres
268 1901 393 1946 fuisse,
421 1910 533 1950 atque
551 1901 638 1938 inde
659 1902 770 1938 etiam
793 1899 935 1937 traxiss'e
956 1912 1097 1948 cogno-

137 1954 236 1990 mina
255 1953 407 1989 Rutilias
420 1980 428 1994 ,
441 1953 554 1999 idque
573 1953 686 1990 etiam
706 1952 903 1989 Afranium
926 1952 1100 2000 frequen-

134 2013 190 2041 ter
219 2004 389 2040 indicare.
419 2003 559 2039 PIGH.

188 2055 245 2103 387
275 2054 397 2088 Publia
423 2051 580 2100 Moerea]
619 2051 663 2088 In
685 2051 856 2088 Sambuci
883 2050 1000 2094 libro,
1030 2054 1102 2086 Pu-

133 2104 202 2141 blia
219 2133 228 2148 ‚
258 2106 434 2140 Numeria.
461 2103 509 2139 Et
530 2103 623 2139 haec
648 2102 800 2150 quidem
819 2101 1059 2150 praenomina
1079 2101 1098 2138 a

136 2156 220 2192 viris
246 2155 387 2197 sumpta
418 2153 509 2190 sunt.
562 2154 685 2190 Varro
715 2161 841 2189 tamen
870 2160 973 2201 putat
998 2153 1101 2188 Mar·

137 2219 218 2244 cam
242 2206 278 2242 3<
298 2204 520 2242 Numeriam
549 2202 717 2240 muliebri
746 2204 870 2240 forma
898 2214 977 2239 non
1007 2201 1099 2239 dici:

75 2276 81 2287 ι
138 2257 322 2298 Luciam,
351 2255 544 2297 Maniam,
572 2254 812 2297 Postumam,
840 2253 1100 2295 utmulierum

137 2308 381 2357 praenomina
419 2305 582 2353 agnoscit
609 2304 726 2341 Libro
756 2316 843 2342 vm.
881 2305 941 2341 De
977 2303 1100 2351 lingua

140 2361 284 2395 Latina.
337 2358 437 2404 Ergo
459 2353 608 2393 tortasse
630 2357 785 2400 Mania,
811 2355 872 2392 hic
900 2354 1106 2402 legendum

138 2410 229 2452 erit,
254 2419 322 2456 pro
345 2412 496 2444 Moerea.
523 2406 663 2444 PIGH.

192 2472 248 2508 39.
277 2462 396 2501 Caiam
423 2458 532 2507 essese
557 2455 720 2505 dicerent]
750 2457 793 2494 In
814 2455 1012 2505 Campenfi
1033 2456 1105 2501 ita,

139 2514 259 2559 Cayam
286 2510 344 2557 effe
365 2513 403 2558 se
431 2510 573 2544 dicerent
604 2511 643 2544 C.
671 2509 768 2544 Titii.
814 2507 963 2544 Deinde
988 2507 1106 2556 sequi-

139 2573 218 2603 tur,
256 2562 345 2596 Fmit
373 2561 515 2608 epitoma
541 2558 580 2595 de
611 2558 798 2595 nominibus
825 2558 1036 2604 historiarum
1054 2566 1099 2593 Θ·

138 2613 360 2657 exemplorum
390 2614 627 2658 Qmanorum.
679 2609 783 2658 Quid
820 2617 945 2646 autem
975 2620 1019 2644 ex
1046 2609 1101 2646 his

144 2663 265 2710 colligi
297 2661 402 2710 possit
425 2690 437 2704 ‚
481 2659 631 2698 videant
657 2659 769 2697 doffl.
822 2659 919 2696 Mihi
948 2659 1100 2708 quidem

141 2714 292 2762 suspicio
332 2711 499 2749 oboritur
535 2711 700 2748 librarios
739 2710 916 2760 quosdam
959 2717 1102 2747 temere

141 2766 232 2802 haec
252 2763 364 2801 aliter
392 2759 583 2799 distinxisse
611 2762 686 2799 hoc
717 2760 858 2804 modo,
887 2763 926 2797 C.
951 2762 1037 2802 Titii
1053 2762 1102 2808 fi-

139 2818 191 2851 nit
213 2817 379 2862 epitoma,
399 2821 473 2849 wc.
499 2820 609 2862 atque
630 2812 716 2850 inde
734 2812 954 2860 opinionem
975 2819 1100 2849 natam

142 2865 343 2903 C.Titium
365 2863 556 2900 iustiorem
577 2861 646 2899 esse
664 2864 771 2911 hujus
793 2861 1102 2911 epitomes,ficut

139 2928 239 2954 nunc
258 2917 296 2953 in
315 2914 489 2962 impreffis
507 2913 773 2963 exemplaribus
792 2912 970 2960 proditur.
992 2912 1100 2951 Prae—

137 2966 336 3006 fatiuncula
358 2974 507 3010 tamen,
534 2965 620 3003 licet
641 2965 662 3003 a
684 2963 830 3004 diverfis
849 2962 1098 3003 diverfimode

2047 675 2114 704 ΓΟ·

1145 783 1341 825 fabricata,
1369 781 1496 820 nullibi
1517 782 1592 819 hoc
1622 781 1783 826 indicat;
1810 783 1871 820 sed
1901 784 1940 821 in
1966 785 2112 834 quibus.

1145 834 1232 871 dam
1260 833 1468 876 codicibus,
1496 842 1536 870 ut
1554 832 1650 877 dixi,
1673 833 1791 880 Julius
1809 834 1905 871 Paris
1925 835 2111 874 abbrevia-

1145 893 1204 922 tor
1233 885 1364 922 decem
1394 884 1572 920 librorum
1592 883 1729 921 Valerii
1757 886 1993 931 nominatur,
2016 900 2112 937 quo-

1148 947 1228 972 rum
1250 935 1387 973 decimi
1407 935 1573 982 epitome
1595 935 1686 971 haec
1707 935 1754 971 est
1774 935 1819 971 de
1841 937 2037 975 nominum
2059 950 2111 976 ra-

1146 987 1262 1024 tione.
1292 985 1363 1022 Sed
1383 987 1485 1033 cujus
1505 986 1640 1034 quaeso
1663 985 1828 1022 Valerii?
1852 998 1937 1023 nam
1957 988 2002 1025 ad
2025 990 2109 1026 Ma-

1148 1037 1239 1074 ximi
1269 1044 1528 1084 argumentum
1557 1047 1604 1072 ne
1623 1036 1761 1084 punffw
1781 1037 1932 1085 quidem
1956 1050 2031 1075 uno
2051 1051 2110 1076 ac-

1149 1087 1258 1124 cedit.
1312 1089 1441 1135 ltaque
1468 1086 1613 1123 videtur
1642 1087 1762 1134 potius
1784 1085 1854 1123 effe
1876 1087 2020 1125 alterius
2047 1090 2111 1127 ali-

1151 1139 1252 1186 cujus
1278 1139 1430 1180 veteris,
1459 1137 1520 1185 qui
1540 1137 1671 1173 decem
1693 1137 1802 1173 libros
1824 1149 1900 1174 non
1920 1140 2111 1188 exemplo-

1150 1199 1230 1225 rum
1248 1216 1257 1231 ,
1282 1188 1342 1225 scd
1363 1188 1406 1224 de
1428 1188 1573 1235 Lingua
1595 1187 1727 1225 Latina
1748 1187 1901 1235 scripsit,
1932 1201 2026 1237 quos
2045 1191 2112 1236 Ju-

1148 1238 1214 1276 lius
1233 1240 1329 1276 Paris
1358 1239 1395 1275 in
1414 1239 1618 1286 Epitomen
1642 1238 1799 1285 redegit:
1830 1240 1867 1275 Sc
1889 1250 2018 1278 eorum
2044 1243 2109 1278 de-

1151 1290 1238 1326 cimi
1260 1291 1425 1337 epitome
1447 1297 1640 1337 propterea
1663 1288 1683 1325 a
1701 1288 1848 1325 librariis
1868 1290 2005 1328 Valerii
2025 1293 2111 1329 Ma-

1151 1341 1241 1377 ximi
1267 1340 1362 1377 libris
1381 1352 1522 1377 novem
1543 1339 1683 1387 adjecta
1712 1340 1759 1376 est
1780 1340 1987 1387 appendicis
2007 1342 2108 1385 vice,

1151 1392 1235 1440 quia
1264 1391 1422 1428 breviter
1441 1392 1478 1427 ἃ
1495 1389 1676 1427 succinete
1699 1391 1957 1427 Romanorum
1989 1393 2112 1429 nomi—

1147 1453 1237 1479 num
1269 1443 1428 1479 rationes
1456 1441 1636 1488 explicet,
1674 1452 1751 1488 quo
1781 1441 1911 1478 melius
1940 1443 2111 1480 Romana

1148 1493 1287 1530 Valerii
1317 1492 1488 1540 exempla
1509 1489 1653 1540 possent
1681 1490 1831 1538 intelligi
1851 1491 1894 1527 ab
1913 1491 2114 1539 imperato-

1148 1543 1254 1581 ribus.
1307 1545 1398 1591 Quo
1427 1543 1499 1579 fine
1520 1543 1557 1579 &
1579 1542 1644 1578 alia
1675 1541 1732 1578 illa
1755 1543 1920 1588 epitome
1946 1542 1983 1578 in
2006 1543 2121 1580 Carn-

1148 1594 1248 1642 pensi
1268 1593 1361 1630 libro
1382 1593 1460 1641 post
1479 1593 1576 1629 hanc
1594 1592 1764 1640 adjunfia
1787 1592 1835 1628 est
1851 1619 1861 1635 ,
1884 1591 1929 1628 de
1941 1593 2115 1640 Appella-

1149 1645 1308 1681 tionibus
1336 1644 1632 1692 magistratuum,
1668 1644 1704 1679 ὃς
1732 1641 1918 1678 vocabulis
1945 1643 2113 1680 historiae

1152 1697 1359 1732 Romanae.
1411 1694 1506 1742 Quis
1535 1701 1660 1730 autem
1687 1692 1749 1728 hic
1775 1692 1888 1737 Julius
1910 1692 2028 1737 Paris,
2056 1695 2112 1731 fi-

1150 1746 1219 1782 teri
1239 1743 1380 1782 neceffe
1400 1745 1470 1786 est,
1497 1755 1576 1780 non
1595 1742 1757 1791 liquere:
1785 1743 1954 1791 quamvis
1981 1755 2023 1780 ex
2043 1756 2112 1782 no-

1152 1796 1261 1832 minis
1289 1796 1412 1832 forma
1433 1793 1555 1841 colligi
1585 1794 1662 1829 fere
1682 1793 1810 1840 possit,
1833 1792 2003 1830 libertum
2027 1795 2112 1832 fuis-

1150 1846 1186 1882 se
1209 1845 1362 1883 dodtum
1383 1844 1544 1894 aliquem
1565 1843 1698 1881 domus
1718 1843 1853 1889 Juliae‚
1875 1844 2037 1892 qualibus
2057 1847 2108 1883 uti

1149 1896 1267 1934 solent
1292 1896 1565 1944 grammaticis,
1595 1894 1653 1931 vel
1674 1894 1892 1942 paedagogis
1907 1920 1916 1936 ‚
1944 1895 2001 1931 vel
2022 1907 2109 1933 ana-

1150 1948 1300 1995 gnostis.
1345 1947 1397 1984 At
1420 1946 1539 1983 multo
1568 1945 1682 1992 magis
1712 1945 1904 1981 obscurum
1934 1945 2002 1989 est,
2030 1947 2110 1994 quis

1152 1999 1262 2035 fuerit
1291 1998 1334 2034 C.
1365 1997 1489 2035 Titius
1506 1996 1645 2033 Probus
1674 1995 1733 2031 hic
1760 1995 1860 2031 velut
1890 1995 2016 2032 annor
2036 1997 2112 2044 epi-

1153 2056 1275 2085 tomes
1299 2049 1337 2085 in
1362 2048 1544 2096 impreffio
1562 2047 1657 2084 libris
1678 2046 1877 2094 praefixus:
1905 2058 2017 2094 quem
2041 2058 2111 2095 ego

1153 2099 1306 2147 quidern
1328 2100 1365 2135 in
1380 2098 1628 2146 manuscriptis
1650 2097 1830 2134 veteribus
1849 2096 2013 2133 nondum
2033 2109 2115 2145 rep-

1151 2150 1250 2198 peri,
1279 2158 1539 2198 praeterquam
1569 2149 1606 2185 in
1636 2149 1742 2184 unius
1763 2176 1773 2191 ‚
1813 2155 1852 2184 ut
1879 2146 1974 2190 dixi,
2004 2148 2116 2185 Cam-

1151 2200 1269 2248 penfis
1292 2200 1390 2237 calce
1409 2199 1617 2248 adjeftum3
1647 2206 1757 2247 atque
1782 2197 1852 2241 ita,
1881 2206 1919 2234 ut
1941 2199 1985 2235 ad
2001 2198 2114 2246 ipsam

1154 2259 1359 2288 extremam
1391 2250 1588 2298 fragmenti
1616 2248 1708 2285 illius
1736 2248 1955 2285 sententiam
1989 2250 2110 2298 potius

1152 2303 1335 2350 pertinere
1352 2329 1362 2345 ‚
1391 2313 1504 2350 quam
1532 2298 1724 2337 minorem
1746 2300 1821 2347 ejus
1840 2307 1968 2335 notare
1988 2299 2113 2336 videa-

1156 2360 1226 2390 tur.
1279 2353 1375 2390 Nam
1409 2351 1434 2388 si
1455 2351 1684 2400 respiciamus
1706 2348 1751 2386 ad
1778 2349 1981 2386 solemnem
2008 2349 2111 2386 illum

1156 2404 1267 2441 ritum
1289 2403 1499 2451 nuptiarum
1513 2430 1523 2446 ‚
1538 2402 1638 2450 cujus
1657 2400 1706 2437 ibi
1722 2399 1761 2436 fit
1774 2400 1913 2436 mentio
1927 2427 1936 2443 ‚
1950 2401 2109 2448 &quem

1158 2456 1269 2492 etiam
1291 2454 1441 2502 pulchre
1458 2452 1671 2490 Plutarchus
1692 2452 1729 2488 in
1748 2450 2032 2487 problematibus
2050 2461 2109 2485 ex·

1158 2506 1295 2553 ponit3
1343 2503 1514 2553 profecfto
1544 2515 1622 2540 non
1648 2503 1772 2549 inepte
1798 2511 1896 2537 nova
1921 2507 2031 2547 nupta
2063 2511 2110 2536 cx

1161 2568 1267 2594 more
1313 2556 1537 2603 interrogata
1566 2555 1682 2591 semet
1719 2550 1962 2599 sponsumque
2002 2549 2109 2604 suum

1152 2606 1247 2645 bene
1275 2608 1444 2644 ominate
1474 2604 1733 2645 nominando,
1768 2603 1884 2642 Caium
1904 2601 1942 2646 se
1967 2601 2030 2653 effe
2055 2598 2111 2634 di-

1150 2658 1242 2695 cebat
1273 2660 1310 2694 C.
1340 2659 1446 2701 Titii,
1476 2656 1533 2695 vel
1561 2658 1594 2692 C.
1625 2655 1709 2689 Tttii
1729 2650 1847 2693 Probi,
1876 2656 1915 2685 ut
1939 2649 2111 2687 videntur

1152 2706 1312 2747 habuisse
1338 2708 1489 2758 quidam
1527 2705 1672 2743 codices
1696 2731 1705 2746 ‚
1741 2712 1785 2737 ex
1813 2699 1938 2748 quibus
1964 2710 2109 2738 nomen

1152 2759 1309 2797 auctoris
1356 2759 1450 2797 istius
1490 2756 1698 2795 transsatum
1735 2750 1781 2787 est
1828 2749 1872 2786 ad
1908 2751 2109 2796 praefatio-

1154 2822 1240 2848 nem
1271 2810 1370 2848 illam
1409 2809 1577 2858 primam.
1631 2804 1727 2840 Inter
1756 2800 1882 2848 priscas
1913 2801 2009 2836 enim
2041 2813 2107 2837 nu-

1153 2862 1312 2909 ptiarum
1341 2858 1592 2898 caeremonias
1618 2856 1653 2892 δε
1675 2851 1760 2889 illud
1787 2859 1885 2894 erat,
1912 2850 2016 2899 qUOd
2043 2863 2107 2887 au-

1151 2912 1330 2961 spicatum
1356 2911 1574 2952 habebatur,
1600 2903 1769 2954 sponsum
1788 2901 1847 2938 vel
1877 2901 2042 2950 sponsam
2065 2900 2108 2937 ab

1150 2963 1259 3002 initio
1280 2963 1490 3012 nuptiarum
1520 2965 1692 3045 noni-am
1713 2953 1866 3042 ppopffls
1880 2981 1889 2997 ‚
1918 2963 2026 3001 quam
2049 2950 2113 3038 be}

1648 3013 1686 3043 tt
1794 3016 1814 3040 z
2065 3012 2089 3038 n
