2516 3509
409 135 514 192 m:
553 109 1133 192 FRUGALITATE
1171 128 1281 186 ΕΤ
1318 124 1872 184 1N-NocENT1A.
2034 126 2135 180 ιω

401 237 518 283 Eam
551 245 704 281 autem
734 230 890 278 aedem
917 231 969 276 P.
991 228 1209 276 Cornelio
1235 225 1469 284 Lentulo,
1505 224 1554 270 ὃς
1582 224 1656 270 Μ.
1680 221 1851 269 Baebio
1884 220 2140 284 Tamphilo
2157 225 2322 301 ffiirtpiafl·

2155 320 2226 343 κῐν.

2155 357 2242 385 Ann.
2265 351 2335 385 urb.

2155 399 2228 432 562.

2152 463 2334 534 Anu-z‘urb.

1933 536 2138 597 genitus‚
2152 554 2223 582 449.
2245 543 2354 574 Livius

2158 596 2205 617 ix.
2230 584 2318 617 Gen.

2047 622 2064 649 7
2090 615 2138 662 &
2155 636 2202 658 vx.
2230 638 2259 662 9.

2153 671 2289 710 impert.

1163 744 1331 794 emplaris
1350 743 1533 782 scholiolis
1561 739 1614 780 ita
1633 740 1831 781 sanandam
1860 741 2039 786 arbitror,
2067 743 2134 791 lpse
2145 710 2324 791 {⁶¹12an

1161 795 1441 846 dedicavit,quia
1458 805 1555 844 pater
1575 804 1698 843 compos
1717 797 1790 830 ‘voti
1806 795 1932 840 fastus.
1954 794 2011 830 Sic
2032 795 2132 831 enim
2153 794 2279 834 onuph·
2311 791 2351 823 Ἆῤ·

1164 847 1315 883 Livius:
1353 850 1452 895 Quae
1467 847 1578 893 prima
1606 848 1749 880 omnium
1781 847 1817 880 in
1837 846 1940 880 Italia
1961 848 2003 892 est
2017 847 2136 892 statua
2152 834 2229 867 fast·
2243 845 2271 876 P·
2284 845 2347 873 45-

132 239 334 289 Pietatis.

132 336 249 366 coss.
270 316 360 383 ipse
394 322 416 355 4
433 314 743 372 dedicaverat,
777 326 969 375 compos
988 309 1089 358 voti
1111 306 1278 366 faetus,
1311 320 1418 370 rege
1441 302 1680 349 Antiocho
1700 301 1821 364 apud
1842 300 2140 367 Thermopy-

133 394 196 441 las
229 393 451 458 superato.

201 472 463 534 ⁵?Jus'civile
483 487 563 536 per
581 470 724 517 multa
744 467 913 516 faecula
932 468 1046 515 inter
1066 465 1183 512 saera
1200 458 1579 522 caerimoniasque
1599 456 1791 503 deorum
1808 457 2136 506 immortalium

133 545 365 607 abditum,
397 545 584 610 solisque
611 543 910 608 pontifici-bus
940 554 1131 599 notum,
1167 537 1185 565 ⁶
1210 537 1301 583 Cn.
1331 535 1511 583 Flavius
1543 530 1760 579 libertino
1787 545 1913 593 patre

134 756 188 800 ri,
215 754 251 793 id
272 756 319 794 est
333 784 344 800 ,
371 754 540 793 tenuibus
557 750 709 791 hrasten
736 752 814 790 auri
834 749 960 788 induci
979 748 1109 785 statuas

138 807 188 844 ait
201 820 208 844 :
221 806 461 856 ejusdemque
481 805 690 843 Glabrionis
703 831 713 847 ‚
726 804 828 852 cujus
847 800 968 838 noster
981 826 991 842 ‚
1004 810 1110 835 men-

136 858 282 894 tionem
303 858 401 895 facit.
449 856 579 894 ‘Verba
598 856 674 903 ejus
700 853 801 889 sunt:
832 854 883 887 Ex
900 847 1111 897 bis'quidam

134 911 328 945 aeternitati
335 918 396 958 per
408 911 541 955 stamas
557 901 818 953 J‘ecommendari
834 899 920 948 posse
935 901 1112 944 aestiman-

128 971 183 995 -res
198 985 208 1003 ,
235 974 289 995 eas
308 957 459 994 ardenter
480 954 642 1006 aff'efflant
657 982 666 997 ‚
693 964 794 1001 atque
811 964 892 986 auro
912 959 1028 984 currant
1048 951 1111 982 im-

132 1009 316 1046 braama:
343 1006 431 1058 quod
451 1009 577 1047 <Acilio
603 1003 778 1042 Glabrioni
805 999 952 1035 delatum
978 1001 1021 1044 est
1038 999 1112 1046 pri-

135 1075 197 1097 mo.
251 1058 363 1106 Apud
380 1057 551 1095 Plautum
573 1053 720 1092 Curcul.
742 1051 825 1089 Adi.
849 1063 881 1100 3.
908 1048 1011 1098 quod
1032 1049 1112 1096 Ly-

137 1121 183 1147 co
204 1109 249 1146 de
269 1108 435 1158 quodam
449 1135 458 1151 ,
486 1107 550 1156 qui
560 1109 710 1154 statuam
731 1100 874 1151 solidam
898 1115 939 1135 ex
958 1114 1039 1136 auro
1051 1101 1112 1145 fa-

132 1158 283 1196 ciundam
309 1157 388 1194 dare
410 1159 579 1200 noluerit,
605 1156 763 1204 loquens
791 1152 1002 1194 inducitur,
1029 1162 1112 1198 per-

131 1211 244 1247 sonae
260 1209 412 1246 servitur
424 1224 435 1253 ;
447 1215 711 1257 praetereaque
729 1204 776 1241 ad
794 1202 903 1239 aliam
923 1201 1010 1237 illud
1020 1212 1111 1249 gen-

131 1268 211 1298 tem
241 1260 412 1308 pertinet.
466 1260 522 1296 Ex
548 1269 640 1295 auro
660 1255 777 1293 solido
797 1254 932 1291 statuae
951 1253 1110 1300 impera-

131 1313 207 1348 tori
226 1311 451 1348 Domitiano
481 1311 518 1347 ὅ(
536 1309 611 1345 aliis
638 1306 777 1356 positae
800 1306 977 1346 fuerunt,
1005 1311 1046 1340 ut
1066 1315 1110 1340 ex

137 1361 320 1399 Suetonio
339 1368 486 1398 notum.
538 1360 601 1396 An
619 1370 712 1396 vero
741 1359 779 1394 ὅ(
797 1363 881 1393 ante
904 1355 1112 1403 Imperato-

135 1423 192 1449 res
220 1412 337 1449 saetae
355 1412 443 1449 tales
471 1411 631 1454 fuerint,
659 1419 737 1446 non
762 1407 889 1456 liquet.
918 1405 1113 1444 VORST.

138 1462 198 1500 Sic
208 1466 342 1510 statuae
363 1478 404 1499 ex
424 1477 503 1498 auro
518 1460 624 1510 solido
643 1470 796 1495 auratam
810 1457 967 1506 opponit
986 1456 1114 1494 diserte

139 1514 261 1551 noster
287 1515 333 1550 L.
351 1526 438 1550 VIII.
463 1527 520 1561 15.
541 1524 575 1548 2.
598 1519 669 1548 ext.
698 1512 844 1559 Gorgiae
861 1510 1021 1544 Leontino
1040 1511 1117 1543 uni-

135 1567 232 1612 verfiz
252 1567 391 1600 Graecia
411 1567 445 1599 in
465 1564 581 1612 templo
601 1561 749 1611 Delphici·
768 1561 955 1608 „Apollinis
967 1562 1115 1605 statuam

123 1613 234 1663 stlido
255 1630 297 1651 ex
317 1631 400 1651 auro
413 1617 524 1664 pofhit
538 1642 548 1658 ,
583 1627 653 1648 cum
674 1623 848 1648 ceterorum
869 1608 966 1646 adid
990 1621 1115 1659 tempus

133 1677 274 1702 auratas
303 1666 490 1714 collocasset.
543 1664 605 1702 Ad
632 1677 750 1700 aureas
780 1673 872 1698 Vero
901 1661 1113 1699 Domitiani

127 1720 263 1765 statuas
284 1716 410 1754 alludit
429 1717 540 1753 etiam
564 1715 650 1752 Stat.
670 1715 762 1750 L.v.
780 1712 866 1749 Silv.
889 1725 918 1748 1.
942 1711 1022 1748 188.
1052 1712 1112 1751 ubi

132 1766 287 1805 Priscilla
316 1768 479 1806 moriens
498 1765 764 1804 Abascantium
791 1762 967 1801 maritum
989 1762 1038 1801 ita
1060 1763 1111 1801 al-

133 1818 321 1869 loquitur:

391 1893 517 1934 IVunc,
542 1887 632 1939 quod
651 1888 739 1937 cupis
762 1887 825 1935 il'ft'
842 1883 973 1933 juberi,

181 1944 245 1978 Da
271 1943 470 1991 Capitolinis
491 1952 657 1977 aeternum
669 1936 800 1987 sedibus
818 1950 935 1972 aurum
951 1963 961 1979 ,

182 1996 259 2042 Qo
278 1996 386 2029 niteat
398 1993 487 2041 sacri
509 2003 636 2028 centeno
652 1987 790 2040 pondere
805 1988 921 2024 vultus

181 2046 354 2091 Caesaris,
381 2052 426 2079 &⁴
443 2045 596 2093 propriae
628 2053 719 2092 ignet
738 2040 882 2076 cultricis
899 2050 1053 2074 amorem.

184 2130 219 2155 2.
248 2120 356 2167 Qum
376 2118 397 2156 ιὶ
418 2124 479 2157 M.
500 2122 629 2161 Acilio
652 2118 834 2156 Glabrione
852 2117 1006 2166 equestris
1022 2116 1115 2163 patri

130 2170 323 2218 poneretur]
345 2171 477 2219 Ultraj.
499 2171 567 2207 sec,
589 2179 746 2219 uterque
765 2168 867 2205 Barb.
881 2165 983 2204 Harl.
1004 2165 1110 2202 Leid.

134 2220 203 2258 sec.
218 2220 387 2257 Perizon.
407 2222 445 2258 ὅς
465 2221 597 2268 Copes.
625 2222 786 2271 Equestri.
813 2217 909 2254 Uitr.
934 2217 1044 2264 prim.
1066 2218 1111 2251 E-

133 2273 272 2321 questris
295 2268 429 2306 ordinis.
457 2270 562 2320 quod
581 2282 626 2307 ex
647 2269 759 2318 glosia
780 2276 929 2307 ortum;
959 2265 985 2300 fi
1005 2266 1106 2301 enim

136 2322 235 2359 re6³te
253 2321 285 2357 se
304 2321 414 2357 habet
433 2321 469 2355 τέ
488 2322 624 2370 equestri
636 2347 646 2363 ,
673 2321 723 2356 ita
743 2318 809 2354 erit
832 2314 1106 2363 explicandum,

1162 907 1306 939 aurata,
1328 898 1421 944 patri
1445 894 1621 930 Glabrioni
1637 897 1758 943 posuit.
1813 894 1845 931 Is
1867 902 1944 931 erat
1970 896 2034 944 qui
2055 906 2138 933 eam

1164 953 1321 982 voverat
1335 973 1344 988 ,
1357 956 1434 994 quo
1454 944 1513 981 die
1533 955 1618 981 cum
1640 956 1725 992 rege
1748 944 1941 981 Antiocho
1962 946 2007 982 ad
2018 945 2142 983 Ther-

1165 995 1334 1044 mopylas
1354 993 1554 1044 pugnasset.
1581 994 1721 1032 PIGH.
1773 997 1855 1031 Eam
1872 993 1981 1031 aedem
2001 998 2064 1045 ipse
2085 995 2142 1032 de-

1162 1044 1312 1089 dica-vit,
1338 1055 1461 1095 compos
1480 1049 1554 1082 νοεὶ
1570 1046 1694 1091 saisias.
1724 1046 1778 1082 Ita
1797 1046 2022 1094 antiquiores
2046 1048 2142 1095 typis

1164 1097 1325 1145 expreffi.
1396 1097 1480 1134 Nec
1506 1095 1610 1133 aliter
1648 1096 1827 1133 Brandeb.
1855 1096 1960 1133 MSS.
1994 1096 2140 1145 Pighius

1163 1147 1300 1197 aliquid
1329 1145 1447 1184 deesse
1476 1154 1592 1191 ratus,
1620 1146 1706 1184 duas
1736 1159 1848 1185 voces
1866 1146 2022 1196 adjecit,
2051 1147 2139 1197 legi-

1164 1210 1237 1248 que
1255 1198 1395 1242 voluit,
1423 1201 1504 1248 quia
1516 1208 1612 1247 pater
1630 1202 1707 1234 *voti
1725 1208 1846 1247 compos
1871 1198 2004 1245 saffris:
2033 1199 2136 1247 quod

1162 1258 1330 1297 putaret,
1358 1261 1437 1286 non
1458 1248 1617 1285 eundem
1640 1246 1732 1292 esse,
1751 1250 1816 1298 qui
1835 1249 1967 1286 aedem
1989 1248 2134 1288 dedica-

1163 1301 1248 1345 vit,
1287 1302 1325 1338 ὅ(
1355 1300 1418 1348 qui
1445 1300 1614 1347 superato
1642 1300 1836 1337 Antiocho
1867 1300 1947 1336 voti
1978 1311 2134 1349 compos

1164 1351 1279 1388 faCtus
1309 1351 1400 1394 fuit;
1427 1349 1540 1399 idque
1563 1361 1608 1386 ex
1625 1351 1742 1387 Livio
1764 1351 1802 1387 ὃς
1830 1349 2011 1387 scholiolis
2032 1352 2135 1388 codi-

1163 1403 1212 1438 cis
1240 1402 1374 1450 Camp.
1406 1401 1580 1449 colligere
1609 1400 1643 1438 se
1673 1398 1785 1450 poffe.
1856 1401 2001 1437 Verum
2031 1402 2137 1440 verba

1162 1453 1267 1490 Livii
1294 1465 1338 1489 ex
1361 1453 1491 1501 quibus
1511 1451 1549 1488 id
1569 1450 1674 1500 quod
1694 1451 1767 1488 dixi
1789 1448 1962 1499 colligere
1984 1451 2018 1487 se
2037 1451 2138 1499 poffe

1166 1504 1340 1547 credidit,
1375 1504 1488 1551 longe
1517 1501 1614 1539 aliud
1642 1501 1705 1540 fibi
1734 1500 1866 1539 volunt
1877 1516 1887 1545 ;
1918 1502 1956 1538 ὃ(
1987 1502 2136 1551 quidem

1163 1555 1280 1603 ipsum
1307 1553 1396 1592 illud
1422 1553 1526 1604 quod
1557 1552 1675 1590 noster
1702 1552 1832 1589 scribit.
1894 1551 1986 1589 Sunt
2014 1561 2140 1592 autem

1166 1618 1226 1650 XL,
1251 1618 1306 1655 34.
1333 1606 1416 1642 ista:
1447 1607 1528 1641 Eam
1552 1602 1661 1640 aedem
1689 1603 1858 1650 (Pietatis
1876 1603 1985 1651 puta)
2012 1602 2141 1640 dedisa-

1164 1660 1220 1693 vit
1238 1661 1298 1693 M.
1319 1658 1469 1695 Acilius
1493 1655 1633 1692 Glabrio
1653 1653 1830 1690 duumvir:
1850 1658 2143 1703 statuamqueau-

1161 1719 1271 1744 ratam
1286 1736 1296 1752 ‚
1324 1721 1409 1756 quae
1423 1709 1532 1755 prima
1550 1709 1690 1742 omnium
1715 1708 1751 1741 in
1773 1706 1875 1740 Italia
1885 1708 2000 1753 statua
2019 1718 2142 1743 aurata

1161 1762 1226 1806 est,
1250 1761 1344 1807 patri
1366 1757 1541 1793 Glabrioni
1556 1759 1675 1807 posuit.
1730 1758 1763 1791 Is
1786 1768 1881 1800 erat,
1905 1759 1962 1805 qui
1984 1758 2048 1805 ipse
2070 1773 2139 1793 eam

1160 1808 1271 1845 aedem
1301 1820 1443 1844 ‘voverat
1466 1836 1477 1852 ‚
1511 1822 1574 1858 quo
1605 1807 1657 1844 die
1684 1821 1753 1842 cum
1782 1821 1854 1857 rege
1884 1807 2066 1844 Antiocho
2095 1808 2139 1844 ad

1160 1861 1395 1909 Thermopylas
1415 1859 1642 1909 depugizaff‘e’t,
1664 1860 1894 1907 locaveratque
1915 1855 1997 1893 idem
2016 1873 2056 1894 ex
2072 1863 2138 1896 SC.

1164 1911 1268 1949 idem
1296 1923 1386 1959 ergo
1417 1912 1472 1948 M.
1494 1910 1634 1947 Acilius
1657 1908 1808 1946 Glabrio
1840 1907 1973 1945 aedem
1991 1909 2139 1948 Pietatis

1159 1963 1204 2000 ¹&
1223 1964 1351 2006 vovit,
1376 1963 1416 2000 ὃ(
1437 1962 1515 1999 voti
1534 1961 1726 1998 damnatus
1755 1958 2007 1996 exstruendam
2038 1959 2139 1997 loca—

1165 2014 1242 2059 vit,
1264 2015 1302 2051 &
1323 2012 1484 2062 denique
1506 2010 1722 2049 exstruffi‘tam
1744 2010 1928 2047 dedicavit
1939 2024 1952 2051 ·;
1967 2021 2050 2047 cum
2077 2023 2139 2048 ae-

1165 2064 1226 2102 des
1248 2063 1431 2115 quaedam
1452 2062 1518 2100 alia
1532 2092 1542 2107 ,
1570 2063 1672 2111 cujus
1702 2060 1838 2098 eodem
1858 2061 1949 2098 loco
1977 2063 2139 2099 mentio-

1166 2127 1253 2153 nem
1289 2115 1375 2152 facit
1404 2115 1556 2157 Livius,
1583 2114 1627 2151 ab
1656 2112 1728 2150 alio
1747 2110 1915 2148 dedicata
1937 2112 2068 2156 fuerit,
2097 2121 2137 2150 ut

1162 2166 1264 2203 idem
1288 2165 1423 2203 ibidem
1453 2165 1581 2201 scribit.
1633 2162 1805 2201 Eundem
1836 2174 1999 2199 errorem
2021 2174 2133 2211 quem

1162 2217 1309 2264 Pighius
1333 2244 1343 2259 ,
1381 2223 1564 2252 erraverat
1592 2216 1629 2252 ὃ(
1658 2213 1865 2251 Oliverius:
1895 2214 1996 2260 cujus
2024 2214 2135 2251 verba

1160 2266 1373 2303 selestarum
1395 2266 1583 2302 Notarum
1603 2265 1747 2300 suarum
1768 2272 1908 2311 partem
1927 2264 2015 2299 fecit
2027 2265 2135 2313 Thy-

1157 2315 1238 2352 fius.
1266 2315 1459 2353 VORST.
1516 2316 1585 2363 Ipfi’
1610 2310 1799 2358 dedicavit,
1826 2316 1906 2363 quia
1932 2324 2031 2363 pater
2050 2330 2129 2350 com-

132 2371 237 2409 adlmc
257 2374 365 2421 equite
396 2375 421 2411 1<
433 2385 570 2415 emano,
602 2371 710 2407 ut'in
737 2367 901 2414 margine
932 2366 1028 2402 hanc
1060 2365 1108 2402 Ob
1153 2375 1213 2415 p05
1230 2369 1304 2403 voti
1319 2365 1451 2414 saisitis]
1481 2366 1563 2402 MS.
1591 2367 1657 2414 Ipse
1677 2362 1887 2401 dedicaverat
1915 2375 2037 2413 sompes
2058 2378 2129 2401 von>

134 2422 294 2461 caussam
322 2423 439 2470 ipsum
478 2422 575 2458 forte
615 2421 664 2457 ita
695 2420 715 2457 a
743 2417 897 2455 Valerio
928 2423 1107 2453 vocatum
1162 2418 1233 2454 ἃς.
1262 2417 1397 2454 omissis
1418 2429 1514 2465 quae
1531 2415 1722 2464 interjecta
1742 2414 1863 2452 sunta
1884 2416 2036 2463 Pighio3
2065 2417 2125 2463 qui

134 2473 239 2511 fuiffe
272 2473 483 2510 Perizonius
508 2480 715 2509 notaverat.
751 2468 859 2505 MSS.
888 2468 1020 2515 partim
1051 2469 1107 2504 M.

131 2528 261 2566 ‘Atilio
275 2553 284 2568 ‚
305 2525 437 2572 partim
457 2526 517 2559 M.
530 2523 684 2565 2Attilio.
713 2521 809 2559 Item
823 2519 990 2563 Gabione,
1021 2520 1108 2555 Gla-

129 2577 241 2620 bione,
272 2574 483 2611 Calabriam.

185 2639 218 2676 3.
247 2629 288 2662 In·
302 2624 380 2662 aede
394 2622 552 2675 pietatis]
582 2623 652 2660 Sex
672 2621 778 2659 MSS.
800 2624 836 2659 in
864 2621 985 2658 aedem.
1030 2622 1110 2658 De-

132 2678 220 2716 inde
240 2677 382 2726 aliquot
400 2680 441 2713 P.
465 2677 613 2714 Cornelio
634 2675 773 2710 Lentulo
787 2701 797 2717 ‚
821 2672 1108 2716 M.Bael2i0,de-
1135 2676 1138 2678 '

132 2729 205 2767 leta
215 2727 347 2776 copula
362 2756 371 2772 ,
383 2736 425 2765 ut
446 2728 492 2764 est
503 2733 679 2776 perpetua
689 2725 726 2761 in
743 2724 955 2762 nominibus
975 2724 1106 2761 consu—

132 2780 211 2817 lum
232 2778 425 2816 efferendis
445 2779 536 2816 haec
556 2775 721 2814 varietas.
756 2776 828 2812 Pro
847 2775 1023 2824 Tamphilo
1042 2775 1105 2812 de-

134 2843 212 2867 nuo
228 2830 289 2867 hic
307 2830 473 2879 plerique
492 2828 662 2877 Pamphilo
685 2833 747 2864 aut
766 2826 952 2876 Pamphilio
967 2855 977 2871 ,
1006 2828 1104 2876 prius

130 2891 260 2920 tamen
276 2880 411 2917 habent
428 2880 540 2928 longe
559 2879 688 2928 plures.

181 2946 214 2979 4.
243 2933 308 2979 lpse
326 2930 536 2968 dedica-verat
550 2940 673 2978 compos
693 2929 766 2964 voti
786 2926 915 2976 sallus]
946 2928 1022 2965 Hic
1041 2928 1105 2965 de-

132 2995 212 3020 nuo
240 2983 384 3030 plagam
409 2982 539 3020 inflixit
555 2980 710 3019 Valerio
738 2978 967 3016 librariorum
997 2980 1105 3028 igno-

123 3035 245 3073 santia
259 3063 269 3080 ,
297 3044 409 3085 quain
430 3045 474 3072 ex
495 3033 607 3073 Livio
622 3060 633 3079 ‚
660 3039 772 3081 atque
795 3028 1011 3079 Campensis
1041 3042 1107 3068 ex-

542 3154 550 3171 *
574 3156 578 3157 .

1160 2468 1319 2505 necdum
1338 2468 1525 2505 historiam
1545 2466 1642 2503 reete
1675 2466 1868 2509 emendat,
1897 2479 2016 2515 neque
2037 2477 2124 2501 con-

1159 2520 1310 2556 trarium
1340 2527 1440 2567 patet
1465 2530 1508 2555 ex
1532 2517 1669 2560 Livio,
1698 2525 1739 2554 ut
1764 2516 1842 2553 vult
1861 2517 2040 2554 Vorstius:
2068 2527 2123 2552 rc·-

1160 2582 1246 2607 vera
1276 2571 1374 2607 enim
1396 2570 1494 2618 filius
1525 2568 1707 2606 dedicavit
1733 2567 1842 2604 aedem
1860 2580 1971 2603 votam
1993 2565 2011 2601 22
2031 2575 2124 2612 patre

1157 2621 1449 2669 voticompote
1478 2620 1577 2657 faelo
1599 2619 1695 2656 bello
1718 2619 1966 2656 Antiocheno.
2021 2616 2119 2653 Nihil

1156 2679 1284 2709 tamen
1302 2673 1362 2709 hic
1382 2671 1602 2709 mutandum
1622 2669 1733 2707 credo
1746 2698 1755 2713 ‚
1783 2671 1820 2706 ὃς
1841 2666 1907 2704 effe
1924 2668 1996 2703 hoc
2016 2666 2123 2713 »inaf-

1158 2739 1247 2762 τκμοι
1269 2725 1452 2763 μνηαοινικᾰν
1470 2722 1577 2771 ipfius
1602 2721 1782 2761 historici,
1810 2719 1871 2765 qui
1891 2717 1988 2753 Livii
2014 2718 2123 2754 verba

1158 2773 1333 2812 nonsatis
1366 2781 1505 2811 attente
1529 2773 1629 2820 legit.
1666 2772 1691 2806 P
1706 2771 1736 2806 E
1750 2771 1781 2806 R
1794 2769 1807 2804 Ι
1821 2769 1850 2805 Z
1863 2770 1897 2805 O
1910 2768 1957 2804 N.
2012 2768 2121 2806 Certe

1157 2826 1392 2873 aspernantur
1424 2837 1556 2862 omnes
1587 2821 1691 2858 MSS.
1729 2818 2029 2856 emendationem
2067 2819 2125 2855 Pi-

1156 2877 1342 2924 ghianam.
1366 2873 1674 2921 Leid.sec.quint.
1694 2870 1874 2918 sext.sept.
1895 2870 2007 2906 Periz.
2028 2876 2124 2904 uter<-

1157 2938 1229 2976 que
1243 2926 1515 2974 Ult1··.ij.Copes.
1532 2922 1749 2963 dedicaverat.
1779 2921 1838 2958 De
1862 2933 1937 2968 quo
1958 2918 2044 2955 nihil
2064 2919 2124 2955 hie

1156 2985 1327 3015 notatum
1342 2978 1493 3014 invenio
1507 2978 1542 3012 in
1555 2976 1643 3012 Exn
1657 2972 1756 3009 Gud.
1768 2971 1836 3024 sed*
1846 2971 1978 3007 habent
1994 2981 2125 3007 omnes

1156 3028 1357 3068 anteriores
1380 3027 1584 3071 editiones,
1612 3026 1649 3063 8<
1668 3032 1760 3087 pujo
1782 3021 1851 3060 esic
1872 3021 2013 3058 metius.

1693 3075 1727 3110 λ
2003 3085 2033 3119 5.
2062 3071 2132 3117 ᾔτεε
