2516 3509
276 260 309 294 4

179 303 262 331 Amn.
277 302 313 329 U.

182 352 250 376 359.
267 341 330 369 Liv.
343 347 369 367 v.

179 384 259 414 Plut.
274 383 335 410 Ca-

181 424 284 455 millo.

185 788 274 822 LaCt.
291 767 367 820 inst.

398 147 465 219 35

691 125 1098 190 VALE-RH
1171 120 1544 178 MAXIMr
1593 120 1720 177 Lm.
1758 117 1798 174 I.
1857 116 2002 173 (ΞΑ-Ρ.
2038 115 2083 170 1.

460 247 514 292 In
535 253 667 304 quam
694 249 750 281 ne
779 229 998 277 incideret
1034 234 1074 264 4⁷
1094 225 1427 286 Timasitheus,
1463 226 1832 291 Liparitanorum
1862 224 2097 288 princeps,
2133 221 2175 259 48
2199 219 2389 269 confi-lio

394 327 473 374 fibi
496 321 685 385 pariter,
719 327 854 377 atque
884 307 1112 358 universae
1141 309 1334 373 patriae,
1371 307 1473 354 utili
1502 308 1704 371 providit
1733 305 1959 369 exemplo.
2028 305 2239 367 Excepta
2264 316 2390 348 nam-

393 417 480 465 que
498 401 543 443 in
561 395 678 442 freto
702 392 728 439 23.
745 390 921 439 civibus
942 388 1026 436 suis
1044 385 1618 451 piraticam.exercentibus
1642 387 1797 449 magni
1830 384 2038 448 ponderis
2075 389 2117 419 49
2138 397 2268 428 aurea
2294 396 2392 426 cra-

396 496 514 539 tera,
549 477 830 536 incitatoque
850 471 904 518 ad
926 486 1022 516 eam
1041 467 1319 533 partiendam
1351 465 1552 529 popuIO,
1586 479 1640 511 ut
1669 466 1896 529 comperit
1928 465 1953 511 Σῑ
1972 463 2195 511 Romanis
2220 460 2393 524 Pythio

398 557 604 625 Apollini
624 554 901 602 decimarum
922 551 1107 597 nomine
1127 548 1349 605 dicatam,
1389 553 1428 583 50
1447 543 1652 590 manibus
1682 545 2041 597 venundantium
2068 556 2269 606 ereptam
2288 542 2394 588 Deo

452 638 608 703 elphos
642 632 950 699 perferendam
985 629 1173 676 curavit.

471 724 505 754 5¹
537 712 717 763 Milesia
737 712 899 767 Ceres,
935 708 1107 754 Mileto
1133 705 1188 752 ab
1215 703 1477 750 Alexandro
1506 714 1666 764 capta,
1700 700 1865 749 milites
1889 702 1968 764 qui
1996 701 2221 765 templum
2240 698 2399 764 spolia-

400 797 490 845 turi
512 796 802 856 irruperant,
825 787 1007 833 flamma
1027 783 1206 847 objecta
1225 780 1420 846 privavit
1441 780 1615 828 oculis„

404 1018 468 1053 qne
485 1002 592 1039 morbo
611 999 862 1049 intabescentem
880 995 1096 1045 interemiffe3
1127 992 1188 1043 sed
1208 994 1244 1030 in
1255 995 1316 1042 fito
1336 995 1382 1029 Ie-

408 1057 495 1092 c'iulo
525 1068 595 1090 eum
631 1064 792 1089 mortuum
819 1049 931 1097 fuisse.
981 1048 1033 1084 At
1062 1046 1230 1083 Valerius
1255 1045 1380 1082 saltem

410 1114 603 1144 mortuum
639 1113 801 1152 poenam
839 1095 1049 1148 pependisse
1080 1097 1228 1139 scribit;
1266 1098 1304 1133 δε
1334 1107 1381 1132 eo

410 1156 564 1206 quidem
584 1153 686 1203 quod
707 1152 797 1189 filius
825 1162 941 1198 regno
961 1156 1089 1184 exutus
1110 1158 1174 1195 per
1192 1147 1382 1182 summum

407 1207 566 1245 dedecus
594 1204 765 1241 Corinthi
793 1201 893 1239 vixit.
948 1198 1019 1236 Sed
1044 1199 1119 1234 hoc
1144 1196 1300 1245 amplius
1318 1196 1383 1242 Ju-

406 1258 515 1295 ssinus
552 1258 588 1293 in
624 1255 683 1292 lib.
711 1266 769 1291 xx.
806 1251 945 1290 insidiis-
965 1250 1115 1286 suorum
1143 1246 1382 1285 interfectum

403 1309 534 1346 scribit.
589 1306 705 1355 Quod
733 1304 757 1340 fi
784 1304 832 1341 ita
860 1301 1000 1340 facium
1027 1297 1181 1337 sciviffet
1200 1298 1383 1342 Valerius,

407 1359 482 1396 sine
511 1358 623 1396 dubio
653 1359 690 1394 ὅ(
717 1356 790 1404 ipse
818 1349 1158 1392 commemorasset.
1186 1350 1383 1387 VORST.

459 1411 517 1456 46.
555 1407 763 1444 Tarditatem
789 1406 947 1454 supplicii
966 1404 1145 1454 gravitate
1172 1400 1381 1450 compensat]

345 1495 347 1497 .
410 1462 581 1510 Uterque
618 1459 700 1495 cod.
739 1456 918 1494 Brandeb.
953 1466 1021 1503 pro
1057 1451 1268 1502 composito
1303 1466 1386 1487 com-

348 1546 351 1551 ,
404 1514 521 1562 pensat
551 1507 845 1556 habet'simplex
877 1509 1022 1555 pensat:
1067 1517 1144 1554 quo
1171 1502 1320 1540 subinde
1348 1504 1385 1540 δε

411 1562 495 1600 alias
516 1561 594 1599 usus
621 1560 740 1597 noster
769 1556 1053 1607 deprehenditur
1080 1563 1122 1592 ut
1145 1554 1247 1602 supra
1276 1554 1320 1590 L.
1353 1567 1382 1590 1.

416 1627 445 1651 1.
470 1626 522 1659 14
552 1612 596 1648 L.
622 1625 651 1649 1.
672 1611 704 1646 6.
734 1610 818 1646 Exr.
838 1621 871 1646 2.
899 1606 1093 1644 VORST.
1122 1606 1282 1642 Videtur
1301 1605 1386 1641 imi-

409 1665 479 1701 tari
507 1664 731 1699 Ciceronem
758 1661 795 1697 in
824 1661 927 1697 Orat.
949 1658 991 1695 C.
1011 1670 1068 1694 21.
1091 1656 1136 1694 de
1165 1656 1384 1705 Spondaeo:

409 1717 609 1755 paucitatem
639 1715 724 1748 enim
757 1710 877 1756 pedum
900 1709 1079 1746 tarditatis
1101 1713 1185 1755 suae
1206 1710 1386 1758 gravitate

406 1758 604 1815 't-ompeazsat.
634 1762 847 1800 GUDIUS.
898 1760 1009 1797 Multi
1039 1759 1144 1795 MSS.
1172 1759 1385 1806 praeferunt

411 1816 564 1865 ‚simplex
590 1817 705 1863 pensat
725 1841 736 1856 ,
771 1825 848 1863 quo
875 1813 979 1859 saepe
1006 1809 1088 1846 alibi
1115 1809 1226 1847 utitur
1252 1809 1383 1847 noster.

410 1880 479 1917 pro
507 1864 651 1916 rependit
674 1865 753 1902 sunt
780 1864 844 1913 qui
870 1862 1008 1899 habent
1029 1859 1196 1909 pependit.

461 1930 520 1965 47.
548 1915 782 1964 Timafitbeus]
815 1915 869 1952 Ita
894 1911 1125 1950 scribendum
1155 1909 1225 1948 effe
1243 1922 1386 1948 nomen

411 1969 503 2006 istud
516 1997 525 2012 ‚
543 1979 620 2005 non
633 1996 643 2011 ‚
663 1975 703 2003 ut
720 1966 867 2015 Pighius
888 1963 1281 2011 edidit,Tbymafitbeus
1304 1974 1390 1999 mo·

415 2028 479 2057 net
499 2017 708 2067 Rutgerfius
726 2018 763 2054 in
782 2018 870 2053 Var.
891 2015 995 2052 Leo.
1023 2026 1057 2062 p.
1082 2026 1164 2062 593.
1203 2013 1260 2050 Sic
1287 2014 1388 2050 enim

420 2073 457 2108 ὃς
484 2070 580 2119 apud
611 2069 763 2106 Livium
784 2070 820 2105 ἃ
840 2065 937 2116 apud
952 2065 1188 2102 Plutarchum
1215 2064 1389 2112 scriptum

419 2121 577 2170 reperiri.
630 2120 759 2156 Livius
779 2118 878 2155 enim
906 2126 987 2154 tum
1007 2115 1185 2164 temporis
1213 2117 1248 2151 in
1260 2118 1390 2164 summo

415 2175 615 2223 magistratu
628 2169 727 2216 fuisse
746 2169 863 2206 scribit
884 2168 1047 2217 Romanis
1059 2167 1390 2216 fimiliorem‚quam

409 2227 498 2272 suis.
525 2221 718 2260 VORST.
747 2220 894 2258 Eodem
915 2218 1034 2256 modo
1053 2217 1216 2255 scribitur
1230 2218 1304 2254 hoc
1323 2230 1393 2254 no-

421 2286 511 2311 men
534 2274 645 2310 etiam
663 2271 761 2320 apud
779 2271 893 2309 Diod.
917 2270 1023 2307 Sicul.
1046 2268 1128 2305 Lib.
1148 2280 1232 2305 xrv.
1251 2281 1285 2316 p.
1310 2280 1394 2317 307.

420 2325 484 2362 ubi
508 2331 663 2361 vocatur
688 2325 748 2359 τῶν
778 2320 972 2371 Λιπαρᾳῖιων
1006 2318 1172 2369 ςρριτκγᾶς
1207 2318 1311 2355 Med.
1330 2319 1399 2355 sec.

424 2376 520 2413 bene
537 2375 709 2423 scriptum
738 2384 881 2409 nomen
901 2371 1029 2414 effert,
1069 2381 1154 2406 cum
1182 2369 1268 2417 sept.
1290 2368 1398 2405 Leid.

427 2428 467 2464 ἃ
483 2427 598 2463 Periz.
620 2423 728 2460 Leid.
752 2423 822 2460 sex.
851 2435 937 2459 curn
957 2421 1089 2468 Ultraj.
1115 2420 1184 2457 sec,
1199 2419 1399 2457 haud'lon»

423 2489 469 2525 ge
489 2476 637 2514 discedit
658 2474 832 2511 exhibens
850 2471 1126 2518 Tlvimaseitlaeus.

474 2528 533 2574 48.
562 2526 706 2573 Confilio
717 2524 786 2571 fibi
802 2521 921 2571 aliter]
945 2523 1099 2562 Pariter,
1113 2519 1244 2556 melius
1263 2522 1301 2556 in
1322 2532 1401 2557 ma-

428 2578 628 2626 nuscriptis.
656 2576 700 2613 In
719 2575 791 2612 fine
812 2573 974 2623 ejusdem
997 2571 1157 2619 exempli
1178 2570 1405 2614 verbahaec‚

431 2628 583 2665 manibus
602 2625 867 2663 venundantium
881 2634 1030 2673 ereptam
1043 2653 1051 2667 ,
1082 2622 1119 2658 in
1137 2620 1291 2669 vulgatis
1313 2620 1408 2657 libris

436 2680 684 2717 desiderantur
703 2706 714 2722 ‚
749 2688 844 2726 quae
870 2675 935 2712 suo
961 2675 1048 2711 loco
1075 2672 1293 2709 restituimus
1316 2699 1326 2715 ‚
1365 2683 1409 2708 ex

440 2730 712 2767 Pulmanniano
744 2728 837 2765 libro
874 2728 911 2764 &
946 2725 1032 2763 aliis.
1066 2723 1205 2760 PIGH.
1256 2723 1409 2759 Vocem

436 2783 567 2831 pariter
597 2779 746 2817 restituit
771 2779 873 2826 Pigh.
893 2789 937 2814 ex
957 2775 1066 2813 MSS.
1086 2786 1171 2811 cum
1192 2774 1307 2811 Aldus
1335 2772 1412 2810 edi-

440 2829 545 2869 disset
565 2833 677 2867 aliter.
701 2830 805 2879 quod
823 2831 860 2866 in
878 2837 1038 2877 utroque
1058 2826 1170 2862 etiam
1190 2826 1270 2862 MS.
1282 2825 1338 2861 ΒΓ.
1350 2836 1413 2873 ap-

440 2890 554 2930 paret.
605 2880 680 2918 Etsi
708 2892 799 2918 vero
825 2881 942 2929 ipsum
967 2880 1070 2915 aliter
1094 2876 1221 2913 locum
1247 2877 1308 2913 hic
1334 2888 1412 2913 non

438 2933 573 2977 habet,
599 2940 727 2969 tamen
754 2931 943 2979 vestigium
970 2930 1009 2966 in
1036 2940 1082 2965 eo
1111 2936 1259 2975 apparet
1285 2924 1415 2974 genuiss

446 2996 509 3020 :iae
528 2982 695 3020 iectionis
709 3011 719 3027 ‚
747 2994 859 3031 quam
882 2978 1203 3027 Chalcocondyles
1223 2979 1260 3016 8<
1278 2978 1409 3015 Marti-

442 3045 507 3070 nus
528 3034 680 3083 Herbip.
699 3035 736 3073 in
755 3033 822 3076 suis
843 3031 1062 3072 editionibus
1082 3027 1347 3079 expresserunt:
1369 3029 1408 3068 δί

2237 864 2275 893 52
2297 860 2403 905 Per.-

1434 992 1541 1042 hujus
1568 991 1719 1041 quidem
1733 1018 1743 1034 ‚
1771 990 1841 1027 Sibi
1870 999 1915 1027 ω’
1937 991 2016 1028 aliis
2036 999 2138 1039 atque
2154 989 2329 1036 universae
2347 1001 2410 1039 pa-

1433 1046 1520 1080 triae
1539 1045 1630 1080 utili.
1662 1043 1698 1078 V
1712 1043 1748 1079 O
1761 1043 1793 1078 R
1807 1043 1828 1079 S
1842 1043 1891 1080 T.
1952 1043 2086 1078 Pariter
2105 1040 2233 1078 diserte
2261 1042 2408 1080 exhibet

1438 1094 1545 1131 Leid.
1580 1094 1665 1131 sext.
1702 1092 1832 1142 reliqui
1867 1094 1944 1130 fere
1977 1094 2093 1128 aliter.
2139 1091 2234 1129 Edit.
2270 1094 2409 1131 Vener.

1440 1145 1546 1190 1478.
1564 1145 1633 1189 fibi
1659 1153 1704 1180 ω’
1732 1145 1845 1181 aliter.
1869 1143 1987 1181 Recte
2014 1155 2106 1180 vero
2122 1145 2265 1190 pariter.
2317 1144 2410 1181 Pro-

1435 1194 1528 1232 vidit
1548 1196 1648 1232 enim
1667 1195 1798 1242 confilio
1810 1195 1879 1242 fibi
1894 1224 1904 1238 ‚
1935 1193 2024 1231 dum
2045 1194 2120 1230 hoc
2139 1194 2238 1230 facio
2267 1195 2411 1232 Roma-

1435 1257 1572 1282 norum
1591 1246 1892 1283 benevolentiam
1916 1247 1953 1284 ὅ(
1973 1244 2174 1283 amicitiam
2202 1244 2264 1281 sibi
2286 1247 2414 1282 conci-

1433 1296 1519 1341 liat,
1546 1296 1595 1332 ita
1615 1305 1654 1333 ut
1671 1297 1872 1344 hospitium
1892 1308 1978 1334 cum
1998 1308 2044 1333 eo
2073 1296 2258 1339 facerent,
2288 1297 2325 1333 &
2345 1295 2415 1333 do-

1435 1348 1489 1384 nis
1515 1348 1630 1395 ipsum
1650 1356 1824 1384 ornarent
1843 1359 1922 1384 non
1939 1346 2063 1385 solum·
2077 1354 2166 1383 tunc
2181 1374 2191 1390 ‚
2219 1345 2280 1383 sed
2297 1348 2411 1384 etiam

1436 1409 1520 1446 erga
1542 1397 1704 1446 posteros
1724 1399 1800 1447 ejus
1820 1398 1889 1435 sese
1907 1398 2057 1448 hujusce
2074 1396 2245 1434 beneficii
2265 1409 2415 1435 memo-

1435 1461 1490 1486 res
1521 1450 1607 1486 totis
1636 1460 1776 1486 cxxxvr
1789 1462 1818 1486 1.
1854 1450 1956 1486 annis
1983 1448 2061 1496 post
2090 1446 2346 1493 offenderent,
2373 1456 2414 1487 ut

1438 1499 1550 1537 docet
1568 1500 1683 1537 Diod.
1697 1499 1765 1536 Sic.
1782 1499 1870 1536 loco
1892 1501 1951 1537 cit.
1972 1500 2010 1536 ὃς
2032 1498 2137 1535 simul
2156 1501 2288 1548 patriae
2307 1510 2414 1547 prae-

1437 1551 1515 1588 buit
1533 1552 1738 1602 exemplum,
1762 1549 1866 1600 quod
1886 1562 1973 1588 cum
2003 1560 2142 1597 magno
2172 1549 2295 1587 frurstu
2320 1549 2415 1587 sem-

1437 1614 1502 1652 per
1521 1603 1768 1652 sequerentur.

1487 1660 1688 1699 „mestum
1707 1664 1835 1689 cratera
1855 1650 1947 1699 eya]
1973 1651 2079 1688 MSS.
2098 1650 2263 1700 plerique
2283 1662 2418 1689 omnes

1438 1705 1531 1741 haec
1552 1716 1638 1741 cum
1658 1704 1896 1741 vetustiffimis
1917 1702 1998 1740 edd.
2018 1703 2068 1739 ita
2096 1702 2329 1741 constituunt.
2356 1716 2420 1740 au-

1438 1770 1493 1792 rea
1514 1766 1644 1792 cratera
1658 1781 1667 1797 ,
1699 1769 1799 1805 quam
1830 1756 1971 1805 Romani
2000 1753 2118 1800 Pythio
2134 1756 2306 1802 Apollini
2328 1753 2417 1790 deci-

1436 1821 1564 1843 marum
1583 1808 1715 1842 nomine
1730 1804 1941 1848 dicaverant,
1956 1806 2095 1840 incitato
2115 1803 2159 1840 ad
2178 1818 2250 1841 eam
2263 1805 2420 1850 partien-

1436 1857 1515 1894 dam
1539 1859 1680 1908 populo,
1712 1867 1749 1892 ut
1768 1859 1943 1901 comperit,
1979 1870 2050 1891 eam
2079 1854 2231 1904 Delphos
2252 1857 2421 1905 perferen-

1438 1908 1515 1945 dam
1534 1910 1677 1947 curavit.
1729 1907 1802 1944 Vei
1832 1908 1943 1944 etiam
1966 1934 1975 1949 ‚
2013 1907 2164 1957 Delphos
2190 1905 2420 1955 perferendam

1439 1958 1484 2047 Ξιί
1502 1973 1573 1996 eum
1591 1960 1738 1998 cura-vit.
1765 1970 1859 1996 unus
1881 1957 2081 2008 portandam
2099 1983 2110 2000 ‚
2142 1956 2230 1995 alius
2247 1968 2422 2008 reportan-

1465 2025 1531 2049 am.

1492 2076 1549 2112 50.
1571 2062 1737 2098 Manibus
1755 2060 2018 2098 venundandum
2037 2057 2199 2109 ereptam]
2216 2058 2424 2096 Reststuena

1444 2113 1491 2151 da
1509 2115 1602 2152 haec
1622 2114 1764 2162 putavit
1783 2113 1929 2161 Pighius
1951 2110 2278 2149 exPulmanniano
2298 2109 2423 2148 &aliis

1446 2165 1554 2202 codd.
1582 2164 1822 2213 Antiquiores
1851 2164 1947 2213 typis
1985 2162 2135 2210 expressi
2161 2173 2240 2198 non
2275 2160 2425 2197 habent.

1448 2216 1533 2253 Imo
1561 2227 1631 2252 nec
1658 2215 1766 2252 MSS.
1796 2213 1975 2252 Brandeb.
2002 2212 2198 2251 VORST.
2253 2211 2336 2248 Nec
2359 2211 2426 2249 ha—

1447 2266 1535 2304 bent
1561 2267 1673 2304 etiam
1710 2266 1851 2310 nostri,
1885 2276 1955 2303 nec
1991 2264 2063 2302 ulla
2091 2262 2295 2301 venditionis·
2327 2261 2426 2311 apud

1448 2325 1593 2354 ceteros
1618 2317 1808 2364 scriptores
1835 2316 1884 2353 est
1913 2317 2069 2352 mentio.

1501 2381 1558 2416 51.
1589 2367 1730 2414 Milesia
1761 2364 1872 2414 Ceres]
1910 2366 2018 2403 Haec
2046 2367 2085 2403 &
2111 2376 2207 2415 quae
2231 2364 2431 2413 sequuntur

1450 2418 1563 2467 usque
1591 2417 1637 2454 ad
1663 2418 1774 2454 verba
1811 2417 1935 2464 capitis
1963 2429 2001 2460 v,
2029 2420 2197 2461 Dejotaro
2224 2427 2302 2450 ‘vero
2337 2414 2431 2461 regi,

1451 2469 1532 2506 sunt
1558 2468 1617 2505 illa
1636 2496 1646 2512 ‚
1683 2467 1729 2505 de
1756 2466 1886 2515 quibus
1913 2465 2008 2502 adeo
2043 2465 2105 2502 fibi
2140 2463 2337 2512 gratulatus
2365 2463 2435 2500 fuit

1454 2519 1570 2557 Aldus
1583 2548 1593 2564 ‚
1620 2527 1660 2556 ut
1680 2519 1718 2555 in
1738 2516 1965 2564 frontispicio
1995 2516 2078 2553 suae
2109 2515 2281 2552 editionis
2301 2514 2434 2551 scribe-

1455 2578 1510 2606 ret
1530 2598 1540 2614 ,
1577 2571 1739 2619 Exempla
1767 2578 1911 2617 quatuor
1938 2574 1983 2602 &³
2011 2568 2139 2617 ‘viginti
2167 2578 2268 2615 nuper
2293 2566 2435 2602 inventa

1457 2632 1537 2656 ante
1554 2623 1671 2669 Caput
1690 2619 1729 2655 de
1747 2617 1930 2654 Ominibus.
1983 2618 2030 2655 Et
2050 2617 2167 2655 scribit
2194 2616 2296 2653 idem
2315 2614 2433 2653 Aldus

1460 2671 1497 2706 in
1517 2671 1636 2708 Praef.
1656 2670 1702 2708 ad
1721 2669 1985 2718 Cuspinianum
2001 2697 2010 2712 ,
2030 2681 2049 2705 a
2069 2680 2146 2718 quo
2166 2666 2338 2704 codicem
2349 2666 2434 2704 MS.

1461 2722 1524 2770 qui
1544 2722 1604 2758 ista
1621 2721 1769 2764 habuit,
1797 2728 1989 2769 acceperat
2001 2748 2011 2764 ,
2028 2718 2174 2756 omnibus
2193 2719 2229 2753 in
2250 2718 2355 2753 Italia
2369 2719 2437 2756 Wa-

1461 2773 1537 2808 lerii
1556 2775 1664 2809 Max.
1682 2772 1923 2818 exemplaribus
1950 2782 2020 2807 tam
2048 2765 2199 2819 impreffis
2216 2782 2316 2816 quam
2336 2781 2438 2805 manu

1463 2824 1649 2871 conscriptis
1667 2837 1704 2859 ea
1722 2821 1869 2871 defuisse.
1905 2822 2031 2859 Habet
2047 2830 2174 2858 tamen
2194 2818 2325 2855 eadem
2345 2830 2439 2856 unus

1462 2885 1615 2924 quoque
1635 2873 1717 2911 cod.
1737 2873 1915 2911 Brandeb.
1954 2873 2131 2909 Ceterum
2153 2870 2318 2918 suspicari
2336 2869 2437 2914 licet,

1464 2937 1574 2962 xxrv.
1602 2925 1769 2973 exempla
1798 2925 1884 2970 ista,
1922 2935 2017 2973 quae
2045 2923 2083 2958 in
2110 2921 2289 2970 plerisque
2325 2920 2436 2963 codd.

1464 2976 1571 3013 MSS.
1600 2975 1847 3013 desiderantur
1868 3003 1878 3019 ‚
1911 2985 1989 3011 non
2015 2973 2155 3021 integra
2181 2983 2303 3021 neque
2329 2970 2436 3019 ipsius

1462 3027 1580 3067 verbis
1600 3026 1741 3066 Valerii
1758 3032 1939 3075 concepta
1958 3022 2040 3063 effe.
2070 3025 2160 3066 Sunt
2180 3023 2281 3063 enim
2301 3021 2435 3086 eadem

2326 3082 2436 3121 paulo
