2516 3509
364 108 473 179 475
667 69 1093 158 VALERH)
1145 85 1517 144 MAXIMI
1572 86 1702 146 Lm.
1739 89 1810 148 V.
1855 89 2001 148 οη.
2036 90 2142 148 iv.

368 218 574 262 novant3
622 205 670 249 in
715 199 800 246 illis
843 197 982 245 mutis
1029 192 1344 240 membrorum
1388 191 1671 256 lineamentis
1713 195 1817 243 viva
1859 211 1911 241 ac
1954 193 2166 258 spirantia
2209 206 2376 256 corpo.

368 303 415 334 ra
456 283 625 331 intueri
672 278 918 327 credentes.
999 282 1038 313 5²
1093 270 1241 331 Qlod
1287 271 1460 319 necesse
1505 273 1569 320 est
1614 274 1768 321 animo
1814 277 1999 339 quoque
2033 275 2211 323 evenire
2233 308 2248 333 ,
2302 273 2380 320 ali-

372 382 544 436 quanto
587 364 844 413 efficaciore
887 357 1066 424 pistura
1111 354 1343 402 literarum
1364 388 1380 414 ,
1422 368 1575 404 vetera
1619 372 1705 419 pro
1749 357 2007 405 recentibus
2042 357 2277 404 admonito
2311 371 2380 402 re-

375 448 567 495 cordati.

158 543 324 612 *mi-iq
445 533 527 579 Ne
561 543 607 577 te
643 526 855 592 quidem,
894 530 932 562 53
971 520 1172 578 Cimon,
1206 516 1384 565 silentio
1420 517 1688 577 involvam,
1723 519 1802 581 qui
1837 519 1954 582 patri
1989 531 2072 565 tuo
2108 517 2384 582 sepulturam

158 603 349 684 372²]t3stin.
379 611 642 663 voluntariis
688 607 884 656 vinculis
925 618 1073 650 emere
1118 617 1211 647 non
1257 598 1484 646 dubitasti.
1564 599 1692 645 Nam
1737 597 1818 644 etfi
1865 599 2066 645 maximo
2110 599 2195 645 tibi
2231 599 2385 662 postea

163 668 356 742 ἓῗεὸῗμεν
383 694 431 741 ὃς
469 693 559 740 civi
584 726 597 751 5
658 689 705 736 &c
749 688 857 735 duci
903 684 1090 732 evadere
1136 680 1375 744 contigit,
1431 680 1532 743 plus
1575 691 1727 725 tamen
1772 679 2002 741 aliquanto
2036 677 2176 724 laudis
2210 680 2257 724 in
2292 696 2386 725 car-

385 792 510 836 cere,
546 789 681 838 quam
715 772 763 817 in
797 770 948 825 curia,
984 766 1204 813 affecutus
1240 779 1296 809 es.
1340 762 1532 810 Ceterae
1567 764 1687 809 enim
1723 763 1914 808 virtutes
1948 760 2258 808 admirationis
2294 772 2389 807 tan-

385 855 630 907 tummodo
664 854 892 910 multum,
928 851 1068 913 pietas
1103 862 1211 893 vero
1247 846 1384 892 etiam
1419 847 1583 892 amoris
1617 846 1869 909 plurimum
1905 857 2118 891 meretur.

454 938 553 985 Vos
588 948 800 999 quoque,
837 931 1020 988 fratres,
1055 926 1276 973 memoria
1307 924 1616 988 complefimr,
1653 940 1851 988 quorum
1885 923 2058 970 animus
2091 922 2268 988 origine
2302 918 2391 966 fuit

394 1157 513 1204 spice,
550 1164 619 1191 nec
652 1152 767 1200 fugiet
793 1158 830 1187 te
856 1145 1044 1186 sententia.
1101 1142 1274 1181 Involuta
1302 1155 1364 1181 au-

397 1216 475 1244 tem
506 1204 718 1254 hujusmodi
742 1201 856 1239 multa
886 1200 924 1236 in
947 1195 1121 1234 Valerio:
1151 1205 1222 1231 nec
1253 1195 1368 1231 miror

396 1257 502 1304 saepe
540 1258 577 1292 in
606 1264 680 1292 tam
722 1249 922 1290 tenebrosis
958 1246 1142 1285 sententiis
1177 1243 1369 1282 offendisse

399 1307 649 1355 exscriptores.
680 1303 798 1341 LIPS.
831 1306 955 1338 Vetera
973 1310 1031 1349 pro
1050 1296 1228 1334 recentibus
1257 1295 1371 1332 admo·

396 1362 468 1394 nito
497 1356 670 1393 recordari.
710 1355 763 1391 Ita
792 1355 918 1390 locum
954 1351 1053 1387 hunc
1090 1347 1370 1384 emendandum

400 1409 545 1446 censeo.
589 1408 724 1456 Estque
744 1406 792 1442 ita
812 1401 988 1441 sententia
1009 1399 1369 1441 convenientiffiina;

404 1461 532 1497 animo
555 1457 655 1495 idem
677 1456 849 1498 evenire,
879 1451 982 1503 quod
1003 1450 1129 1489 evenit
1149 1449 1288 1494 oculis,
1317 1450 1371 1498 pi-

406 1511 506 1548 <stura
537 1509 669 1545 scilicet
695 1507 881 1544 literarum
914 1512 1040 1541 vetera
1069 1514 1137 1550 pro
1168 1500 1372 1538 recentibus

407 1560 603 1598 admonito
641 1557 838 1596 recordari.
890 1555 993 1604 lpse,
1022 1555 1201 1602 inquam,
1227 1552 1372 1590 animus

406 1612 546 1660 pi<ftura
563 1610 753 1648 literarum
769 1607 824 1652 ‚id
843 1607 891 1644 est
905 1606 1036 1651 ,literis
1057 1603 1138 1652 ipfis
1156 1632 1166 1647 ‚
1189 1602 1372 1640 admone-

406 1672 466 1700 tur
489 1671 611 1699 vetera
640 1673 706 1708 pro
727 1658 933 1697 recentibus
964 1654 1169 1697 recordari;
1194 1653 1373 1702 quemad-

409 1713 567 1750 modum
590 1713 742 1749 haerent
759 1719 870 1759 atque
886 1709 1028 1755 stupent
1049 1704 1146 1742 oculi
1159 1732 1169 1747 ,
1183 1715 1268 1740 cum
1281 1705 1375 1740 ima-

406 1766 534 1813 ginem
556 1761 693 1811 pietam
716 1760 853 1798 vident.
904 1757 1052 1805 Pighius
1082 1753 1195 1792 edidit
1218 1782 1228 1798 ,
1261 1765 1376 1790 vetera

402 1827 462 1865 pro
484 1813 660 1851 recentibus
685 1810 869 1848 admonitos
888 1806 1071 1845 recordari:
1100 1803 1299 1854 quomodo
1327 1804 1378 1842 sa-

408 1879 457 1904 ne
486 1865 667 1902 editiones
696 1873 849 1912 quoque
883 1868 1023 1896 veteres
1052 1856 1230 1904 Theoph.
1268 1855 1379 1892 Chal-

410 1915 646 1964 cocondylae
669 1916 706 1952 &
733 1913 888 1951 Martini
912 1910 1065 1957 Herbip.
1091 1909 1258 1956 itemque
1287 1918 1378 1944 unus

411 1968 495 2006 cod.
525 1966 656 2005 Brand.
686 1965 807 2002 habet.
860 1962 1005 2000 Verum
1044 1959 1161 1996 nullus
1203 1968 1380 1994 comino-

413 2020 479 2057 dus
498 2030 542 2056 ex
561 2018 615 2054 his
637 2016 753 2054 sensus
772 2014 854 2053 elici
875 2012 1004 2063 potest.
1033 2010 1136 2060 quod
1156 2020 1241 2046 curn
1265 2010 1302 2046 ὃς
1321 2007 1380 2045 Pi-

412 2071 517 2119 ghius
537 2067 848 2106 animadverteret
877 2064 1071 2112 suspicatus
1091 2061 1138 2098 est
1157 2071 1295 2097 vocem
1318 2059 1381 2096 ali-

413 2132 527 2171 quam
549 2120 608 2156 hic
633 2116 752 2156 deeffe
766 2147 776 2162 ‚
791 2118 829 2155 ὃς
847 2115 999 2165 quidem
1013 2115 1166 2160 faciente.
1195 2113 1246 2148 At
1265 2122 1382 2160 quan-

412 2181 455 2211 to
485 2171 702 2208 concinnius
734 2169 782 2206 est
810 2179 924 2205 unam
956 2166 1382 2210 literamsexpungere‚

413 2225 468 2261 uti
498 2234 564 2259 nos
594 2221 750 2262 fecimus
774 2222 780 2255 !
821 2217 980 2256 videnda
1009 2224 1136 2252 tamen
1168 2213 1286 2251 adhuc
1315 2213 1383 2250 alia

414 2274 537 2312 lectio.
590 2273 662 2309 Pro
685 2282 744 2320 pro
764 2269 943 2307 recentibus
962 2266 1114 2317 quidam
1144 2264 1290 2302 codices
1321 2265 1386 2301 ha-

415 2326 504 2364 bent
516 2321 740 2373 prodentibus.
780 2320 894 2358 Unde
916 2317 1058 2367 Lipsius
1078 2315 1278 2364 legendum
1300 2326 1386 2353 cen·

417 2379 469 2415 set
490 2380 612 2414 Vetera
633 2389 653 2409 a
670 2372 884 2422 prudentibus
903 2370 1070 2408 admonito
1091 2366 1263 2404 recordari.
1277 2369 1386 2414 Quae

417 2428 570 2476 suspicio
609 2426 646 2462 8<
675 2424 874 2461 Gronovio
906 2421 1102 2470 probatur,
1138 2427 1177 2456 ut
1207 2430 1250 2454 ex
1279 2418 1387 2466 hujus

422 2480 470 2516 L.
500 2490 556 2516 1v.
586 2475 672 2514 Obs.
696 2485 726 2511 c.
754 2486 810 2521 19.
836 2480 996 2520 apparet.
1025 2472 1062 2506 ὅς
1081 2469 1236 2516 legitur,
1265 2467 1313 2504 sic
1331 2469 1388 2505 iti-

425 2530 513 2568 dem
547 2526 737 2569 admonit0‚
766 2532 806 2561 ut
835 2534 903 2560 nos
936 2520 1165 2558 volebamus.
1194 2519 1388 2556 VORST.

426 2583 533 2629 Lege
557 2578 745 2620 admonito,
775 2585 860 2612 cum
892 2570 1020 2620 Lipfio
1055 2572 1091 2606 &
1122 2569 1158 2604 V
1164 2569 1285 2606 orstio.
1310 2569 1389 2607 PE-

428 2631 608 2670 RIZON.
635 2626 849 2669 eAdmonitus
883 2624 1027 2660 servant
1058 2621 1134 2656 fere
1157 2619 1261 2656 MSS.
1296 2631 1389 2658 unus

426 2683 559 2731 Ultraj.
585 2679 774 2717 admonitis.
802 2675 907 2713 Med.
933 2673 1040 2723 prim.
1073 2669 1265 2707 admonites.
1321 2670 1392 2708 Sed

427 2733 624 2776 tAdmonitu
652 2729 753 2767 dedit
777 2727 920 2766 Ascens.
959 2722 1100 2772 Gryph.
1137 2721 1233 2758 Rob.
1269 2721 1392 2770 Steph.

430 2790 555 2823 Vetera
579 2779 786 2831 prodentibus
812 2777 977 2815 admonito
1003 2771 1164 2811 recordari
1187 2771 1325 2816 Aldus,
1354 2773 1391 2810 &

433 2835 643 2872 Colinaeus.
667 2829 876 2881 prodentibus
913 2825 1017 2865 Barb.
1052 2824 1184 2869 Ultrai.
1217 2823 1255 2860 δέ
1285 2822 1390 2860 Med.

432 2884 554 2936 primi.
578 2884 684 2920 Leid.
708 2883 778 2920 sec.
798 2877 1041 2930 prodeuntibus.
1065 2874 1190 2912 Probo
1208 2871 1389 2916 admonit03

432 2937 494 2974 sed
519 2935 662 2972 retineo
679 2944 738 2982 pro
769 2932 958 2970 recentibus.
1009 2927 1115 2966 Tum
1143 2925 1243 2963 enim
1265 2925 1394 2973 impri-

436 2988 505 3027 mis
525 2987 651 3026 efficax
673 2985 719 3024 est
739 2984 877 3034 pictura
896 2982 1098 3026 literarum,
1113 2989 1199 3018 cuin
1211 2976 1394 3031 admone-

2307 1021 2391 1051 no-

1418 1150 1477 1181 tur
1509 1143 1654 1181 animus
1678 1150 1803 1180 vetera
1833 1142 1881 1179 ita
1908 1139 2092 1178 recordari
2114 1167 2124 1183 ‚
2152 1146 2343 1187 tamquam
2366 1136 2392 1173 fi

1422 1194 1489 1231 sint
1510 1195 1682 1231 recentia.
1712 1194 1780 1232 Sal.
1808 1193 1883 1230 Bel.
1911 1193 1992 1229 Cat.
2021 1191 2098 1228 08.
2126 1183 2393 1236 „Atheniensium

1399 1244 1511 1292 ·fa5la
1526 1255 1585 1294 pro
1606 1246 1761 1281 maximis
1781 1243 1996 1280 celebrantur.

1478 1309 1535 1345 53.
1565 1295 1697 1344 Cimon]
1728 1297 1787 1333 De
1817 1307 1893 1344 quo
1924 1294 2007 1331 vide
2041 1293 2077 1329 ὃ(
2106 1292 2136 1338 J.
2165 1289 2330 1337 Rutgers.
2359 1300 2396 1337 p.

1424 1359 1482 1393 42.
1512 1348 1601 1384 Var.
1631 1346 1736 1383 Lecl.
1763 1345 2008 1383 PERIZON.
2033 1341 2394 1380 NonnulliMSS.&’

1426 1398 1550 1435 delent
1572 1407 1656 1435 ante
1675 1400 1752 1434 civi.
1782 1408 1873 1434 unus
1891 1404 2001 1445 atque
2024 1395 2114 1431 item
2140 1392 2253 1436 alter,
2298 1405 2400 1428 mere-

1423 1460 1525 1487 retur.
1554 1449 1660 1487 Leid.
1689 1456 1806 1498 quart.
1834 1446 1953 1490 delet,
1979 1447 2168 1495 aliquanto.

1474 1514 1530 1549 54.
1555 1503 1616 1537 Pro
1644 1511 1818 1549 parentum
1846 1500 2015 1534 alimentis
2040 1498 2197 1545 spiritum
2215 1491 2395 1542 erogando]

1422 1552 1570 1600 Pighius
1590 1551 1720 1589 maluit
1738 1562 1918 1600 erogantes.
1972 1547 2042 1585 Sed
2057 1544 2218 1598 erogando
2239 1553 2395 1594 uterque

1427 1602 1511 1640 cod.
1540 1602 1671 1640 Brand.
1706 1603 1836 1646 habet,
1866 1603 1903 1638 δε
1924 1610 2056 1638 omnes
2086 1599 2176 1635 item
2205 1595 2301 1644 typis
2333 1607 2398 1632 ex-

1428 1654 1531 1701 preffi
1553 1662 1706 1691 veteres.
1735 1652 1930 1691 VORST.
1960 1649 2066 1687 Idem
2091 1649 2234 1686 serv-ant
2263 1657 2396 1684 omnes

1428 1704 1534 1741 MSS.
1562 1705 1703 1747 nostri,
1737 1705 1773 1741 δε
1804 1704 1906 1750 supra
1938 1701 2096 1738 vidimus
2132 1699 2235 1746 super
2265 1709 2399 1735 omnes

1429 1754 1519 1792 alios
1540 1756 1730 1793 auctorem
1751 1754 1913 1792 nostrum
1925 1752 1999 1788 hoc
2010 1749 2232 1798 gerundium
2247 1746 2396 1786 amasse.
2441 1745 2444 1750 ’

1481 1819 1537 1853 55.
1565 1811 1617 1846 <A
1637 1807 1728 1853 filiis
1760 1807 1900 1840 Patietis
1924 1804 2016 1852 pasti
2044 1799 2136 1848 estis]
2167 1800 2240 1836 Hic
2272 1797 2399 1836 denuo

1428 1856 1581 1904 gloffula
1604 1856 1751 1904 irrepsit.
1779 1867 1865 1892 nam
1887 1855 1924 1892 in
1945 1852 2198 1889 vetustioribus
2216 1849 2311 1886 libris
2334 1849 2396 1893 sic;

1430 1910 1489 1945 ,A
1506 1909 1650 1943 Paciacis
1665 1908 1767 1956 peec‘li.
1796 1907 1898 1951 iuvat
1917 1906 1954 1941 &
1975 1902 2214 1940 interlinearis
2242 1909 2400 1939 annota-

1428 1958 1484 1995 tio
1511 1958 1590 1995 libsi
1619 1956 1856 2005 Campensis,
1885 1957 2057 1997 Paeimis,
2090 1953 2127 1990 id
2159 1952 2205 1990 est
2225 1980 2234 1996 ‚
2264 1963 2305 1988 ea
2338 1964 2403 2001 pa-

1431 2009 1579 2045 rentela.
1632 2011 1684 2046 At
1715 2006 1956 2045 Atrebatense
1987 2004 2196 2053 exemplar,
2231 2001 2335 2051 quod
2364 2003 2404 2041 in

1436 2060 1590 2107 propriis
1609 2060 1823 2096 nominibus
1846 2059 1923 2095 fere
1937 2056 2134 2094 correctius
2155 2053 2225 2091 esse
2246 2054 2405 2102 reperio,

1434 2111 1545 2148 habet
1575 2110 1594 2148 ὲ
1629 2112 1803 2147 Paciaecis.
1857 2108 2003 2157 Aliquis
2032 2107 2183 2150 sciolus,
2213 2115 2251 2143 ut
2282 2105 2403 2143 minus

1436 2162 1586 2199 obscura
1604 2162 1697 2199 haec
1715 2161 1829 2198 efflent
1843 2189 1852 2204 ‚
1872 2172 1950 2197 non
1970 2158 2089 2197 solum
2110 2168 2253 2195 nomen
2272 2168 2404 2193 verum

1438 2213 1622 2262 corrupit,
1649 2212 1709 2250 sed
1736 2211 2034 2250 &intermiscuit
2066 2211 2102 2247 &
2133 2209 2208 2246 suas
2238 2204 2406 2256 glossulas

1436 2264 1614 2308 scribens,
1644 2267 1701 2302 „A
1724 2263 1815 2311 filiis
1852 2263 1991 2311 patietis
2013 2261 2104 2311 pac‘b'
2129 2262 2213 2307 estis.
2267 2258 2326 2295 Est
2344 2269 2408 2295 au-

1438 2323 1515 2353 tem
1535 2315 1803 2353 Paciaecorum
1826 2314 1964 2351 familia
1994 2313 2200 2350 etiamnum
2235 2309 2408 2346 nobiliffi-

1441 2378 1501 2404 ma
1521 2366 1618 2415 apud
1640 2366 1832 2412 Hispanos.
1861 2375 1973 2414 quam
1997 2365 2035 2402 δε
2059 2363 2149 2400 olim
2175 2361 2217 2398 C.
2246 2359 2406 2398 Caesaris

1440 2426 1614 2466 tempore
1644 2415 1747 2455 fuiffe
1777 2416 1946 2454 illustrem
1970 2443 1980 2459 ‚
2017 2412 2178 2463 Epistola
2216 2411 2410 2449 Ciceronis

1442 2468 1488 2506 ad
1518 2470 1677 2517 Leptam
1709 2468 1932 2506 familiarum
1962 2465 1996 2503 6.
2025 2465 2157 2507 docet,
2180 2464 2217 2500 in
2245 2474 2316 2512 qua
2339 2462 2408 2499 Pa-

1444 2520 1558 2557 ciaeci
1577 2519 1765 2568 cujusdam
1788 2517 1961 2556 meminit
1977 2545 1986 2561 ‚
2000 2517 2063 2566 qui
2075 2516 2173 2553 bello
2186 2515 2282 2552 civili
2295 2513 2409 2551 Pom-

1441 2572 1587 2618 peianas
1624 2579 1743 2619 partes
1779 2571 1920 2608 secutus
1945 2567 2102 2607 videtur.
2155 2569 2205 2602 De
2232 2564 2410 2613 Hispaniis

1443 2622 1601 2672 (inquit)
1639 2624 1720 2658 novi
1758 2623 1845 2658 nihil
1866 2650 1876 2665 ‚
1920 2633 2075 2668 magnum
2100 2629 2210 2654 tamen
2236 2617 2410 2653 exercitum

1442 2675 1629 2722 Pompejum
1649 2673 1766 2710 babere
1783 2675 1916 2719 constat.
1944 2685 2019 2707 nam
2040 2672 2161 2718 Caesar
2190 2669 2254 2717 ipse
2281 2664 2325 2702 ad
2353 2679 2412 2701 nos

1443 2725 1531 2771 misit
1552 2727 1733 2774 exemplum
1757 2725 1905 2760 Paciaeci
1933 2724 2107 2759 literarum
2128 2749 2137 2764 ,
2164 2723 2200 2755 in
2226 2731 2288 2766 quo
2317 2726 2414 2760 erat,

1444 2776 1498 2810 illi
1519 2774 1664 2812 undecim
1683 2776 1741 2824 effe
1762 2777 1913 2825 legiones.
1966 2775 2057 2821 Quo
2079 2773 2188 2809 etiam
2219 2769 2307 2804 lOCO
2330 2778 2414 2804 cor-

1445 2825 1640 2872 rigendum
1671 2826 1746 2864 hoc
1773 2826 1892 2864 modo
1922 2835 2066 2862 nomen
2092 2819 2181 2859 illud
2202 2817 2272 2855 esse
2293 2817 2410 2854 existi-

1445 2886 1522 2912 mo.
1548 2877 1688 2914 PIGH.
1715 2879 1814 2915 Filiis
1846 2877 2018 2912 Paciaecis.
2045 2875 2135 2911 Duo
2166 2869 2245 2907 libri
2272 2867 2410 2915 Pighii:

1447 2927 1606 2964 Pae-iacis.
1642 2940 1756 2977 quam
1785 2927 1986 2965 lectionem
2018 2923 2178 2962 vindicat
2208 2917 2411 2957 Mitalerius

1447 2986 1493 3017 ex
1510 2977 1645 3023 Phltal'·
1679 2981 1718 3020 &
1750 2980 1950 3032 Cicerone.
1981 2974 2175 3016 COLER.
2201 2969 2416 3027 APaciaeJ
2464 3006 2466 3010 .
