2516 3509
672 126 810 183 DE
890 123 1583 190 AUSPICIIS.
2066 160 2142 217 47

133 241 404 291 Dinocrates
423 248 532 283 cum
553 243 725 285 cretam
744 248 840 280 non
858 231 1044 281 haberet
1057 267 1072 294 ,
1107 235 1382 301 polentaque
1402 236 1580 286 futurae
1607 240 1730 288 urbis
1761 242 2028 296 lineamenta
2055 250 2139 299 du-
2157 250 2217 280 An·
2244 248 2316 282 ¹³¹¹>ss

131 322 284 380 xiffet,
320 319 478 382 ingens
496 316 648 363 avium
668 312 920 361 multitudo
958 321 1001 342 ²²
1022 317 1239 379 proximo
1260 317 1363 364 lacu
1382 317 1547 364 emersa
1580 320 1811 383 polentam
1839 324 2017 391 depasta
2045 331 2132 380 est:
2151 293 2349 380 3³2²aeaessst

123 400 250 468 quod
265 397 512 447 sacerdotes
533 395 875 460 Aegyptiomm
895 395 1179 460 interpretati
1219 396 1346 458 sunt,
1396 404 1434 433 ²³
1466 399 1730 447 advenarum
1753 403 2018 466 frequentiae
2049 416 2130 461 ali.
2150 383 2327 450 fiiriiss‘aifj

124 483 272 530 mentis
283 477 560 540 suffetiumm
582 477 737 523 urbem.
2145 469 2252 532 3321.
2263 467 2354 535 113st-

135 566 147 571 ’
189 568 234 596 24
269 559 494 623 Dejotaro
523 572 631 604 vero
663 557 759 621 regi
786 557 940 604 omnia
965 555 1056 603 fere
1083 556 1312 620 auspicato
1335 560 1512 622 gerenti
1538 558 1734 608 salutaris
1754 564 1927 626 aquilae
1945 571 2129 635 conspe·
2147 544 2352 623 ed‘iffmm'

117 642 217 690 ctus
236 639 346 687 fuit:
384 655 471 703 qua
490 636 602 697 visa,
637 635 852 685 abstinuit
874 636 916 684 se
936 636 992 683 ab
1012 638 1107 699 ejus
1131 634 1243 683 teeti
1263 634 1372 696 usn,
1409 637 1534 702 quod
1566 638 1702 686 notite
1732 639 2007 706 insequenti,
2042 650 2134 694 rui-
2214 643 2250 667 ²·

70 731 78 739 ·
122 737 178 768 na
197 719 291 767 solo
312 731 555 783 aequatum
575 716 653 763 est.
2149 681 2350 796 «ἒίὶὲἓέῨὲ

2188 775 2213 794 'i
2243 788 2248 794 .
2295 788 2304 799 ,

2158 814 2202 836 11.
2216 809 2252 838 C.
2269 813 2296 839 8.
2316 808 2350 838 ὃς

118 858 254 907 &alae
314 857 387 895 Vel
409 856 434 893 αἱ·
455 853 636 906 essperia»,
660 867 733 906 qua
752 853 874 893 forma
892 854 967 901 ipse
984 853 1099 889 utitur
1151 854 1280 894 dicunt
1298 856 1411 893 etiam
1428 857 1567 905 parari,
1596 859 1635 896 δε
1654 870 1722 907 pro
1742 873 1886 897 exercere
1898 863 1958 910 se,
1981 865 2137 905 exerceri,
2157 856 2205 884 15.

123 911 168 947 L.
189 923 225 947 v.
246 909 291 948 de
310 908 384 946 Bel.
405 906 487 943 Civ.
506 917 540 954 p.
564 906 648 954 367.

170 974 230 999 20.
257 961 362 996 Male
379 958 525 994 multata
537 956 652 1007 fagit]
684 954 832 991 Voffius
859 953 898 989 in
925 963 990 990 ora
1016 951 1098 989 libri

118 1012 170 1050 sui
197 1011 339 1060 legebat
365 1009 510 1045 multata
529 1034 540 1049 ,
572 1016 613 1044 ut
640 1008 678 1044 ὃς
707 1004 763 1042 Cl.
791 1004 1024 1041 Burmannus
1052 1003 1099 1042 ad

115 1063 251 1100 Phaed.
272 1063 316 1099 L.
339 1073 368 1098 1.
392 1071 425 1109 3.
453 1056 572 1106 Quod
590 1058 640 1094 ita
660 1064 805 1094 certum
833 1055 925 1093 mihi
943 1054 1095 1093 videba-

114 1122 194 1158 tur,
220 1120 260 1150 ut
278 1109 506 1149 restituerim.

162 1176 221 1202 21.
258 1161 487 1201 Arelaitec‘lus
518 1158 744 1209 Democrates]
781 1159 995 1197 Dinocratem
1025 1170 1094 1195 vo-

112 1222 196 1253 cant
215 1212 284 1252 alii.
312 1214 360 1251 Et
381 1211 504 1262 paullo
527 1211 627 1260 post,
655 1213 874 1248 Lineamenta
888 1207 1088 1256 deduxisset]

111 1268 150 1304 in
180 1264 431 1314 manuscriptis
455 1291 465 1307 ‚
500 1261 657 1311 daxiffi’t.
710 1262 830 1308 Item,
859 1261 973 1299 Primo
999 1259 1091 1310 lacu]

107 1319 258 1368 proximo
284 1318 369 1353 lacu.
390 1315 531 1353 PIGH.
801 1328 805 1331 ·
904 1348 907 1352 Α

163 1381 223 1407 22.
250 1369 409 1406 Proximo
425 1368 499 1403 lacu
515 1363 656 1414 emersa]
691 1365 827 1412 Emersa
846 1375 914 1412 pro
935 1375 977 1401 ea
997 1375 1093 1414 quae

111 1418 279 1458 emersit:
308 1428 347 1457 ut
368 1424 502 1464 juratus
523 1429 591 1467 pro
612 1429 659 1454 eo
681 1417 745 1466 qui
768 1416 930 1465 juravit,
960 1416 998 1453 δέ
1016 1429 1090 1452 con-

96 1473 252 1521 spiratus
283 1483 351 1520 pro
383 1482 430 1509 eo
455 1469 520 1519 qui
546 1468 788 1517 conspiravit,
826 1468 864 1504 &
880 1468 937 1514 sol
967 1469 1094 1516 occasus

111 1534 179 1572 pro
200 1522 274 1559 sole
291 1523 353 1572 qui
375 1521 534 1565 occidit,
570 1521 609 1557 δε
636 1529 830 1569 penetratus
859 1530 927 1566 pro
954 1530 1001 1556 eo
1030 1519 1094 1568 qui

111 1575 330 1623 penetravit.
358 1584 446 1610 nam
468 1571 488 1610 -ἒι
508 1571 633 1609 multis
651 1582 805 1620 quoque
825 1569 944 1607 verbis
966 1568 1094 1608 activis

114 1626 154 1663 &
171 1626 308 1662 neutris
326 1623 516 1673 participia
539 1621 765 1660 descendunt
790 1621 970 1669 temporis
989 1633 1095 1669 prae-

111 1677 210 1714 teriti
223 1704 233 1720 ‚
261 1687 356 1726 quae
375 1675 539 1712 formam
560 1673 697 1711 habent
724 1672 1005 1722 participiorum
1025 1685 1096 1711 vo-

112 1726 162 1764 cis
181 1727 338 1776 passivae
352 1755 362 1770 ‚
385 1727 423 1764 δε
440 1725 748 1775 fignificationem
768 1731 897 1762 tamen
919 1723 1096 1763 activam.

113 1778 210 1824 Vel,
237 1780 324 1828 quia
343 1791 503 1828 emergere
521 1777 727 1827 genuinum
754 1775 918 1814 activum
941 1775 1012 1820 est,
1041 1776 1097 1814 di-

110 1830 280 1880 citurque
309 1843 470 1880 emergere
480 1832 541 1877 Je;
570 1840 638 1877 pro
665 1826 783 1866 verbis
811 1826 937 1865 activis
965 1835 1092 1866 autem

109 1892 198 1919 cum
219 1881 447 1931 pronomine
468 1881 662 1929 reciproco
675 1909 685 1925 ‚
712 1886 866 1918 utuntur
886 1878 999 1917 etiam
1011 1892 1096 1917 ver-

108 1931 161 1970 bis
183 1933 330 1971 formae
349 1932 527 1981 paffivae:
556 1932 663 1981 poffit
681 1943 749 1981 pro
778 1944 937 1982 emergere
958 1933 996 1979 se
1022 1931 1094 1969 dici

105 1995 260 2034 quoque
279 1985 421 2035 emergi‚·
454 1991 566 2034 atque
585 1984 634 2021 ita
653 1995 768 2032 porro
790 1994 858 2032 pro
890 1996 928 2018 ea
953 1997 1040 2032 quae
1062 1998 1094 2019 e-

111 2034 222 2080 merfit
235 2038 295 2085 se,
307 2036 380 2074 dici
397 2039 518 2084 emersa
532 2043 591 2073 :ut
607 2034 842 2084 participium
862 2033 938 2072 hoc
956 2033 997 2071 fit
1016 2035 1095 2083 pas-

108 2082 238 2125 slvum.
291 2087 385 2127 Sane
403 2099 473 2138 pro
495 2098 622 2139 parare
631 2088 696 2136 se,
723 2094 764 2125 ut
789 2085 895 2135 supra
913 2084 1092 2133 vidimus,

1151 905 1235 960 Nec
1256 905 1359 942 aliter
1379 918 1446 953 pro
1466 919 1630 956 erumpere
1649 913 1688 956 se
1707 910 1833 947 dicunt
1852 918 1998 963 erumpi‚-
2031 925 2071 954 ut
2096 919 2136 958 in

1149 953 1273 992 libello
1304 955 1350 992 de
1371 956 1573 995 Latinitate
1599 960 1714 1008 vulgo
1743 962 1820 998 fere
1837 964 2004 1012 neglecta
2023 968 2135 1016 pluri-

1151 1004 1217 1044 bus
1237 1005 1582 1047 demonstrabimus.
1611 1010 1808 1051 VORST.

1200 1070 1260 1108 23.
1296 1058 1536 1099 vid-venarum
1565 1063 1778 1111 frequentiae
1813 1066 1914 1115 Ua]
1955 1068 2131 1118 Legenda

1149 1118 1241 1165 puto
1261 1110 1443 1158 postrema
1464 1112 1575 1150 verba
1594 1128 1659 1149 non
1677 1128 1896 1152 convenarum
1920 1120 2133 1170 frequentiae

1146 1162 1319 1217 abutentis
1348 1160 1570 1210 filffeesluram
1607 1164 1732 1202 u'rbem.
1774 1168 1989 1208 GUDIUS.
2050 1173 2134 1213 Seii,

1147 1224 1233 1262 quia
1254 1213 1324 1249 Vir
1358 1213 1453 1250 Clar.
1476 1214 1624 1252 videbat
1644 1216 1741 1254 Cod.
1761 1219 1863 1256 Harl.
1881 1220 2016 1259 habere
2029 1252 2039 1267 ,
2058 1239 2130 1263 cum

1145 1277 1318 1301 venarum.
1352 1262 1459 1302 Voff.
1475 1265 1544 1303 sec.
1565 1278 1680 1316 quem
1710 1268 1785 1306 dixi
1813 1268 1884 1308 effe
1908 1272 2015 1312 Leid.
2035 1276 2125 1325 sept.

1146 1317 1394 1353 Camenarum.

1192 1378 1250 1413 24.
1280 1368 1448 1411 Deiotaro
1466 1381 1544 1404 'vero
1561 1368 1648 1419 regi]
1680 1370 1769 1407 Hoc
1796 1373 1958 1420 primum
1987 1376 2036 1414 est
2064 1390 2130 1417 eo·-

1143 1428 1250 1462 rum,
1286 1430 1382 1467 quae
1409 1419 1490 1468 post
1514 1419 1709 1468 ingentem
1736 1421 1932 1469 lacunam,
1968 1438 2065 1476 quae
2091 1430 2130 1469 in

1146 1468 1255 1507 codd.
1273 1470 1453 1520 plerisque
1472 1471 1646 1509 omnibus
1676 1473 1748 1517 est,
1775 1474 1813 1511 in
1841 1475 1985 1525 fingulis
2012 1480 2130 1520 rursus

1145 1528 1332 1570 apparent.
1397 1521 1596 1571 Rejectum
1624 1532 1751 1562 autem
1780 1525 1850 1564 fuit
1873 1528 1912 1566 in
1940 1538 2050 1579 caput
2075 1532 2130 1569 se·-

1146 1584 1286 1622 qucns,
1314 1585 1392 1623 quo
1414 1574 1461 1611 de
1481 1574 1668 1613 ominibus
1698 1577 1839 1625 agitur,
1866 1586 1942 1618 tam
1967 1581 2004 1618 in
2026 1583 2131 1621 codi-

1146 1635 1233 1662 cum
1252 1624 1469 1664 Brand.1'llo
1494 1625 1534 1663 in
1561 1638 1638 1676 quo
1665 1628 1838 1676 proxima
1863 1630 2047 1678 superiora
2067 1646 2132 1684 ap,

1147 1683 1300 1724 parent,
1328 1688 1442 1727 quam
1469 1677 1508 1714 in
1536 1676 1625 1723 isto,
1654 1679 1713 1716 cui
1741 1679 1874 1718 eadem
1900 1682 1960 1720 illa
1989 1683 2132 1725 desunt.

1149 1727 1220 1765 Sed
1238 1727 1338 1765 reete
1359 1728 1449 1766 fecit
1467 1727 1617 1777 Pighius
1631 1757 1641 1774 ‚
1670 1730 1774 1780 quod
1804 1733 2018 1783 exemplum
2038 1736 2132 1775 istud

1147 1778 1193 1836 de
1212 1780 1400 1829 Dejotaro
1431 1780 1593 1830 conjecit
1621 1782 1737 1819 rursus
1764 1783 1801 1819 in
1824 1793 1933 1832 caput
1950 1785 1995 1823 de
2015 1788 2133 1838 auspi-

1147 1831 1220 1868 ciis.
1287 1830 1406 1879 Quod
1433 1833 1473 1870 &
1499 1839 1586 1869 ante
1613 1843 1701 1870 eum
1723 1835 1803 1883 jam
1832 1835 1948 1874 Aldus
1976 1838 2127 1878 fecerat.

1147 1882 1343 1921 VORST.
1407 1883 1594 1932 Incipiunt
1631 1886 1743 1922 etiam
1779 1886 1840 1923 hic
1869 1887 1991 1926 Codd.
2020 1892 2133 1930 nostri

1148 1934 1279 1972 omnia
1298 1935 1441 1983 integre
1460 1934 1634 1973 exhibere
1647 1964 1657 1980 ‚
1686 1937 1724 1974 δε
1740 1937 1802 1974 hic
1830 1949 1923 1976 unus
1943 1941 1982 1977 &
2002 1941 2134 1990 viginti

1148 1997 1282 2023 eorum
1297 2015 1308 2031 ‚
1320 1987 1416 2024 inter
1437 1999 1532 2036 quos
1549 1986 1608 2024 sex
1621 1987 1903 2027 Leidd.habent
1912 1994 2131 2040 auspicata.

1148 2037 1248 2075 Vide
1274 2039 1378 2087 supra
1407 2038 1450 2075 C.
1482 2051 1513 2076 1.
1548 2038 1633 2076 Ext.
1664 2052 1693 2077 1.
1731 2040 1914 2078 Nonnulli
1939 2045 2128 2093 auspicata,

1149 2088 1270 2139 Quod
1289 2089 1327 2128 in
1356 2088 1490 2139 Ultraj.
1516 2089 1641 2140 primo
1669 2090 1718 2129 est
1746 2090 1766 2130 a
1794 2103 1910 2131 manu
1934 2092 2003 2133 sec.

861 2234 1225 2291 CAPUT
1311 2235 1401 2291 Vl

554 2357 719 2421 DE
842 2359 1099 2424 OMI

249 2496 468 2558 QJAE
537 2513 947 2550 AccEPERE

465 2578 734 2611 ROMANL

116 2681 157 2730 1.
192 2682 352 2729 Patres
375 2680 600 2743 conscripti.

110 2776 153 2807 2.
193 2764 271 2809 M.
292 2758 441 2816 Furius
465 2762 668 2809 Camillus
689 2760 881 2813 dinator.

115 2855 159 2903 3.
193 2843 251 2889 L.
269 2845 478 2901 Aemilius
501 2842 680 2889 Paullus
700 2842 780 2903 cos:

106 2936 152 2986 4.
188 2925 372 2971 Caecilia
391 2928 579 2975 Metelli.

112 3021 153 3066 5.
190 3007 240 3053 C.
259 3003 437 3058 Marius
456 3009 566 3056 exul.

1144 2361 1610 2429 NIBUS.

1144 2509 1187 2552 6.
1223 2508 1299 2553 Cn.
1321 2505 1534 2567 vapejus
1559 2507 1752 2570 Magnus
1765 2519 1926 2569 procos.

1142 2605 1187 2653 7.
1220 2590 1299 2634 M.
1320 2592 1481 2637 Brutus
1495 2596 1654 2653 procos.
1692 2643 1695 2645 ,

1146 2668 1190 2714 8.
1227 2668 1278 2713 C.
1307 2669 1629 2731 Caffiusprocos.

1141 2765 1189 2811 9.
1221 2747 1291 2812 Q
1312 2747 1499 2796 Petilius
1520 2749 1597 2811 cos]

1399 2845 1443 2894 E
1476 2862 1510 2893 Χ
1547 2863 1579 2894 Τ
1615 2861 1646 2893 Ε
1683 2860 1717 2893 R
1755 2857 1791 2891 N
1824 2846 1860 2891 r.

1142 2929 1188 2972 ’1.
1222 2927 1478 2990 Prienenses.

1143 3021 1191 3055 2.
1221 3008 1530 3068 Apolloniatae.

2004 3118 2117 3157 Omi-
