2516 3509
522 62 662 121 DE
744 53 1307 124 -FIDUCIA
1387 66 1608 126 SUI.
1974 87 2081 144 299

62 175 245 229 Gallica
279 168 646 240 peregrinatione
677 170 948 220 consecutus
975 171 1067 232 est,
1102 187 1238 237 quam
1259 183 1312 218 ut
1331 171 1707 222 animadverteret
1745 176 1786 208 ⁴⁹
1810 169 1987 220 sontem
2007 188 2086 237 pa-

64 274 183 310 trem
208 257 336 306 suum
356 255 411 303 ab
432 255 734 321 integerrimo
751 256 854 304 viro
878 256 924 304 in
946 255 1135 302 exilium
1159 254 1356 302 missum.

129 340 252 387 Cato
270 352 381 385 vero
399 334 604 401 superior
624 334 943 400 saepenumero
967 335 1022 383 ab
1044 334 1239 383 inimicis
1262 338 1304 371 50
1326 332 1380 380 ad
1403 333 1577 381 caussae
1595 333 1845 381 dictionem
1866 344 2083 392 vocatus,
2175 363 2209 400 7,

64 436 152 469 nec
173 418 270 466 ullo
292 433 496 481 unquam
515 417 707 464 crimine
731 416 969 465 convictus
984 450 1000 476 ,
1033 415 1090 463 ad
1112 414 1333 462 ultimum
1362 425 1544 460 tantum
1568 412 1766 460 fiduciae
1786 415 1832 459 in
1855 412 1928 461 sua
1950 416 2080 461 inno-
2095 403 2276 483 ‘5⁸7¹‘5'Tg2‘ss'i1

61 499 213 548 centia
235 496 462 563 reposuit,
495 510 548 545 ut
572 496 628 544 ab
649 497 718 544 his
738 497 786 543 in
809 496 1118 561 quaestionem
1137 493 1372 557 publicam
1391 491 1637 551 deduetus,
1672 492 1754 539 Ti.
1780 492 2048 540 Gracchum
2064 530 2079 555 ,
2095 497 2153 521 m·

59 577 90 625 ὲ
106 593 199 642 quo
224 577 271 624 in
293 574 681 623 administratione
712 575 824 639 reip.
864 581 900 613 5¹
926 573 982 621 ad
1004 571 1206 620 multum
1233 568 1394 618 odium
1416 567 1682 628 diffidebat,
1709 567 1915 633 judicem
1941 569 2082 634 depo-

64 659 220 706 sceret.
292 663 332 695 52
361 656 470 720 Qa
493 654 680 721 quidem
702 655 840 703 animi
873 652 1143 718 praestantia
1171 651 1470 716 pertinaciam
1500 665 1662 696 eorum
1686 647 1928 697 inseffimndi
1954 647 1994 696 se
2014 650 2083 695 in-

64 736 234 785 hibuit.

128 818 305 867 Eadem
345 824 384 856 53
413 818 486 865 M.
511 817 668 866 Scauri
700 816 906 864 fortuna:
944 829 1086 879 aeque
1115 812 1314 861 senestus
1340 813 1481 879 longa
1506 828 1558 859 ac
1591 809 1796 859 robusta:
1836 809 1954 857 idem
1987 812 2078 857 ani-

61 1048 272 1101 scripsisset‚
298 1063 368 1086 cum
397 1049 432 1085 in
458 1049 640 1097 consulam.
693 1045 806 1083 Certe
826 1055 906 1083 non
925 1043 1045 1094 liquet

63 1102 235 1140 aliundei
262 1101 341 1138 sum
352 1099 613 1149 proconsulem
626 1097 785 1135 Galliam
807 1097 1043 1145 provinciam

63 1113 273 1191 obtinuissg.
326 1153 453 1199 Quare
474 1150 659 1198 cogitavi,
686 1160 732 1186 an
751 1148 883 1185 rectius
904 1147 1046 1204 legere-

62 1212 132 1242 tur.
186 1205 279 1241 Nam
309 1216 381 1240 cum
408 1204 438 1238 is
459 1203 568 1250 constal
581 1202 789 1252 provinciam
808 1200 962 1236 Galliam
989 1197 1047 1234 ob-

52 1265 191 1293 smeret.

114 1318 175 1354 47.
212 1304 423 1342 Pro-vinciam
455 1302 629 1354 Galliam]
668 1301 771 1340 Barb.
799 1302 909 1351 prim.
938 1299 1047 1340 Leid.

67 1364 152 1396 tert.
183 1356 282 1406 Cop.
302 1357 482 1394 Gallicam.
510 1355 618 1393 Leid.
642 1355 750 1404 prim.
771 1355 921 1392 Galliae.

116 1409 177 1455 48.
204 1411 307 1458 Cujus
320 1417 451 1458 patrem
470 1405 710 1455 damnaverat]
743 1409 911 1442 Damnare
931 1405 1045 1444 etiam

69 1459 175 1498 auor
186 1459 340 1503 dicitur,
353 1458 378 1496 fi
397 1470 476 1496 non
498 1458 617 1497 modo
637 1469 745 1495 reum
764 1456 928 1507 aliquem
949 1464 1046 1506 agat,

66 1511 128 1548 sed
147 1513 185 1550 ὃς
205 1519 366 1560 peragat.
418 1508 517 1546 Vide
537 1512 574 1546 &
592 1521 654 1546 111.
678 1509 712 1546 8.
732 1516 804 1547 ext.
821 1521 856 1555 4.
884 1510 922 1547 &
941 1521 1046 1554 iv,2,

68 1562 106 1600 6.
126 1563 164 1600 ὅ(
196 1574 283 1600 vm.
307 1574 338 1599 1.
362 1573 418 1609 15.
454 1560 689 1598 VORST.
742 1558 883 1598 Erraffe
900 1560 1048 1599 videtur

66 1613 239 1651 Valerius
258 1613 448 1651 Maximus
468 1623 555 1650 cum
575 1611 791 1649 Carbonem
805 1639 817 1656 ,
844 1610 866 1650 ὃ.
884 1612 930 1650 L.
943 1611 1049 1651 Cras-

64 1663 107 1702 so
136 1663 378 1708 damnatum‚
407 1664 446 1701 &
476 1664 515 1700 in
545 1663 698 1701 exilium
727 1660 876 1701 miffum
904 1663 1047 1709 scribit,

65 1726 186 1765 quum
215 1715 275 1753 ille
294 1713 518 1752 cantharidas
539 1713 750 1763 sumpserit,
779 1715 817 1752 δί
835 1713 1045 1754 voluntaria

66 1775 192 1805 morte
221 1767 256 1805 se
285 1765 306 1804 a
335 1765 529 1804 severitate
551 1765 724 1814 judicum
755 1764 978 1811 vindicarit,
1004 1774 1045 1805 ut

59 1818 205 1856 -constat
224 1830 269 1855 ex
290 1817 489 1855 Cicerone.
516 1815 616 1854 Vide
632 1816 812 1855 Animad.
834 1816 928 1856 Hist.
952 1817 1045 1867 Cap.

70 1879 106 1919 3.
131 1869 377 1908 PERIZON.
416 1867 756 1917 Quemadmodum
776 1867 875 1916 apud
896 1868 978 1907 Cic.
998 1870 1045 1907 L.

72 1932 104 1956 1.
131 1920 177 1957 de
210 1921 315 1958 Orat.
343 1932 400 1959 10.
429 1918 549 1957 editur
575 1921 673 1958 male
702 1922 763 1956 Cn.
785 1918 892 1956 Carbo
911 1931 980 1969 pro
1007 1923 1047 1960 C.

64 1969 116 2006 ita
136 1971 174 2008 ὃς
202 1970 267 2008 hic
298 1970 404 2008 Leid.
437 1971 545 2018 prim.
572 1973 634 2009 Cn.
663 1969 832 2016 exhibet,
859 1982 947 2009 curn
974 1971 1045 2010 Ed.

65 2020 175 2069 Mog.
203 2022 241 2058 ὃς
261 2022 388 2058 ceteris
410 2021 594 2059 omnibus.

118 2084 178 2120 49.
215 2076 348 2107 Somem
369 2071 518 2121 patrem]
555 2072 654 2111 Tres
684 2072 796 2109 Rem.
823 2082 911 2110 cum
940 2070 1047 2108 Harl.

57 2122 167 2170 fitne.
194 2121 264 2159 Bit.
283 2123 392 2170 prim.
402 2123 486 2168 fore.
514 2122 620 2160 Leid.
643 2122 761 2172 quint.
774 2125 908 2168 fortem.
937 2121 1047 2160 Leid.

67 2173 155 2221 sept.
186 2174 224 2210 δε
254 2172 352 2221 Cop.
382 2183 468 2209 cuin
497 2173 565 2210 sec.
596 2172 731 2221 Ultraj.
752 2171 980 2211 Periz.Tol.
1007 2173 1047 2210 ὃς

68 2224 139 2261 Ed.
156 2225 264 2272 Mog.
286 2224 381 2261 reae.
408 2222 514 2260 Leid.
532 2230 617 2261 tert.
631 2226 744 2268 forte,
776 2222 798 2257 Γ
811 2226 950 2270 fimtem.
976 2222 1048 2259 Ul-

65 2276 145 2325 traj.
177 2275 285 2324 prim.
317 2277 456 2323 sontem.
519 2274 692 2313 Omnino
716 2274 847 2320 fimtem
874 2273 1048 2322 opposuit

68 2328 291 2376 integerrimo.
327 2324 391 2363 nisi
419 2324 615 2372 scripserit,
645 2323 746 2370 Reae
763 2325 894 2370 fintem
915 2334 1048 2373 patrem

64 2377 107 2414 ab
137 2378 347 2428 integerrimo
374 2378 449 2412 ‘viro
482 2378 518 2411 in
548 2376 686 2412 exilium
716 2373 854 2422 missam.
889 2382 929 2412 ut
957 2375 1048 2412 alte-

64 2439 147 2466 rum
180 2428 221 2466 fit
241 2426 417 2466 omissum
439 2426 483 2464 ab
502 2426 568 2471 iis,
595 2424 725 2475 quibus
755 2425 911 2463 alterum
930 2424 1043 2475 glossa

64 2479 212 2517 alterius
241 2478 455 2522 videbatur,
482 2488 552 2514 nec
578 2476 829 2524 intelligebant
847 2477 931 2514 reae
952 2488 1042 2515 con-

58 2529 296 2580 jungendum
322 2528 392 2567 esse
413 2540 500 2566 cum
519 2531 564 2575 τῷ
582 2527 720 2576 miffiaem.

115 2596 176 2631 50.
203 2580 277 2623 <Ad
307 2580 432 2630 causfize
464 2578 637 2616 diffionem
663 2578 818 2630 vocatus]
858 2579 955 2629 Cop.
987 2583 1043 2617 De

63 2634 188 2681 cauffize
212 2632 362 2670 difssione.
400 2631 533 2680 Ultraj.
561 2631 630 2669 sec.
676 2641 813 2670 vocatus
840 2635 896 2679 est.
933 2632 1039 2670 Leid.

62 2685 173 2732 prim.
207 2698 263 2721 nec
288 2685 325 2720 in
345 2685 415 2720 ullo
439 2697 586 2733 amquam
614 2682 746 2718 crimine
766 2682 943 2720 εοηνὶέῗιις.
995 2683 1045 2722 Et

63 2734 204 2784 saepius
231 2737 416 2772 convincere
448 2734 666 2771 construitur
704 2731 822 2771 addita
858 2734 1043 2783 praeposi-

64 2786 171 2824 tione
194 2814 204 2830 ,
243 2789 290 2823 in.
339 2794 377 2824 ut
409 2785 557 2834 prolatis
599 2783 776 2833 exemplis
819 2785 975 2824 ostendit
1009 2785 1041 2833 J.

67 2834 195 2875 Waffe
213 2837 260 2874 ad
280 2836 348 2875 Sal.
371 2837 412 2878 B.
434 2836 515 2874 Cat.
540 2847 595 2882 14.

117 2901 177 2938 51.
203 2887 280 2928 ,Ad
306 2890 446 2924 multum
478 2885 604 2936 odium]
636 2886 691 2924 Ita
720 2885 804 2923 sane
826 2885 865 2924 &
891 2886 1039 2926 codices

69 2938 250 2978 Brandeb.
280 2939 428 2986 Pighius
462 2946 589 2977 tamen
629 2939 667 2975 in
709 2937 872 2985 margine
909 2947 1040 2984 notat,

67 2990 250 3041 quosdam
271 2990 381 3029 codd.
405 2988 539 3029 habere
560 2987 606 3028 ad
622 2989 778 3027 ultimum
798 2986 919 3029 odium.
969 2990 1040 3028 Di-

1965 907 2076 939 mus.

1096 1050 1241 1082 ceretur
1257 1051 1384 1083 autem
1405 1044 1545 1082 multum
1564 1043 1694 1088 odium,
1723 1052 1765 1081 ut
1783 1046 1925 1080 multum
1944 1046 2074 1089 vinum,

1095 1107 1165 1144 pro
1185 1096 1346 1134 multum
1365 1096 1456 1134 vini.
1482 1095 1582 1133 Vide
1597 1096 1770 1133 Lexicon
1791 1096 1956 1133 Scribon.
1970 1097 2074 1134 Rho-

1096 1147 1148 1184 dii
1165 1147 1204 1184 in
1223 1148 1582 1191 mulmmVORST.
1612 1146 1934 1185 NorabatPhrasin
1948 1148 2076 1196 Guye-

1097 1206 1156 1236 tus
1169 1211 1176 1236 :
1189 1198 1327 1236 habent
1347 1207 1476 1236 tamen
1494 1199 1543 1237 ita
1563 1200 1600 1236 ὅ(
1613 1199 1750 1245 nostri,
1767 1198 1833 1236 nisi
1852 1199 1956 1249 quod
1967 1199 2075 1237 Leid.

1095 1249 1165 1288 sec.
1192 1248 1230 1285 ob
1250 1251 1391 1286 multum
1407 1249 1527 1287 odium.

1151 1313 1209 1350 5¹2.
1237 1301 1314 1350 Qut
1333 1300 1465 1352 quidem
1480 1301 1590 1338 animi
1612 1298 1838 1351 praestantia]
1869 1300 1916 1338 Et
1937 1300 1998 1338 hic
2023 1300 2075 1338 le-

1095 1352 1264 1400 gendum
1304 1350 1453 1391 fortasse
1479 1353 1586 1390 animi
1612 1353 1803 1403 praefintia
1826 1365 1836 1394 ;
1875 1352 2074 1400 quomodo

1095 1405 1200 1453 supra
1217 1416 1282 1449 111,
1301 1415 1339 1452 7,
1360 1417 1392 1453 5.
1421 1406 1460 1442 &
1479 1412 1538 1442 tot
1556 1403 1633 1441 aliis
1652 1403 1757 1441 locis.
1782 1402 1979 1441 VORST.

1150 1468 1210 1507 53.
1232 1460 1294 1496 M.
1312 1455 1448 1506 Scauri]
1480 1456 1524 1494 In
1547 1453 1754 1492 Consulum
1786 1453 1958 1502 catalogo
1984 1453 2077 1492 duos

1098 1508 1260 1546 omnino
1292 1506 1450 1546 Scauros
1474 1506 1645 1556 reperio:
1674 1505 1830 1543 alterum
1860 1516 1961 1544 anno
1992 1505 2079 1555 639.

1097 1559 1264 1610 quinque
1284 1559 1388 1597 annis
1410 1566 1496 1597 ante
1513 1557 1654 1596 bellum
1674 1555 1962 1605 Iugurthinum:
1990 1557 2080 1594 alte-

1097 1621 1182 1650 rum
1209 1622 1311 1649 anno
1331 1610 1416 1658 646.
1441 1610 1565 1661 qui&
1585 1607 1807 1646 Hortensius
1834 1608 2081 1656 cognomina-

1097 1669 1169 1700 tus.
1220 1662 1342 1700 Unius
1372 1661 1530 1705 Scauri,
1568 1658 1689 1708 Syllae
1719 1658 1878 1707 privigni
1907 1660 2080 1708 frequens

1099 1712 1247 1751 mentio
1264 1712 1314 1751 est
1340 1712 1439 1762 apud
1457 1711 1621 1751 Plinium
1640 1711 1678 1748 in
1701 1709 1870 1748 Naturali
1891 1711 2052 1749 Historia
2067 1738 2078 1755 ,

1096 1765 1264 1802 maxime
1282 1775 1375 1802 vero
1396 1763 1490 1802 libro
1511 1775 1640 1801 xxxvx.
1659 1762 1751 1810 Cap.
1778 1774 1833 1811 15.
1854 1762 1914 1799 ubi
1933 1769 2079 1810 patrem

1097 1815 1176 1865 ejus
1195 1816 1245 1854 ait
1264 1815 1474 1865 principem
1497 1815 1651 1852 Senatus
1669 1811 1784 1851 fuiffe.
1829 1813 1944 1851 Unde
1964 1813 2079 1851 addu—

1098 1877 1164 1905 cor
1191 1866 1239 1906 de
1266 1866 1460 1905 Illustribus
1482 1867 1582 1904 Viris
1604 1864 1650 1903 ab
1679 1864 1796 1902 altero
1815 1863 1937 1902 Plinio
1951 1893 1962 1910 ,
1990 1863 2016 1901 fi
2037 1864 2082 1902 li-

1096 1917 1212 1956 bellus
1233 1930 1312 1957 non
1334 1919 1516 1956 mentitur
1537 1917 1733 1955 authorem
1748 1944 1759 1961 ‚
1772 1915 1992 1965 descriptum
2007 1913 2078 1953 esse

1095 1977 1264 2018 patrem,
1291 1970 1337 2008 de
1356 1981 1433 2020 quo
1456 1970 1568 2007 toties
1589 1967 1759 2005 Valerius
1789 1968 1929 2005 scribit:
1960 1979 2002 2005 ac
2030 1967 2075 2005 de

1096 2032 1176 2070 quo
1199 2020 1378 2060 Sallustius
1398 2022 1436 2059 in
1459 2020 1557 2058 bello
1576 2019 1799 2068 Jugurr'nino
1829 2018 1881 2056 bis
1904 2030 2078 2056 comine-

1098 2081 1225 2110 morat
1254 2084 1333 2110 non
1354 2071 1434 2110 satis
1453 2070 1648 2120 magnifice
1662 2098 1672 2114 ‚
1700 2070 1838 2120 quippe
1858 2081 1973 2121 quem
1993 2082 2078 2108 ava-

1098 2122 1278 2161 riffimum
1297 2124 1477 2172 pecuniae
1497 2120 1603 2160 fuiffe
1625 2120 1743 2159 dicat:
1758 2130 1798 2159 ut
1815 2133 1893 2159 non
1917 2122 2077 2160 omnino

1096 2184 1195 2210 vana
1214 2175 1326 2212 fuerit
1346 2174 1452 2211 Varii
1474 2171 1709 2211 Sucronensis
1729 2174 1933 2210 accusatio:
1955 2183 1991 2210 at
2014 2186 2078 2210 au-

1097 2222 1203 2260 dacia
1234 2224 1360 2261 Scauri
1391 2223 1505 2272 magis
1530 2235 1645 2273 quam
1664 2223 1922 2261 'conscientiae
1947 2223 2078 2261 fiducia

1098 2273 1198 2321 apud
1215 2273 1389 2311 stolidum
1409 2273 1593 2323 populum
1615 2271 1765 2312 diseuffa
1778 2302 1789 2319 ‚
1809 2275 1847 2311 &
1862 2274 1925 2312 sub
1947 2275 2077 2323 Jugut·

1095 2324 1161 2361 tha
1191 2323 1324 2362 ditatus
1354 2325 1453 2362 forte
1476 2324 1498 2364 ὲ
1527 2324 1745 2363 Mithridate
1775 2326 1882 2363 cavit.
1938 2327 2073 2363 Vetera

1096 2374 1209 2423 igitur
1223 2376 1402 2425 juventus
1420 2377 1589 2424 ignorare
1609 2376 1742 2424 potuit.
1791 2376 1902 2414 Certe
1925 2377 2076 2414 Scaurus

1097 2425 1387 2475 repetundarum
1407 2439 1489 2466 reus
1503 2426 1715 2465 describitur
1727 2426 1747 2465 a
1761 2427 1914 2465 Valerio
1935 2430 1972 2464 ¹-.
1989 2439 2073 2463 vm.

1096 2477 1188 2526 Cap.
1210 2490 1245 2515 2.
1272 2479 1333 2516 De
1358 2478 1572 2516 Infamibus.
1613 2477 1683 2516 Sed
1702 2477 1796 2517 adeo
1818 2480 1952 2516 incerta
1976 2477 2070 2524 apud

1094 2529 1194 2566 hunc
1205 2529 1418 2568 Authorem
1433 2558 1444 2575 ,
1455 2529 1501 2568 de
1515 2538 1615 2579 patre
1635 2541 1681 2568 an
1701 2529 1776 2568 filio
1787 2530 1976 2578 loquatur,
1990 2528 2069 2565 sunt

1096 2581 1223 2618 omnia
1238 2609 1248 2625 ,
1269 2588 1309 2619 ut
1332 2592 1403 2630 ego
1417 2580 1437 2619 a
1453 2581 1546 2631 justa
1566 2580 1847 2630 reprehensione
1870 2580 2065 2616 authorem

1096 2632 1267 2670 excusare
1297 2643 1497 2683 nequeam.
1551 2631 1622 2670 Sed
1654 2643 1702 2670 ne
1727 2631 1846 2668 leetor
1869 2629 1992 2666 credat
2014 2638 2068 2667 te-

1096 2695 1199 2721 mere
1222 2695 1284 2722 me
1305 2684 1381 2721 hoc
1394 2683 1516 2722 dicere
1530 2684 1633 2729 ,loca
1656 2683 1701 2720 de
1713 2679 2069 2727 Scaurisapu.lhu11‹:

1096 2735 1294 2773 authorem
1323 2734 1530 2779 adducam,
1555 2743 1596 2773 ut
1616 2733 1799 2782 judicium
1832 2730 1870 2768 lit
1890 2743 2003 2779 penes
2019 2731 2074 2768 le-

1096 2786 1252 2824 ciorem.
1308 2786 1349 2824 In
1377 2786 1454 2824 hoc
1482 2785 1578 2824 adeo
1603 2784 1687 2822 Lib.
1708 2783 1798 2831 Cap.
1831 2795 1860 2819 1.
1890 2783 1935 2819 de
1954 2783 2073 2820 Forti-

1095 2838 1223 2875 tudine
1254 2836 1300 2874 de
1332 2845 1432 2886 patre
1457 2838 1562 2887 loqui
1587 2834 1743 2872 videtur.
1797 2833 1913 2871 Libro
1944 2846 2068 2872 autem

1093 2897 1226 2938 quarto
1256 2887 1301 2925 de
1327 2890 1546 2939 Paupertate
1576 2887 1666 2934 Cap.
1695 2897 1729 2932 4.
1761 2883 1807 2922 de
1839 2884 1915 2922 filio
1938 2885 2068 2922 sonant

1091 2940 1217 2978 verba.
1267 2940 1400 2978 Rursus
1429 2939 1511 2977 Lib.
1539 2950 1575 2976 v.
1605 2938 1697 2985 Cap.
1728 2936 1761 2974 8.
1798 2935 1843 2974 de
1862 2937 2062 2973 Parentum

1091 2991 1282 3031 severitate
1296 3019 1305 3036 ,
1334 2991 1379 3030 de
1401 3000 1512 3041 patre.
1564 2988 1628 3077 {n
1657 2996 1784 3026 autem
1805 2987 1916 3037 primi
1939 2986 2062 3075 Ξεῖυιή

1621 3051 1644 3089 p
1673 3051 1693 3076 ι
2003 3048 2069 3076 ioc
