<?xml version="1.0" encoding="UTF-8"?>
<!DOCTYPE html PUBLIC "-//W3C//DTD XHTML 1.0 Transitional//EN"
    "http://www.w3.org/TR/xhtml1/DTD/xhtml1-transitional.dtd">
<html xmlns="http://www.w3.org/1999/xhtml" xml:lang="en" lang="en">
 <head>
  <title>
</title>
<meta http-equiv="Content-Type" content="text/html;charset=utf-8" />
  <meta name='ocr-system' content='tesseract 3.04.00' />
  <meta name='ocr-capabilities' content='ocr_page ocr_carea ocr_par ocr_line ocrx_word'/>
</head>
<body>
  <div class='ocr_page' id='page_1' title='image "./librinovemfactor00valeuoft_0873.png"; bbox 0 0 2516 3509; ppageno 0'>
   <div class='ocr_carea' id='block_1_1' title="bbox 259 105 2125 185">
    <p class='ocr_par' dir='ltr' id='par_1_1' title="bbox 259 105 2125 185">
     <span class='ocr_line' id='line_1_1' title="bbox 259 105 2125 185; baseline -0.001 -16"><span class='ocrx_word' id='word_1_1' title='bbox 259 110 435 169; x_wconf 89' lang='lat' dir='ltr'><strong>VAL.</strong></span> <span class='ocrx_word' id='word_1_2' title='bbox 482 105 680 167; x_wconf 90' lang='lat' dir='ltr'><strong>MAX.</strong></span> <span class='ocrx_word' id='word_1_3' title='bbox 722 106 848 165; x_wconf 66' lang='lat' dir='ltr'>Lm.</span> <span class='ocrx_word' id='word_1_4' title='bbox 886 107 988 167; x_wconf 88' lang='lat' dir='ltr'>IX.</span> <span class='ocrx_word' id='word_1_5' title='bbox 1031 109 1175 165; x_wconf 61' lang='lat' dir='ltr'>Car».</span> <span class='ocrx_word' id='word_1_6' title='bbox 1217 106 1315 166; x_wconf 87' lang='lat' dir='ltr'>lv.</span> <span class='ocrx_word' id='word_1_7' title='bbox 1385 106 1488 163; x_wconf 92' lang='lat' dir='ltr'>DE</span> <span class='ocrx_word' id='word_1_8' title='bbox 1537 106 1940 168; x_wconf 84' lang='lat' dir='ltr'>AVARITIA.</span> <span class='ocrx_word' id='word_1_9' title='bbox 2020 113 2125 185; x_wconf 84' lang='lat'>819</span> 
     </span>
    </p>
   </div>
   <div class='ocr_carea' id='block_1_2' title="bbox 765 272 1261 329">
    <p class='ocr_par' dir='ltr' id='par_1_2' title="bbox 765 272 1261 329">
     <span class='ocr_line' id='line_1_2' title="bbox 765 272 1261 329; baseline 0 -3"><span class='ocrx_word' id='word_1_10' title='bbox 765 272 1261 329; x_wconf 78' lang='lat' dir='ltr'>CAPUT</span> 
     </span>
    </p>
   </div>
   <div class='ocr_carea' id='block_1_3' title="bbox 1404 272 1505 330">
    <p class='ocr_par' dir='ltr' id='par_1_3' title="bbox 1404 272 1505 330">
     <span class='ocr_line' id='line_1_3' title="bbox 1404 272 1505 330; baseline 0.02 -4"><span class='ocrx_word' id='word_1_11' title='bbox 1404 272 1505 330; x_wconf 91' lang='lat' dir='ltr'>IV.</span> 
     </span>
    </p>
   </div>
   <div class='ocr_carea' id='block_1_4' title="bbox 595 401 1653 467">
    <p class='ocr_par' dir='ltr' id='par_1_4' title="bbox 595 401 1653 467">
     <span class='ocr_line' id='line_1_4' title="bbox 595 401 1653 467; baseline 0.003 -6"><span class='ocrx_word' id='word_1_12' title='bbox 595 402 754 464; x_wconf 92' lang='lat' dir='ltr'>DE</span> <span class='ocrx_word' id='word_1_13' title='bbox 852 401 1653 467; x_wconf 87' lang='lat' dir='ltr'><strong>AVARITIA.</strong></span> 
     </span>
    </p>
   </div>
   <div class='ocr_carea' id='block_1_5' title="bbox 140 542 909 737">
    <p class='ocr_par' dir='ltr' id='par_1_5' title="bbox 140 542 909 737">
     <span class='ocr_line' id='line_1_5' title="bbox 142 542 909 607; baseline -0.004 -15"><span class='ocrx_word' id='word_1_14' title='bbox 142 563 180 592; x_wconf 91' lang='lat'>1.</span> <span class='ocrx_word' id='word_1_15' title='bbox 218 547 292 590; x_wconf 67' lang='grc' dir='ltr'>ΛΔ.</span> <span class='ocrx_word' id='word_1_16' title='bbox 331 542 462 599; x_wconf 60' lang='lat' dir='ltr'>Crassi</span> <span class='ocrx_word' id='word_1_17' title='bbox 497 543 548 594; x_wconf 67' lang='lat'>&amp;³</span> <span class='ocrx_word' id='word_1_18' title='bbox 586 544 648 607; x_wconf 56' lang='lat' dir='ltr'>Q.</span> <span class='ocrx_word' id='word_1_19' title='bbox 685 542 909 606; x_wconf 65' lang='lat' dir='ltr'>fflrtensti.</span> 
     </span>
     <span class='ocr_line' id='line_1_6' title="bbox 140 608 822 674; baseline -0.007 -17"><span class='ocrx_word' id='word_1_20' title='bbox 140 627 182 657; x_wconf 90' lang='lat'>2.</span> <span class='ocrx_word' id='word_1_21' title='bbox 217 612 285 674; x_wconf 62' lang='lat' dir='ltr'>‚Q</span> <span class='ocrx_word' id='word_1_22' title='bbox 319 608 446 666; x_wconf 69' lang='lat' dir='ltr'>Caffil</span> <span class='ocrx_word' id='word_1_23' title='bbox 480 609 656 669; x_wconf 76' lang='lat' dir='ltr'><em>Longini</em></span> <span class='ocrx_word' id='word_1_24' title='bbox 682 620 822 667; x_wconf 76' lang='lat' dir='ltr'>propr.</span> 
     </span>
     <span class='ocr_line' id='line_1_7' title="bbox 141 673 572 737; baseline -0.009 -15"><span class='ocrx_word' id='word_1_25' title='bbox 141 692 181 737; x_wconf 82' lang='lat'>3.</span> <span class='ocrx_word' id='word_1_26' title='bbox 218 677 272 722; x_wconf 91' lang='lat' dir='ltr'>L.</span> <span class='ocrx_word' id='word_1_27' title='bbox 307 673 572 733; x_wconf 75' lang='lat' dir='ltr'>Septimuleji.</span> 
     </span>
    </p>
   </div>
   <div class='ocr_carea' id='block_1_6' title="bbox 1163 593 1891 732">
    <p class='ocr_par' dir='ltr' id='par_1_6' title="bbox 1163 593 1891 732">
     <span class='ocr_line' id='line_1_8' title="bbox 1421 593 1869 641; baseline -0.004 -1"><span class='ocrx_word' id='word_1_28' title='bbox 1421 593 1463 640; x_wconf 92' lang='lat' dir='ltr'>E</span> <span class='ocrx_word' id='word_1_29' title='bbox 1495 610 1526 639; x_wconf 84' lang='lat' dir='ltr'><strong>x</strong></span> <span class='ocrx_word' id='word_1_30' title='bbox 1562 611 1593 640; x_wconf 88' lang='lat' dir='ltr'>T</span> <span class='ocrx_word' id='word_1_31' title='bbox 1628 612 1657 641; x_wconf 84' lang='lat' dir='ltr'>E</span> <span class='ocrx_word' id='word_1_32' title='bbox 1695 610 1729 640; x_wconf 84' lang='lat' dir='ltr'>R</span> <span class='ocrx_word' id='word_1_33' title='bbox 1767 609 1802 639; x_wconf 90' lang='lat' dir='ltr'>N</span> <span class='ocrx_word' id='word_1_34' title='bbox 1840 610 1869 639; x_wconf 84' lang='lat'>1.</span> 
     </span>
     <span class='ocr_line' id='line_1_9' title="bbox 1163 672 1891 732; baseline 0.001 -17"><span class='ocrx_word' id='word_1_35' title='bbox 1163 687 1202 716; x_wconf 75' lang='grc' dir='ltr'>ι.</span> <span class='ocrx_word' id='word_1_36' title='bbox 1239 672 1461 717; x_wconf 75' lang='lat' dir='ltr'><em>Ptolemaei</em></span> <span class='ocrx_word' id='word_1_37' title='bbox 1497 673 1737 731; x_wconf 72' lang='lat' dir='ltr'><em>Cypriorum</em></span> <span class='ocrx_word' id='word_1_38' title='bbox 1771 673 1891 732; x_wconf 77' lang='lat' dir='ltr'>regis.</span> 
     </span>
    </p>
   </div>
   <div class='ocr_carea' id='block_1_7' title="bbox 143 796 2129 945">
    <p class='ocr_par' dir='ltr' id='par_1_7' title="bbox 143 796 2129 945">
     <span class='ocr_line' id='line_1_10' title="bbox 143 796 2129 915; baseline -0.005 -64"><span class='ocrx_word' id='word_1_39' title='bbox 143 812 152 830; x_wconf 91' lang='lat'>¹</span> <span class='ocrx_word' id='word_1_40' title='bbox 203 801 540 915; x_wconf 69' lang='lat' dir='ltr'>Protrahatur</span> <span class='ocrx_word' id='word_1_41' title='bbox 573 801 709 846; x_wconf 84' lang='lat' dir='ltr'>etiam</span> <span class='ocrx_word' id='word_1_42' title='bbox 744 800 925 847; x_wconf 87' lang='lat' dir='ltr'>avaritia</span> <span class='ocrx_word' id='word_1_43' title='bbox 949 833 963 857; x_wconf 84' lang='lat'>‚</span> <span class='ocrx_word' id='word_1_44' title='bbox 999 800 1236 848; x_wconf 87' lang='lat' dir='ltr'>latentium</span> <span class='ocrx_word' id='word_1_45' title='bbox 1270 799 1524 863; x_wconf 81' lang='lat' dir='ltr'>indagatrix</span> <span class='ocrx_word' id='word_1_46' title='bbox 1558 798 1790 844; x_wconf 83' lang='lat' dir='ltr'>lucrorum</span> <span class='ocrx_word' id='word_1_47' title='bbox 1818 833 1833 858; x_wconf 81' lang='lat'>‚</span> <span class='ocrx_word' id='word_1_48' title='bbox 1878 796 2129 844; x_wconf 76' lang='lat' dir='ltr'>manifestae</span> 
     </span>
     <span class='ocr_line' id='line_1_11' title="bbox 285 875 2129 945; baseline -0.003 -18"><span class='ocrx_word' id='word_1_49' title='bbox 285 879 471 945; x_wconf 77' lang='lat' dir='ltr'>praedae</span> <span class='ocrx_word' id='word_1_50' title='bbox 515 878 758 926; x_wconf 84' lang='lat' dir='ltr'>avidiffima</span> <span class='ocrx_word' id='word_1_51' title='bbox 799 894 970 942; x_wconf 77' lang='lat' dir='ltr'>vorago</span> <span class='ocrx_word' id='word_1_52' title='bbox 992 901 1006 935; x_wconf 78' lang='lat'>3</span> <span class='ocrx_word' id='word_1_53' title='bbox 1064 895 1148 925; x_wconf 88' lang='lat' dir='ltr'>nec</span> <span class='ocrx_word' id='word_1_54' title='bbox 1193 878 1387 925; x_wconf 86' lang='lat' dir='ltr'>habendi</span> <span class='ocrx_word' id='word_1_55' title='bbox 1422 877 1574 925; x_wconf 65' lang='lat' dir='ltr'>fruetu</span> <span class='ocrx_word' id='word_1_56' title='bbox 1606 876 1749 935; x_wconf 80' lang='lat' dir='ltr'>felix,</span> <span class='ocrx_word' id='word_1_57' title='bbox 1796 876 1843 922; x_wconf 67' lang='grc' dir='ltr'>ὃ(</span> <span class='ocrx_word' id='word_1_58' title='bbox 1881 875 2129 939; x_wconf 84' lang='lat' dir='ltr'>cupiditate</span> 
     </span>
    </p>
   </div>
   <div class='ocr_carea' id='block_1_8' title="bbox 141 958 671 1022">
    <p class='ocr_par' dir='ltr' id='par_1_8' title="bbox 141 958 671 1022">
     <span class='ocr_line' id='line_1_12' title="bbox 141 958 671 1022; baseline -0.006 -15"><span class='ocrx_word' id='word_1_59' title='bbox 141 959 381 1022; x_wconf 84' lang='lat' dir='ltr'>quaerendi</span> <span class='ocrx_word' id='word_1_60' title='bbox 415 958 671 1005; x_wconf 85' lang='lat' dir='ltr'>miserrima.</span> 
     </span>
    </p>
   </div>
   <div class='ocr_carea' id='block_1_9' title="bbox 205 1035 2124 1101">
    <p class='ocr_par' dir='ltr' id='par_1_9' title="bbox 205 1035 2124 1101">
     <span class='ocr_line' id='line_1_13' title="bbox 205 1035 2124 1101; baseline -0.003 -16"><span class='ocrx_word' id='word_1_61' title='bbox 205 1040 328 1085; x_wconf 87' lang='lat' dir='ltr'>Cum</span> <span class='ocrx_word' id='word_1_62' title='bbox 364 1038 609 1084; x_wconf 77' lang='lat' dir='ltr'>admodum</span> <span class='ocrx_word' id='word_1_63' title='bbox 645 1038 866 1101; x_wconf 82' lang='lat' dir='ltr'>locupleti</span> <span class='ocrx_word' id='word_1_64' title='bbox 913 1038 971 1083; x_wconf 92' lang='lat' dir='ltr'>L.</span> <span class='ocrx_word' id='word_1_65' title='bbox 1020 1038 1235 1084; x_wconf 85' lang='lat' dir='ltr'>Minucio</span> <span class='ocrx_word' id='word_1_66' title='bbox 1270 1036 1417 1084; x_wconf 82' lang='lat' dir='ltr'>Bafiio</span> <span class='ocrx_word' id='word_1_67' title='bbox 1461 1036 1617 1083; x_wconf 77' lang='lat' dir='ltr'>falsum</span> <span class='ocrx_word' id='word_1_68' title='bbox 1663 1036 1980 1083; x_wconf 83' lang='lat' dir='ltr'>testamentum</span> <span class='ocrx_word' id='word_1_69' title='bbox 2026 1035 2124 1097; x_wconf 85' lang='lat' dir='ltr'>qui-</span> 
     </span>
    </p>
   </div>
   <div class='ocr_carea' id='block_1_10' title="bbox 140 1113 2315 1189">
    <p class='ocr_par' dir='ltr' id='par_1_10' title="bbox 140 1113 2315 1189">
     <span class='ocr_line' id='line_1_14' title="bbox 140 1113 2315 1189; baseline -0.003 -23"><span class='ocrx_word' id='word_1_70' title='bbox 140 1121 242 1166; x_wconf 86' lang='lat' dir='ltr'>dam</span> <span class='ocrx_word' id='word_1_71' title='bbox 278 1119 323 1164; x_wconf 88' lang='lat' dir='ltr'>in</span> <span class='ocrx_word' id='word_1_72' title='bbox 359 1118 552 1164; x_wconf 81' lang='lat' dir='ltr'>Graecia</span> <span class='ocrx_word' id='word_1_73' title='bbox 584 1116 871 1182; x_wconf 81' lang='lat' dir='ltr'>subjecisset,</span> <span class='ocrx_word' id='word_1_74' title='bbox 919 1124 932 1143; x_wconf 82' lang='lat'>²</span> <span class='ocrx_word' id='word_1_75' title='bbox 976 1114 1263 1180; x_wconf 83' lang='lat' dir='ltr'>ejusdemque</span> <span class='ocrx_word' id='word_1_76' title='bbox 1307 1115 1608 1162; x_wconf 86' lang='lat' dir='ltr'>confirmandi</span> <span class='ocrx_word' id='word_1_77' title='bbox 1642 1115 1785 1179; x_wconf 83' lang='lat' dir='ltr'>gratia</span> <span class='ocrx_word' id='word_1_78' title='bbox 1807 1149 1822 1173; x_wconf 81' lang='lat'>,</span> <span class='ocrx_word' id='word_1_79' title='bbox 1871 1113 2121 1177; x_wconf 78' lang='lat' dir='ltr'>potentiffi-</span> <span class='ocrx_word' id='word_1_80' title='bbox 2142 1118 2315 1189; x_wconf 59' lang='lat' dir='ltr'>pieoffic.</span> 
     </span>
    </p>
   </div>
   <div class='ocr_carea' id='block_1_11' title="bbox 140 1190 2131 1570">
    <p class='ocr_par' dir='ltr' id='par_1_11' title="bbox 140 1190 2131 1570">
     <span class='ocr_line' id='line_1_15' title="bbox 140 1190 2123 1253; baseline -0.004 -11"><span class='ocrx_word' id='word_1_81' title='bbox 140 1213 238 1243; x_wconf 88' lang='lat' dir='ltr'>mos</span> <span class='ocrx_word' id='word_1_82' title='bbox 275 1196 468 1242; x_wconf 84' lang='lat' dir='ltr'>civitatis</span> <span class='ocrx_word' id='word_1_83' title='bbox 503 1194 677 1241; x_wconf 90' lang='lat' dir='ltr'>nostrae</span> <span class='ocrx_word' id='word_1_84' title='bbox 709 1195 828 1241; x_wconf 84' lang='lat' dir='ltr'>viros</span> <span class='ocrx_word' id='word_1_85' title='bbox 865 1193 938 1240; x_wconf 88' lang='lat' dir='ltr'>M.</span> <span class='ocrx_word' id='word_1_86' title='bbox 975 1192 1181 1238; x_wconf 86' lang='lat' dir='ltr'>Crassum</span> <span class='ocrx_word' id='word_1_87' title='bbox 1217 1191 1265 1238; x_wconf 58' lang='grc' dir='ltr'>ἃ</span> <span class='ocrx_word' id='word_1_88' title='bbox 1300 1191 1374 1250; x_wconf 89' lang='lat' dir='ltr'>Q</span> <span class='ocrx_word' id='word_1_89' title='bbox 1402 1190 1734 1249; x_wconf 76' lang='lat' dir='ltr'>Hortensium,</span> <span class='ocrx_word' id='word_1_90' title='bbox 1767 1190 1928 1253; x_wconf 81' lang='lat' dir='ltr'>quibus</span> <span class='ocrx_word' id='word_1_91' title='bbox 1965 1191 2123 1235; x_wconf 76' lang='lat' dir='ltr'>Minu-</span> 
     </span>
     <span class='ocr_line' id='line_1_16' title="bbox 141 1264 2124 1338; baseline -0.005 -18"><span class='ocrx_word' id='word_1_92' title='bbox 141 1275 236 1321; x_wconf 87' lang='lat' dir='ltr'>cius</span> <span class='ocrx_word' id='word_1_93' title='bbox 272 1275 454 1338; x_wconf 78' lang='lat' dir='ltr'>ignotus</span> <span class='ocrx_word' id='word_1_94' title='bbox 490 1272 662 1332; x_wconf 80' lang='lat' dir='ltr'>fuerat,</span> <span class='ocrx_word' id='word_1_95' title='bbox 698 1272 860 1319; x_wconf 86' lang='lat' dir='ltr'>tabulis</span> <span class='ocrx_word' id='word_1_96' title='bbox 894 1270 1077 1317; x_wconf 83' lang='lat' dir='ltr'>heredes</span> <span class='ocrx_word' id='word_1_97' title='bbox 1113 1269 1381 1327; x_wconf 70' lang='lat' dir='ltr'>iiisertiiffet‚</span> <span class='ocrx_word' id='word_1_98' title='bbox 1428 1281 1681 1330; x_wconf 85' lang='lat' dir='ltr'>quanquam</span> <span class='ocrx_word' id='word_1_99' title='bbox 1717 1264 1896 1311; x_wconf 73' lang='lat' dir='ltr'>evidens</span> <span class='ocrx_word' id='word_1_100' title='bbox 1931 1264 2044 1312; x_wconf 80' lang='lat' dir='ltr'>fraus</span> <span class='ocrx_word' id='word_1_101' title='bbox 2080 1283 2124 1312; x_wconf 90' lang='grc'>6-</span> 
     </span>
     <span class='ocr_line' id='line_1_17' title="bbox 141 1342 2127 1414; baseline -0.005 -17"><span class='ocrx_word' id='word_1_102' title='bbox 141 1365 232 1411; x_wconf 76' lang='lat' dir='ltr'>rat,</span> <span class='ocrx_word' id='word_1_103' title='bbox 266 1365 417 1398; x_wconf 86' lang='lat' dir='ltr'>tamen</span> <span class='ocrx_word' id='word_1_104' title='bbox 448 1363 640 1413; x_wconf 86' lang='lat' dir='ltr'>uterque</span> <span class='ocrx_word' id='word_1_105' title='bbox 675 1350 893 1412; x_wconf 86' lang='lat' dir='ltr'>pecuniae</span> <span class='ocrx_word' id='word_1_106' title='bbox 929 1349 1147 1414; x_wconf 80' lang='lat' dir='ltr'>cupidus,</span> <span class='ocrx_word' id='word_1_107' title='bbox 1192 1348 1400 1394; x_wconf 87' lang='lat' dir='ltr'>facinoris</span> <span class='ocrx_word' id='word_1_108' title='bbox 1435 1345 1562 1391; x_wconf 85' lang='lat' dir='ltr'>alieni</span> <span class='ocrx_word' id='word_1_109' title='bbox 1598 1358 1761 1389; x_wconf 86' lang='lat' dir='ltr'>munus</span> <span class='ocrx_word' id='word_1_110' title='bbox 1796 1359 1888 1389; x_wconf 88' lang='lat' dir='ltr'>non</span> <span class='ocrx_word' id='word_1_111' title='bbox 1923 1342 2127 1405; x_wconf 81' lang='lat' dir='ltr'>repudia-</span> 
     </span>
     <span class='ocr_line' id='line_1_18' title="bbox 141 1422 2131 1494; baseline -0.004 -18"><span class='ocrx_word' id='word_1_112' title='bbox 141 1431 222 1477; x_wconf 85' lang='lat' dir='ltr'>vit.</span> <span class='ocrx_word' id='word_1_113' title='bbox 293 1429 527 1489; x_wconf 84' lang='lat' dir='ltr'>Qiantam</span> <span class='ocrx_word' id='word_1_114' title='bbox 561 1429 742 1494; x_wconf 85' lang='lat' dir='ltr'>culpam</span> <span class='ocrx_word' id='word_1_115' title='bbox 784 1436 796 1466; x_wconf 80' lang='lat'><em>3</em></span> <span class='ocrx_word' id='word_1_116' title='bbox 834 1445 970 1493; x_wconf 86' lang='lat' dir='ltr'>quam</span> <span class='ocrx_word' id='word_1_117' title='bbox 1005 1430 1162 1476; x_wconf 84' lang='lat' dir='ltr'>leviter</span> <span class='ocrx_word' id='word_1_118' title='bbox 1198 1427 1355 1474; x_wconf 82' lang='lat' dir='ltr'>retuli!</span> <span class='ocrx_word' id='word_1_119' title='bbox 1405 1425 1604 1471; x_wconf 85' lang='lat' dir='ltr'>Lumina</span> <span class='ocrx_word' id='word_1_120' title='bbox 1638 1422 1785 1468; x_wconf 87' lang='lat' dir='ltr'>curiae</span> <span class='ocrx_word' id='word_1_121' title='bbox 1813 1456 1827 1479; x_wconf 78' lang='lat'>,</span> <span class='ocrx_word' id='word_1_122' title='bbox 1872 1437 2131 1468; x_wconf 84' lang='lat' dir='ltr'>ornamenta</span> 
     </span>
     <span class='ocr_line' id='line_1_19' title="bbox 140 1501 2126 1570; baseline -0.004 -16"><span class='ocrx_word' id='word_1_123' title='bbox 140 1507 228 1554; x_wconf 89' lang='lat' dir='ltr'>fori</span> <span class='ocrx_word' id='word_1_124' title='bbox 254 1542 267 1567; x_wconf 84' lang='lat'>‚</span> <span class='ocrx_word' id='word_1_125' title='bbox 323 1515 344 1545; x_wconf 77' lang='lat'>4</span> <span class='ocrx_word' id='word_1_126' title='bbox 388 1507 513 1570; x_wconf 89' lang='lat' dir='ltr'>quod</span> <span class='ocrx_word' id='word_1_127' title='bbox 548 1507 685 1554; x_wconf 88' lang='lat' dir='ltr'>scelus</span> <span class='ocrx_word' id='word_1_128' title='bbox 719 1506 951 1554; x_wconf 84' lang='lat' dir='ltr'>vindicare</span> <span class='ocrx_word' id='word_1_129' title='bbox 985 1506 1210 1553; x_wconf 81' lang='lat' dir='ltr'>debebant</span> <span class='ocrx_word' id='word_1_130' title='bbox 1233 1540 1248 1565; x_wconf 77' lang='lat'>‚</span> <span class='ocrx_word' id='word_1_131' title='bbox 1295 1502 1519 1550; x_wconf 87' lang='lat' dir='ltr'>inhonesti</span> <span class='ocrx_word' id='word_1_132' title='bbox 1554 1501 1668 1547; x_wconf 91' lang='lat' dir='ltr'>lucri</span> <span class='ocrx_word' id='word_1_133' title='bbox 1705 1512 1889 1561; x_wconf 83' lang='lat' dir='ltr'>captura</span> <span class='ocrx_word' id='word_1_134' title='bbox 1923 1501 2126 1560; x_wconf 76' lang='lat' dir='ltr'>invitati,</span> 
     </span>
    </p>
   </div>
   <div class='ocr_carea' id='block_1_12' title="bbox 139 1584 858 1634">
    <p class='ocr_par' dir='ltr' id='par_1_12' title="bbox 139 1584 858 1634">
     <span class='ocr_line' id='line_1_20' title="bbox 139 1584 858 1634; baseline -0.004 0"><span class='ocrx_word' id='word_1_135' title='bbox 139 1585 481 1634; x_wconf 64' lang='lat' dir='ltr'>auetoritatibus</span> <span class='ocrx_word' id='word_1_136' title='bbox 515 1584 598 1632; x_wconf 86' lang='lat' dir='ltr'>suis</span> <span class='ocrx_word' id='word_1_137' title='bbox 632 1597 858 1632; x_wconf 81' lang='lat' dir='ltr'>texerunt.</span> 
     </span>
    </p>
   </div>
   <div class='ocr_carea' id='block_1_13' title="bbox 139 1789 1114 3057">
    <p class='ocr_par' dir='ltr' id='par_1_13' title="bbox 143 1789 1114 2398">
     <span class='ocr_line' id='line_1_21' title="bbox 196 1789 1110 1839; baseline -0.004 -9"><span class='ocrx_word' id='word_1_138' title='bbox 196 1804 228 1830; x_wconf 92' lang='lat'>1.</span> <span class='ocrx_word' id='word_1_139' title='bbox 255 1791 478 1829; x_wconf 75' lang='lat' dir='ltr'>Protrahatur</span> <span class='ocrx_word' id='word_1_140' title='bbox 499 1791 601 1828; x_wconf 82' lang='lat' dir='ltr'>etiam</span> <span class='ocrx_word' id='word_1_141' title='bbox 620 1792 655 1828; x_wconf 85' lang='lat' dir='ltr'>in</span> <span class='ocrx_word' id='word_1_142' title='bbox 674 1790 815 1828; x_wconf 80' lang='lat' dir='ltr'>medium</span> <span class='ocrx_word' id='word_1_143' title='bbox 834 1789 1006 1839; x_wconf 60' lang='lat' dir='ltr'>avaritia]</span> <span class='ocrx_word' id='word_1_144' title='bbox 1019 1791 1110 1827; x_wconf 85' lang='lat' dir='ltr'>Ver-</span> 
     </span>
     <span class='ocr_line' id='line_1_22' title="bbox 144 1841 1114 1892; baseline -0.001 -13"><span class='ocrx_word' id='word_1_145' title='bbox 144 1841 189 1879; x_wconf 89' lang='lat' dir='ltr'>ba</span> <span class='ocrx_word' id='word_1_146' title='bbox 221 1844 257 1878; x_wconf 80' lang='lat' dir='ltr'>in</span> <span class='ocrx_word' id='word_1_147' title='bbox 282 1844 424 1879; x_wconf 86' lang='lat' dir='ltr'>medium</span> <span class='ocrx_word' id='word_1_148' title='bbox 449 1871 460 1887; x_wconf 96' lang='lat'>‚</span> <span class='ocrx_word' id='word_1_149' title='bbox 495 1844 664 1892; x_wconf 86' lang='lat' dir='ltr'>quinque</span> <span class='ocrx_word' id='word_1_150' title='bbox 693 1841 914 1890; x_wconf 79' lang='lat' dir='ltr'>exemplaria</span> <span class='ocrx_word' id='word_1_151' title='bbox 945 1853 1024 1879; x_wconf 92' lang='lat' dir='ltr'>non</span> <span class='ocrx_word' id='word_1_152' title='bbox 1048 1841 1114 1879; x_wconf 84' lang='lat' dir='ltr'>ha-</span> 
     </span>
     <span class='ocr_line' id='line_1_23' title="bbox 145 1892 1112 1942; baseline 0 -13"><span class='ocrx_word' id='word_1_153' title='bbox 145 1893 263 1940; x_wconf 83' lang='lat' dir='ltr'>bent:</span> <span class='ocrx_word' id='word_1_154' title='bbox 310 1896 550 1942; x_wconf 86' lang='lat' dir='ltr'>Quapropter</span> <span class='ocrx_word' id='word_1_155' title='bbox 580 1892 692 1930; x_wconf 85' lang='lat' dir='ltr'>affuta</span> <span class='ocrx_word' id='word_1_156' title='bbox 717 1892 889 1931; x_wconf 85' lang='lat' dir='ltr'>videntur</span> <span class='ocrx_word' id='word_1_157' title='bbox 915 1903 959 1929; x_wconf 84' lang='lat' dir='ltr'>ex</span> <span class='ocrx_word' id='word_1_158' title='bbox 987 1892 1112 1941; x_wconf 84' lang='lat' dir='ltr'>aliquo</span> 
     </span>
     <span class='ocr_line' id='line_1_24' title="bbox 144 1940 1110 1991; baseline 0 -11"><span class='ocrx_word' id='word_1_159' title='bbox 144 1941 362 1991; x_wconf 74' lang='lat' dir='ltr'>glossemate</span> <span class='ocrx_word' id='word_1_160' title='bbox 376 1972 386 1987; x_wconf 95' lang='lat'>‚</span> <span class='ocrx_word' id='word_1_161' title='bbox 406 1956 492 1982; x_wconf 89' lang='lat' dir='ltr'>cum</span> <span class='ocrx_word' id='word_1_162' title='bbox 510 1943 606 1982; x_wconf 84' lang='lat' dir='ltr'>salva</span> <span class='ocrx_word' id='word_1_163' title='bbox 625 1944 804 1982; x_wconf 89' lang='lat' dir='ltr'>sententia</span> <span class='ocrx_word' id='word_1_164' title='bbox 826 1940 943 1981; x_wconf 80' lang='lat' dir='ltr'>abeffe</span> <span class='ocrx_word' id='word_1_165' title='bbox 967 1943 1110 1991; x_wconf 80' lang='lat' dir='ltr'>poffint.</span> 
     </span>
     <span class='ocr_line' id='line_1_25' title="bbox 143 1993 1114 2032; baseline -0.002 0"><span class='ocrx_word' id='word_1_166' title='bbox 143 1995 286 2032; x_wconf 88' lang='lat' dir='ltr'>PIGH.</span> <span class='ocrx_word' id='word_1_167' title='bbox 316 1995 561 2031; x_wconf 78' lang='lat' dir='ltr'>Protrabantur</span> <span class='ocrx_word' id='word_1_168' title='bbox 579 1997 681 2031; x_wconf 81' lang='lat' dir='ltr'>etiam</span> <span class='ocrx_word' id='word_1_169' title='bbox 698 1996 864 2031; x_wconf 62' lang='lat' dir='ltr'>avaritia.</span> <span class='ocrx_word' id='word_1_170' title='bbox 899 1994 1016 2031; x_wconf 83' lang='lat' dir='ltr'>Aldus</span> <span class='ocrx_word' id='word_1_171' title='bbox 1037 1993 1114 2030; x_wconf 86' lang='lat' dir='ltr'>edi-</span> 
     </span>
     <span class='ocr_line' id='line_1_26' title="bbox 146 2044 1113 2089; baseline -0.002 -6"><span class='ocrx_word' id='word_1_172' title='bbox 146 2045 272 2089; x_wconf 82' lang='lat' dir='ltr'>derat,</span> <span class='ocrx_word' id='word_1_173' title='bbox 304 2045 457 2082; x_wconf 82' lang='lat' dir='ltr'>Protrab.</span> <span class='ocrx_word' id='word_1_174' title='bbox 492 2047 594 2081; x_wconf 84' lang='lat' dir='ltr'>etiam</span> <span class='ocrx_word' id='word_1_175' title='bbox 620 2046 656 2081; x_wconf 83' lang='lat' dir='ltr'>in</span> <span class='ocrx_word' id='word_1_176' title='bbox 684 2045 826 2081; x_wconf 82' lang='lat' dir='ltr'>medium</span> <span class='ocrx_word' id='word_1_177' title='bbox 851 2058 949 2081; x_wconf 66' lang='lat' dir='ltr'>avar.</span> <span class='ocrx_word' id='word_1_178' title='bbox 984 2045 1037 2082; x_wconf 82' lang='lat' dir='ltr'>At</span> <span class='ocrx_word' id='word_1_179' title='bbox 1055 2044 1113 2081; x_wconf 89' lang='lat' dir='ltr'>Pi-</span> 
     </span>
     <span class='ocr_line' id='line_1_27' title="bbox 145 2094 1113 2144; baseline -0.002 -11"><span class='ocrx_word' id='word_1_180' title='bbox 145 2096 251 2144; x_wconf 86' lang='lat' dir='ltr'>ghius</span> <span class='ocrx_word' id='word_1_181' title='bbox 286 2107 371 2132; x_wconf 87' lang='lat' dir='ltr'>cum</span> <span class='ocrx_word' id='word_1_182' title='bbox 398 2098 434 2132; x_wconf 83' lang='lat' dir='ltr'>in</span> <span class='ocrx_word' id='word_1_183' title='bbox 458 2094 602 2132; x_wconf 74' lang='lat' dir='ltr'>medium</span> <span class='ocrx_word' id='word_1_184' title='bbox 636 2096 674 2131; x_wconf 91' lang='lat' dir='ltr'>in</span> <span class='ocrx_word' id='word_1_185' title='bbox 699 2096 864 2144; x_wconf 86' lang='lat' dir='ltr'>quinque</span> <span class='ocrx_word' id='word_1_186' title='bbox 891 2094 1001 2132; x_wconf 87' lang='lat' dir='ltr'>codd.</span> <span class='ocrx_word' id='word_1_187' title='bbox 1034 2106 1113 2132; x_wconf 91' lang='lat' dir='ltr'>non</span> 
     </span>
     <span class='ocr_line' id='line_1_28' title="bbox 146 2145 1114 2196; baseline -0.003 -12"><span class='ocrx_word' id='word_1_188' title='bbox 146 2145 356 2196; x_wconf 84' lang='lat' dir='ltr'>reperisset,</span> <span class='ocrx_word' id='word_1_189' title='bbox 384 2145 672 2194; x_wconf 81' lang='lat' dir='ltr'>expungendum</span> <span class='ocrx_word' id='word_1_190' title='bbox 702 2145 739 2183; x_wconf 88' lang='lat' dir='ltr'>id</span> <span class='ocrx_word' id='word_1_191' title='bbox 768 2145 911 2192; x_wconf 84' lang='lat' dir='ltr'>putavit</span> <span class='ocrx_word' id='word_1_192' title='bbox 921 2159 932 2188; x_wconf 91' lang='lat'>;</span> <span class='ocrx_word' id='word_1_193' title='bbox 960 2145 1114 2193; x_wconf 79' lang='lat' dir='ltr'>praeser-</span> 
     </span>
     <span class='ocr_line' id='line_1_29' title="bbox 146 2193 1113 2244; baseline -0.003 -9"><span class='ocrx_word' id='word_1_194' title='bbox 146 2198 215 2235; x_wconf 85' lang='lat' dir='ltr'>tim</span> <span class='ocrx_word' id='word_1_195' title='bbox 248 2209 333 2234; x_wconf 88' lang='lat' dir='ltr'>cum</span> <span class='ocrx_word' id='word_1_196' title='bbox 359 2197 454 2235; x_wconf 79' lang='lat' dir='ltr'>saiva</span> <span class='ocrx_word' id='word_1_197' title='bbox 484 2196 661 2234; x_wconf 84' lang='lat' dir='ltr'>sententia</span> <span class='ocrx_word' id='word_1_198' title='bbox 687 2193 803 2234; x_wconf 83' lang='lat' dir='ltr'>abeffe</span> <span class='ocrx_word' id='word_1_199' title='bbox 834 2196 950 2244; x_wconf 84' lang='lat' dir='ltr'>poffit.</span> <span class='ocrx_word' id='word_1_200' title='bbox 996 2195 1113 2233; x_wconf 87' lang='lat' dir='ltr'>Codi-</span> 
     </span>
     <span class='ocr_line' id='line_1_30' title="bbox 147 2245 1108 2291; baseline -0.002 -5"><span class='ocrx_word' id='word_1_201' title='bbox 147 2259 232 2286; x_wconf 86' lang='lat' dir='ltr'>cum</span> <span class='ocrx_word' id='word_1_202' title='bbox 274 2248 403 2285; x_wconf 85' lang='lat' dir='ltr'>Brand.</span> <span class='ocrx_word' id='word_1_203' title='bbox 439 2259 532 2286; x_wconf 86' lang='lat' dir='ltr'>unus</span> <span class='ocrx_word' id='word_1_204' title='bbox 568 2247 710 2291; x_wconf 82' lang='lat' dir='ltr'>habet,</span> <span class='ocrx_word' id='word_1_205' title='bbox 759 2246 849 2284; x_wconf 87' lang='lat' dir='ltr'>alter</span> <span class='ocrx_word' id='word_1_206' title='bbox 878 2258 956 2283; x_wconf 92' lang='lat' dir='ltr'>non</span> <span class='ocrx_word' id='word_1_207' title='bbox 987 2245 1108 2284; x_wconf 84' lang='lat' dir='ltr'>habet.</span> 
     </span>
     <span class='ocr_line' id='line_1_31' title="bbox 146 2297 1109 2345; baseline -0.001 -9"><span class='ocrx_word' id='word_1_208' title='bbox 146 2299 342 2336; x_wconf 89' lang='lat' dir='ltr'><strong>VORST.</strong></span> <span class='ocrx_word' id='word_1_209' title='bbox 387 2302 428 2335; x_wconf 83' lang='lat' dir='ltr'>In</span> <span class='ocrx_word' id='word_1_210' title='bbox 457 2298 598 2335; x_wconf 84' lang='lat' dir='ltr'>medium</span> <span class='ocrx_word' id='word_1_211' title='bbox 632 2297 802 2341; x_wconf 87' lang='lat' dir='ltr'>habent,</span> <span class='ocrx_word' id='word_1_212' title='bbox 840 2297 969 2345; x_wconf 83' lang='lat' dir='ltr'>Ultraj.</span> <span class='ocrx_word' id='word_1_213' title='bbox 1002 2298 1109 2345; x_wconf 83' lang='lat' dir='ltr'>prim.</span> 
     </span>
     <span class='ocr_line' id='line_1_32' title="bbox 148 2349 1110 2398; baseline -0.003 -11"><span class='ocrx_word' id='word_1_214' title='bbox 148 2349 257 2387; x_wconf 87' lang='lat' dir='ltr'>Leid.</span> <span class='ocrx_word' id='word_1_215' title='bbox 285 2351 390 2398; x_wconf 83' lang='lat' dir='ltr'>prim.</span> <span class='ocrx_word' id='word_1_216' title='bbox 414 2351 451 2387; x_wconf 89' lang='lat'>&amp;</span> <span class='ocrx_word' id='word_1_217' title='bbox 471 2350 539 2387; x_wconf 84' lang='lat' dir='ltr'>sec.</span> <span class='ocrx_word' id='word_1_218' title='bbox 567 2349 680 2386; x_wconf 88' lang='lat' dir='ltr'>ceteri</span> <span class='ocrx_word' id='word_1_219' title='bbox 700 2349 874 2396; x_wconf 82' lang='lat' dir='ltr'>ignorant</span> <span class='ocrx_word' id='word_1_220' title='bbox 894 2359 979 2385; x_wconf 81' lang='lat' dir='ltr'>Cum</span> <span class='ocrx_word' id='word_1_221' title='bbox 1004 2349 1110 2396; x_wconf 86' lang='lat' dir='ltr'>Mog.</span> 
     </span>
    </p>

    <p class='ocr_par' dir='ltr' id='par_1_14' title="bbox 139 2397 1111 3057">
     <span class='ocr_line' id='line_1_33' title="bbox 196 2397 1109 2450; baseline -0.001 -13"><span class='ocrx_word' id='word_1_222' title='bbox 196 2413 231 2437; x_wconf 87' lang='lat'>2.</span> <span class='ocrx_word' id='word_1_223' title='bbox 258 2404 339 2446; x_wconf 67' lang='lat' dir='ltr'><em>Ejus</em></span> <span class='ocrx_word' id='word_1_224' title='bbox 368 2401 508 2445; x_wconf 81' lang='lat' dir='ltr'>denique</span> <span class='ocrx_word' id='word_1_225' title='bbox 533 2398 746 2445; x_wconf 77' lang='lat' dir='ltr'>confirmandi</span> <span class='ocrx_word' id='word_1_226' title='bbox 768 2397 907 2450; x_wconf 76' lang='lat' dir='ltr'>gratia]</span> <span class='ocrx_word' id='word_1_227' title='bbox 934 2398 1109 2436; x_wconf 87' lang='lat' dir='ltr'>Praefero</span> 
     </span>
     <span class='ocr_line' id='line_1_34' title="bbox 146 2449 1109 2499; baseline -0.003 -11"><span class='ocrx_word' id='word_1_228' title='bbox 146 2452 314 2499; x_wconf 78' lang='lat' dir='ltr'>scriptam</span> <span class='ocrx_word' id='word_1_229' title='bbox 343 2451 568 2489; x_wconf 69' lang='lat' dir='ltr'>leffionem:</span> <span class='ocrx_word' id='word_1_230' title='bbox 601 2449 819 2499; x_wconf 74' lang='lat' dir='ltr'>ejusdemque.</span> <span class='ocrx_word' id='word_1_231' title='bbox 856 2449 974 2486; x_wconf 88' lang='lat' dir='ltr'><strong>LIPS.</strong></span> <span class='ocrx_word' id='word_1_232' title='bbox 1011 2451 1109 2497; x_wconf 78' lang='lat' dir='ltr'><em>Ejus-</em></span> 
     </span>
     <span class='ocr_line' id='line_1_35' title="bbox 145 2498 1108 2553; baseline -0.001 -16"><span class='ocrx_word' id='word_1_233' title='bbox 145 2501 282 2548; x_wconf 82' lang='lat' dir='ltr'>demque</span> <span class='ocrx_word' id='word_1_234' title='bbox 318 2502 531 2550; x_wconf 73' lang='lat' dir='ltr'>confirmandi</span> <span class='ocrx_word' id='word_1_235' title='bbox 562 2504 694 2553; x_wconf 78' lang='lat' dir='ltr'>gratia.</span> <span class='ocrx_word' id='word_1_236' title='bbox 743 2501 841 2538; x_wconf 88' lang='lat' dir='ltr'>Cum</span> <span class='ocrx_word' id='word_1_237' title='bbox 877 2500 915 2537; x_wconf 91' lang='lat' dir='ltr'>in</span> <span class='ocrx_word' id='word_1_238' title='bbox 944 2498 1108 2537; x_wconf 81' lang='lat' dir='ltr'>editione</span> 
     </span>
     <span class='ocr_line' id='line_1_36' title="bbox 146 2550 1108 2600; baseline 0 -12"><span class='ocrx_word' id='word_1_239' title='bbox 146 2552 265 2600; x_wconf 82' lang='lat' dir='ltr'>Pighii</span> <span class='ocrx_word' id='word_1_240' title='bbox 293 2564 440 2597; x_wconf 88' lang='lat' dir='ltr'>errore,</span> <span class='ocrx_word' id='word_1_241' title='bbox 477 2552 613 2595; x_wconf 88' lang='lat' dir='ltr'>credo,</span> <span class='ocrx_word' id='word_1_242' title='bbox 647 2562 844 2600; x_wconf 85' lang='lat' dir='ltr'>operarum</span> <span class='ocrx_word' id='word_1_243' title='bbox 870 2550 1108 2599; x_wconf 83' lang='lat' dir='ltr'>typographi-</span> 
     </span>
     <span class='ocr_line' id='line_1_37' title="bbox 148 2601 1108 2652; baseline -0.001 -12"><span class='ocrx_word' id='word_1_244' title='bbox 148 2614 276 2640; x_wconf 87' lang='lat' dir='ltr'>carum</span> <span class='ocrx_word' id='word_1_245' title='bbox 309 2602 512 2651; x_wconf 84' lang='lat' dir='ltr'>expressum</span> <span class='ocrx_word' id='word_1_246' title='bbox 547 2603 633 2641; x_wconf 76' lang='lat' dir='ltr'>effer</span> <span class='ocrx_word' id='word_1_247' title='bbox 662 2608 731 2647; x_wconf 67' lang='lat' dir='ltr'>ejas</span> <span class='ocrx_word' id='word_1_248' title='bbox 769 2601 909 2652; x_wconf 75' lang='lat' dir='ltr'>denique</span> <span class='ocrx_word' id='word_1_249' title='bbox 941 2603 1024 2645; x_wconf 84' lang='lat' dir='ltr'>conf.</span> <span class='ocrx_word' id='word_1_250' title='bbox 1052 2615 1108 2651; x_wconf 84' lang='lat' dir='ltr'>gr.</span> 
     </span>
     <span class='ocr_line' id='line_1_38' title="bbox 149 2652 1110 2703; baseline -0.001 -13"><span class='ocrx_word' id='word_1_251' title='bbox 149 2653 305 2690; x_wconf 84' lang='lat' dir='ltr'>Colerus</span> <span class='ocrx_word' id='word_1_252' title='bbox 333 2654 370 2690; x_wconf 66' lang='grc' dir='ltr'>δί</span> <span class='ocrx_word' id='word_1_253' title='bbox 391 2654 553 2702; x_wconf 85' lang='lat' dir='ltr'>Thyfius</span> <span class='ocrx_word' id='word_1_254' title='bbox 583 2664 773 2703; x_wconf 81' lang='lat' dir='ltr'>perperam</span> <span class='ocrx_word' id='word_1_255' title='bbox 805 2652 842 2689; x_wconf 89' lang='lat' dir='ltr'>id</span> <span class='ocrx_word' id='word_1_256' title='bbox 871 2652 1110 2690; x_wconf 85' lang='lat' dir='ltr'>retinuerunt.</span> 
     </span>
     <span class='ocr_line' id='line_1_39' title="bbox 149 2702 1111 2753; baseline 0 -13"><span class='ocrx_word' id='word_1_257' title='bbox 149 2704 306 2740; x_wconf 85' lang='lat' dir='ltr'>Veteres</span> <span class='ocrx_word' id='word_1_258' title='bbox 323 2705 419 2751; x_wconf 79' lang='lat' dir='ltr'>typis</span> <span class='ocrx_word' id='word_1_259' title='bbox 438 2705 589 2753; x_wconf 86' lang='lat' dir='ltr'>expreffi</span> <span class='ocrx_word' id='word_1_260' title='bbox 608 2704 706 2741; x_wconf 67' lang='lat' dir='ltr'>rec‘te</span> <span class='ocrx_word' id='word_1_261' title='bbox 726 2702 1037 2750; x_wconf 66' lang='lat' dir='ltr'>ejusdemqueNae</span> <span class='ocrx_word' id='word_1_262' title='bbox 1049 2702 1111 2740; x_wconf 87' lang='lat' dir='ltr'>ali-</span> 
     </span>
     <span class='ocr_line' id='line_1_40' title="bbox 148 2752 1111 2803; baseline -0.002 -11"><span class='ocrx_word' id='word_1_263' title='bbox 148 2762 205 2792; x_wconf 89' lang='lat' dir='ltr'>ter</span> <span class='ocrx_word' id='word_1_264' title='bbox 224 2754 261 2791; x_wconf 89' lang='lat' dir='ltr'>in</span> <span class='ocrx_word' id='word_1_265' title='bbox 282 2753 391 2791; x_wconf 78' lang='lat' dir='ltr'>codd.</span> <span class='ocrx_word' id='word_1_266' title='bbox 412 2755 545 2792; x_wconf 85' lang='lat' dir='ltr'>Brand.</span> <span class='ocrx_word' id='word_1_267' title='bbox 569 2755 628 2792; x_wconf 88' lang='lat' dir='ltr'>est.</span> <span class='ocrx_word' id='word_1_268' title='bbox 656 2754 849 2791; x_wconf 89' lang='lat' dir='ltr'>VORST.</span> <span class='ocrx_word' id='word_1_269' title='bbox 870 2757 950 2802; x_wconf 79' lang='lat' dir='ltr'><em>Ejus</em></span> <span class='ocrx_word' id='word_1_270' title='bbox 971 2752 1111 2803; x_wconf 78' lang='lat' dir='ltr'>denique</span> 
     </span>
     <span class='ocr_line' id='line_1_41' title="bbox 146 2804 1110 2854; baseline 0 -13"><span class='ocrx_word' id='word_1_271' title='bbox 146 2805 360 2852; x_wconf 68' lang='lat' dir='ltr'>confirmandi</span> <span class='ocrx_word' id='word_1_272' title='bbox 392 2806 512 2854; x_wconf 76' lang='lat' dir='ltr'>gratia</span> <span class='ocrx_word' id='word_1_273' title='bbox 543 2809 603 2842; x_wconf 90' lang='lat' dir='ltr'>M.</span> <span class='ocrx_word' id='word_1_274' title='bbox 639 2804 786 2851; x_wconf 75' lang='lat' dir='ltr'>Crassum</span> <span class='ocrx_word' id='word_1_275' title='bbox 814 2811 859 2839; x_wconf 63' lang='grc' dir='ltr'>θ’</span> <span class='ocrx_word' id='word_1_276' title='bbox 883 2808 931 2854; x_wconf 59' lang='grc' dir='ltr'>,ρν</span> <span class='ocrx_word' id='word_1_277' title='bbox 967 2805 1110 2841; x_wconf 80' lang='lat' dir='ltr'>Horten-</span> 
     </span>
     <span class='ocr_line' id='line_1_42' title="bbox 139 2854 1111 2905; baseline 0 -14"><span class='ocrx_word' id='word_1_278' title='bbox 139 2856 230 2903; x_wconf 83' lang='lat' dir='ltr'>fium</span> <span class='ocrx_word' id='word_1_279' title='bbox 267 2854 418 2891; x_wconf 74' lang='lat' dir='ltr'>haeredes</span> <span class='ocrx_word' id='word_1_280' title='bbox 454 2854 579 2891; x_wconf 79' lang='lat' dir='ltr'>tabulis</span> <span class='ocrx_word' id='word_1_281' title='bbox 620 2855 835 2902; x_wconf 79' lang='lat' dir='ltr'>inseruerunt.</span> <span class='ocrx_word' id='word_1_282' title='bbox 894 2858 1111 2905; x_wconf 70' lang='lat' dir='ltr'>Quamquam</span> 
     </span>
     <span class='ocr_line' id='line_1_43' title="bbox 146 2903 1109 2954; baseline -0.002 -11"><span class='ocrx_word' id='word_1_283' title='bbox 146 2906 281 2943; x_wconf 65' lang='lat' dir='ltr'>evidens</span> <span class='ocrx_word' id='word_1_284' title='bbox 301 2909 400 2952; x_wconf 82' lang='lat' dir='ltr'>fraus</span> <span class='ocrx_word' id='word_1_285' title='bbox 429 2917 520 2949; x_wconf 83' lang='lat' dir='ltr'>erat,</span> <span class='ocrx_word' id='word_1_286' title='bbox 550 2916 662 2942; x_wconf 83' lang='lat' dir='ltr'>tamen</span> <span class='ocrx_word' id='word_1_287' title='bbox 689 2915 826 2954; x_wconf 82' lang='lat' dir='ltr'>uterque</span> <span class='ocrx_word' id='word_1_288' title='bbox 847 2903 1009 2952; x_wconf 81' lang='lat' dir='ltr'>facinoris</span> <span class='ocrx_word' id='word_1_289' title='bbox 1028 2905 1109 2942; x_wconf 80' lang='lat' dir='ltr'>alie-</span> 
     </span>
     <span class='ocr_line' id='line_1_44' title="bbox 145 2954 1109 3004; baseline 0 -10"><span class='ocrx_word' id='word_1_290' title='bbox 145 2958 184 2994; x_wconf 78' lang='lat' dir='ltr'>ni</span> <span class='ocrx_word' id='word_1_291' title='bbox 211 2971 327 2993; x_wconf 75' lang='lat' dir='ltr'>munus</span> <span class='ocrx_word' id='word_1_292' title='bbox 356 2972 419 2993; x_wconf 86' lang='lat' dir='ltr'>non</span> <span class='ocrx_word' id='word_1_293' title='bbox 443 2955 646 3004; x_wconf 67' lang='lat' dir='ltr'>repudiavit.</span> <span class='ocrx_word' id='word_1_294' title='bbox 673 2955 812 2993; x_wconf 88' lang='lat' dir='ltr'>Iterum</span> <span class='ocrx_word' id='word_1_295' title='bbox 834 2954 894 2992; x_wconf 88' lang='lat' dir='ltr'>hic</span> <span class='ocrx_word' id='word_1_296' title='bbox 912 2954 1045 2993; x_wconf 87' lang='lat' dir='ltr'>librarii</span> <span class='ocrx_word' id='word_1_297' title='bbox 1065 2968 1109 2994; x_wconf 88' lang='lat' dir='ltr'>ex</span> 
     </span>
     <span class='ocr_line' id='line_1_45' title="bbox 146 3007 1110 3057; baseline 0 -11"><span class='ocrx_word' id='word_1_298' title='bbox 146 3019 218 3047; x_wconf 84' lang='lat' dir='ltr'>una</span> <span class='ocrx_word' id='word_1_299' title='bbox 237 3007 322 3046; x_wconf 78' lang='lat' dir='ltr'>duas</span> <span class='ocrx_word' id='word_1_300' title='bbox 340 3007 517 3057; x_wconf 85' lang='lat' dir='ltr'>periodos</span> <span class='ocrx_word' id='word_1_301' title='bbox 538 3009 720 3046; x_wconf 89' lang='lat' dir='ltr'>fecerunt.</span> <span class='ocrx_word' id='word_1_302' title='bbox 747 3017 863 3054; x_wconf 85' lang='lat' dir='ltr'>quum</span> <span class='ocrx_word' id='word_1_303' title='bbox 884 3013 1011 3045; x_wconf 88' lang='lat' dir='ltr'>tamen</span> <span class='ocrx_word' id='word_1_304' title='bbox 1033 3007 1110 3046; x_wconf 88' lang='lat' dir='ltr'>Va-</span> 
     </span>
    </p>
   </div>
   <div class='ocr_carea' id='block_1_14' title="bbox 2035 1654 2127 1700">
    <p class='ocr_par' dir='ltr' id='par_1_15' title="bbox 2035 1654 2127 1700">
     <span class='ocr_line' id='line_1_46' title="bbox 2035 1654 2127 1700; baseline 0 0"><span class='ocrx_word' id='word_1_305' title='bbox 2035 1654 2127 1700; x_wconf 83' lang='lat' dir='ltr'>Ve-</span> 
     </span>
    </p>
   </div>
   <div class='ocr_carea' id='block_1_15' title="bbox 1152 1781 2127 2992">
    <p class='ocr_par' dir='ltr' id='par_1_16' title="bbox 1152 1781 2127 2687">
     <span class='ocr_line' id='line_1_47' title="bbox 1162 1781 2127 1829; baseline -0.005 -5"><span class='ocrx_word' id='word_1_306' title='bbox 1162 1786 1270 1824; x_wconf 86' lang='lat' dir='ltr'>lerius</span> <span class='ocrx_word' id='word_1_307' title='bbox 1288 1786 1323 1822; x_wconf 89' lang='lat' dir='ltr'>in</span> <span class='ocrx_word' id='word_1_308' title='bbox 1348 1783 1616 1823; x_wconf 79' lang='lat' dir='ltr'>narrationibus</span> <span class='ocrx_word' id='word_1_309' title='bbox 1634 1781 1776 1829; x_wconf 87' lang='lat' dir='ltr'>semper</span> <span class='ocrx_word' id='word_1_310' title='bbox 1800 1782 1876 1817; x_wconf 88' lang='lat' dir='ltr'>fere</span> <span class='ocrx_word' id='word_1_311' title='bbox 1896 1792 1973 1818; x_wconf 84' lang='lat' dir='ltr'>uno</span> <span class='ocrx_word' id='word_1_312' title='bbox 1996 1782 2127 1820; x_wconf 81' lang='lat' dir='ltr'>verbo-</span> 
     </span>
     <span class='ocr_line' id='line_1_48' title="bbox 1164 1833 2125 1884; baseline -0.003 -10"><span class='ocrx_word' id='word_1_313' title='bbox 1164 1849 1246 1875; x_wconf 86' lang='lat' dir='ltr'>rum</span> <span class='ocrx_word' id='word_1_314' title='bbox 1277 1844 1456 1874; x_wconf 85' lang='lat' dir='ltr'>contextu</span> <span class='ocrx_word' id='word_1_315' title='bbox 1486 1835 1643 1884; x_wconf 83' lang='lat' dir='ltr'>plurima</span> <span class='ocrx_word' id='word_1_316' title='bbox 1680 1833 1886 1875; x_wconf 81' lang='lat' dir='ltr'>enunciet,</span> <span class='ocrx_word' id='word_1_317' title='bbox 1933 1834 2125 1871; x_wconf 78' lang='lat' dir='ltr'>manifesto</span> 
     </span>
     <span class='ocr_line' id='line_1_49' title="bbox 1164 1883 2123 1937; baseline -0.006 -11"><span class='ocrx_word' id='word_1_318' title='bbox 1164 1896 1266 1937; x_wconf 85' lang='lat' dir='ltr'>patet</span> <span class='ocrx_word' id='word_1_319' title='bbox 1299 1886 1500 1936; x_wconf 87' lang='lat' dir='ltr'>legendum</span> <span class='ocrx_word' id='word_1_320' title='bbox 1528 1883 1599 1922; x_wconf 81' lang='lat' dir='ltr'>esse</span> <span class='ocrx_word' id='word_1_321' title='bbox 1626 1896 1670 1920; x_wconf 82' lang='lat' dir='ltr'>ex</span> <span class='ocrx_word' id='word_1_322' title='bbox 1699 1883 1782 1920; x_wconf 90' lang='lat' dir='ltr'>cod.</span> <span class='ocrx_word' id='word_1_323' title='bbox 1820 1883 1942 1919; x_wconf 85' lang='lat' dir='ltr'>MSto.</span> <span class='ocrx_word' id='word_1_324' title='bbox 1983 1898 2052 1919; x_wconf 79' lang='lat' dir='ltr'>cum</span> <span class='ocrx_word' id='word_1_325' title='bbox 2084 1889 2123 1920; x_wconf 86' lang='lat' dir='ltr'>L.</span> 
     </span>
     <span class='ocr_line' id='line_1_50' title="bbox 1164 1932 2125 1987; baseline -0.011 -12"><span class='ocrx_word' id='word_1_326' title='bbox 1164 1941 1263 1977; x_wconf 74' lang='lat' dir='ltr'>Min.</span> <span class='ocrx_word' id='word_1_327' title='bbox 1290 1941 1366 1987; x_wconf 80' lang='lat' dir='ltr'>Bas.</span> <span class='ocrx_word' id='word_1_328' title='bbox 1384 1939 1452 1984; x_wconf 84' lang='lat' dir='ltr'>fal.</span> <span class='ocrx_word' id='word_1_329' title='bbox 1482 1940 1552 1984; x_wconf 82' lang='lat' dir='ltr'>test.</span> <span class='ocrx_word' id='word_1_330' title='bbox 1579 1932 1939 1986; x_wconf 74' lang='lat' dir='ltr'>quidamsubjeciffet,</span> <span class='ocrx_word' id='word_1_331' title='bbox 1969 1933 2125 1982; x_wconf 77' lang='lat' dir='ltr'>ejusdem.</span> 
     </span>
     <span class='ocr_line' id='line_1_51' title="bbox 1164 1984 2122 2040; baseline -0.007 -13"><span class='ocrx_word' id='word_1_332' title='bbox 1164 2004 1227 2040; x_wconf 77' lang='lat' dir='ltr'>que</span> <span class='ocrx_word' id='word_1_333' title='bbox 1255 1990 1360 2039; x_wconf 81' lang='lat' dir='ltr'>(MS.</span> <span class='ocrx_word' id='word_1_334' title='bbox 1395 1987 1536 2036; x_wconf 81' lang='lat' dir='ltr'>ejusdem</span> <span class='ocrx_word' id='word_1_335' title='bbox 1560 2014 1571 2030; x_wconf 87' lang='lat'>‚</span> <span class='ocrx_word' id='word_1_336' title='bbox 1610 1985 1694 2034; x_wconf 83' lang='lat' dir='ltr'>lego</span> <span class='ocrx_word' id='word_1_337' title='bbox 1730 1985 1888 2021; x_wconf 85' lang='lat' dir='ltr'>omnino</span> <span class='ocrx_word' id='word_1_338' title='bbox 1918 1984 2122 2034; x_wconf 66' lang='lat' dir='ltr'>ejusdemque</span> 
     </span>
     <span class='ocr_line' id='line_1_52' title="bbox 1167 2034 2122 2089; baseline -0.007 -11"><span class='ocrx_word' id='word_1_339' title='bbox 1167 2052 1252 2078; x_wconf 89' lang='lat' dir='ltr'>cum</span> <span class='ocrx_word' id='word_1_340' title='bbox 1282 2040 1440 2089; x_wconf 85' lang='lat' dir='ltr'>antiquis</span> <span class='ocrx_word' id='word_1_341' title='bbox 1471 2037 1567 2076; x_wconf 88' lang='lat' dir='ltr'>Edd.</span> <span class='ocrx_word' id='word_1_342' title='bbox 1603 2037 1641 2074; x_wconf 63' lang='grc' dir='ltr'>ὃ(</span> <span class='ocrx_word' id='word_1_343' title='bbox 1666 2034 1816 2072; x_wconf 88' lang='lat' dir='ltr'>Vorstio</span> <span class='ocrx_word' id='word_1_344' title='bbox 1847 2035 1883 2071; x_wconf 61' lang='grc' dir='ltr'>ὅ(</span> <span class='ocrx_word' id='word_1_345' title='bbox 1903 2034 2051 2082; x_wconf 87' lang='lat' dir='ltr'>Lipsio‚</span> <span class='ocrx_word' id='word_1_346' title='bbox 2078 2048 2122 2072; x_wconf 78' lang='lat' dir='ltr'>ex</span> 
     </span>
     <span class='ocr_line' id='line_1_53' title="bbox 1166 2084 2122 2141; baseline -0.005 -12"><span class='ocrx_word' id='word_1_347' title='bbox 1166 2103 1244 2141; x_wconf 89' lang='lat' dir='ltr'>quo</span> <span class='ocrx_word' id='word_1_348' title='bbox 1273 2092 1385 2128; x_wconf 88' lang='lat' dir='ltr'>etiam</span> <span class='ocrx_word' id='word_1_349' title='bbox 1427 2088 1566 2127; x_wconf 87' lang='lat' dir='ltr'>constat</span> <span class='ocrx_word' id='word_1_350' title='bbox 1595 2094 1719 2136; x_wconf 82' lang='lat' dir='ltr'>aperte</span> <span class='ocrx_word' id='word_1_351' title='bbox 1755 2084 1800 2122; x_wconf 88' lang='lat' dir='ltr'>de</span> <span class='ocrx_word' id='word_1_352' title='bbox 1834 2085 1987 2122; x_wconf 83' lang='lat' dir='ltr'>veritate</span> <span class='ocrx_word' id='word_1_353' title='bbox 2016 2086 2122 2134; x_wconf 84' lang='lat' dir='ltr'>hujus</span> 
     </span>
     <span class='ocr_line' id='line_1_54' title="bbox 1167 2137 2123 2188; baseline -0.007 -8"><span class='ocrx_word' id='word_1_354' title='bbox 1167 2141 1464 2187; x_wconf 78' lang='lat' dir='ltr'>emendationis)</span> <span class='ocrx_word' id='word_1_355' title='bbox 1493 2141 1575 2184; x_wconf 83' lang='lat' dir='ltr'>conf.</span> <span class='ocrx_word' id='word_1_356' title='bbox 1593 2152 1649 2188; x_wconf 79' lang='lat' dir='ltr'>gr.</span> <span class='ocrx_word' id='word_1_357' title='bbox 1677 2140 1737 2183; x_wconf 84' lang='lat' dir='ltr'>M.</span> <span class='ocrx_word' id='word_1_358' title='bbox 1758 2139 1795 2173; x_wconf 88' lang='lat' dir='ltr'>C.</span> <span class='ocrx_word' id='word_1_359' title='bbox 1822 2150 1849 2172; x_wconf 85' lang='lat' dir='ltr'>e.</span> <span class='ocrx_word' id='word_1_360' title='bbox 1876 2138 1924 2186; x_wconf 58' lang='lat' dir='ltr'>Q</span> <span class='ocrx_word' id='word_1_361' title='bbox 1952 2139 2000 2172; x_wconf 80' lang='lat' dir='ltr'>H.</span> <span class='ocrx_word' id='word_1_362' title='bbox 2026 2137 2123 2173; x_wconf 79' lang='lat' dir='ltr'>tabu-</span> 
     </span>
     <span class='ocr_line' id='line_1_55' title="bbox 1163 2186 2122 2239; baseline -0.006 -11"><span class='ocrx_word' id='word_1_363' title='bbox 1163 2194 1208 2228; x_wconf 76' lang='lat' dir='ltr'>lis</span> <span class='ocrx_word' id='word_1_364' title='bbox 1235 2191 1388 2229; x_wconf 79' lang='lat' dir='ltr'>haeredes</span> <span class='ocrx_word' id='word_1_365' title='bbox 1421 2191 1602 2239; x_wconf 80' lang='lat' dir='ltr'>inseruiffet</span> <span class='ocrx_word' id='word_1_366' title='bbox 1620 2215 1631 2231; x_wconf 84' lang='lat'>,</span> <span class='ocrx_word' id='word_1_367' title='bbox 1662 2186 1736 2223; x_wconf 89' lang='lat' dir='ltr'>five</span> <span class='ocrx_word' id='word_1_368' title='bbox 1757 2194 1796 2223; x_wconf 85' lang='lat' dir='ltr'>ut</span> <span class='ocrx_word' id='word_1_369' title='bbox 1825 2186 1907 2223; x_wconf 86' lang='lat' dir='ltr'>MS.</span> <span class='ocrx_word' id='word_1_370' title='bbox 1938 2186 2046 2224; x_wconf 83' lang='lat' dir='ltr'>habet</span> <span class='ocrx_word' id='word_1_371' title='bbox 2072 2189 2122 2223; x_wconf 80' lang='lat' dir='ltr'>in-</span> 
     </span>
     <span class='ocr_line' id='line_1_56' title="bbox 1152 2236 2122 2292; baseline -0.004 -13"><span class='ocrx_word' id='word_1_372' title='bbox 1152 2243 1352 2292; x_wconf 72' lang='lat' dir='ltr'>scripsisset,</span> <span class='ocrx_word' id='word_1_373' title='bbox 1378 2254 1489 2278; x_wconf 82' lang='lat' dir='ltr'>tamen</span> <span class='ocrx_word' id='word_1_374' title='bbox 1516 2252 1665 2288; x_wconf 77' lang='lat' dir='ltr'>uterque.</span> <span class='ocrx_word' id='word_1_375' title='bbox 1698 2236 1874 2284; x_wconf 81' lang='lat' dir='ltr'>superflua</span> <span class='ocrx_word' id='word_1_376' title='bbox 1904 2236 2010 2285; x_wconf 82' lang='lat' dir='ltr'>plane</span> <span class='ocrx_word' id='word_1_377' title='bbox 2037 2237 2122 2275; x_wconf 81' lang='lat' dir='ltr'>effet</span> 
     </span>
     <span class='ocr_line' id='line_1_57' title="bbox 1164 2287 2118 2342; baseline -0.008 -11"><span class='ocrx_word' id='word_1_378' title='bbox 1164 2295 1294 2342; x_wconf 84' lang='lat' dir='ltr'>copula</span> <span class='ocrx_word' id='word_1_379' title='bbox 1307 2322 1319 2337; x_wconf 89' lang='lat'>,</span> <span class='ocrx_word' id='word_1_380' title='bbox 1333 2292 1398 2330; x_wconf 87' lang='lat' dir='ltr'>nifi</span> <span class='ocrx_word' id='word_1_381' title='bbox 1416 2292 1513 2340; x_wconf 82' lang='lat' dir='ltr'>legas</span> <span class='ocrx_word' id='word_1_382' title='bbox 1533 2288 1713 2338; x_wconf 73' lang='lat' dir='ltr'>inseruiffet</span> <span class='ocrx_word' id='word_1_383' title='bbox 1726 2287 1785 2325; x_wconf 81' lang='lat' dir='ltr'>vel</span> <span class='ocrx_word' id='word_1_384' title='bbox 1795 2288 2009 2336; x_wconf 79' lang='lat' dir='ltr'>inserusffent.</span> <span class='ocrx_word' id='word_1_385' title='bbox 2022 2290 2118 2326; x_wconf 79' lang='lat' dir='ltr'>Nam</span> 
     </span>
     <span class='ocr_line' id='line_1_58' title="bbox 1162 2338 2119 2383; baseline -0.005 -2"><span class='ocrx_word' id='word_1_386' title='bbox 1162 2344 1201 2381; x_wconf 91' lang='lat' dir='ltr'>in</span> <span class='ocrx_word' id='word_1_387' title='bbox 1233 2356 1279 2381; x_wconf 91' lang='lat' dir='ltr'>eo</span> <span class='ocrx_word' id='word_1_388' title='bbox 1310 2356 1388 2382; x_wconf 93' lang='lat' dir='ltr'>non</span> <span class='ocrx_word' id='word_1_389' title='bbox 1417 2341 1576 2380; x_wconf 80' lang='lat' dir='ltr'>multum</span> <span class='ocrx_word' id='word_1_390' title='bbox 1606 2339 1782 2383; x_wconf 87' lang='lat' dir='ltr'>vertitur,</span> <span class='ocrx_word' id='word_1_391' title='bbox 1816 2338 1890 2375; x_wconf 83' lang='lat' dir='ltr'>sive</span> <span class='ocrx_word' id='word_1_392' title='bbox 1920 2350 2003 2375; x_wconf 82' lang='lat' dir='ltr'>cum</span> <span class='ocrx_word' id='word_1_393' title='bbox 2031 2348 2119 2376; x_wconf 84' lang='lat' dir='ltr'>antt.</span> 
     </span>
     <span class='ocr_line' id='line_1_59' title="bbox 1164 2389 2118 2444; baseline -0.007 -11"><span class='ocrx_word' id='word_1_394' title='bbox 1164 2395 1257 2433; x_wconf 89' lang='lat' dir='ltr'>Edd.</span> <span class='ocrx_word' id='word_1_395' title='bbox 1282 2394 1377 2444; x_wconf 83' lang='lat' dir='ltr'>legas</span> <span class='ocrx_word' id='word_1_396' title='bbox 1405 2395 1442 2431; x_wconf 89' lang='lat' dir='ltr'>in</span> <span class='ocrx_word' id='word_1_397' title='bbox 1465 2391 1592 2441; x_wconf 81' lang='lat' dir='ltr'>plurali</span> <span class='ocrx_word' id='word_1_398' title='bbox 1616 2401 1776 2428; x_wconf 85' lang='lat' dir='ltr'>numero</span> <span class='ocrx_word' id='word_1_399' title='bbox 1798 2389 2023 2437; x_wconf 66' lang='lat' dir='ltr'>fhbjerijsent,</span> <span class='ocrx_word' id='word_1_400' title='bbox 2046 2389 2118 2426; x_wconf 85' lang='lat' dir='ltr'>sive</span> 
     </span>
     <span class='ocr_line' id='line_1_60' title="bbox 1163 2438 2125 2492; baseline -0.009 -9"><span class='ocrx_word' id='word_1_401' title='bbox 1163 2457 1246 2482; x_wconf 73' lang='lat' dir='ltr'>cun:</span> <span class='ocrx_word' id='word_1_402' title='bbox 1268 2445 1342 2483; x_wconf 91' lang='lat' dir='ltr'>hoc</span> <span class='ocrx_word' id='word_1_403' title='bbox 1361 2447 1398 2483; x_wconf 86' lang='lat' dir='ltr'>in</span> <span class='ocrx_word' id='word_1_404' title='bbox 1420 2443 1598 2492; x_wconf 79' lang='lat' dir='ltr'>fingulari.</span> <span class='ocrx_word' id='word_1_405' title='bbox 1624 2440 1865 2478; x_wconf 83' lang='lat' dir='ltr'>PERIZON.</span> <span class='ocrx_word' id='word_1_406' title='bbox 1894 2438 2125 2488; x_wconf 55' lang='lat' dir='ltr'>Ejusdemque,</span> 
     </span>
     <span class='ocr_line' id='line_1_61' title="bbox 1153 2488 2120 2545; baseline -0.006 -13"><span class='ocrx_word' id='word_1_407' title='bbox 1153 2496 1336 2545; x_wconf 72' lang='lat' dir='ltr'>subjectssec</span> <span class='ocrx_word' id='word_1_408' title='bbox 1355 2521 1376 2540; x_wconf 31' lang='lat' dir='ltr'>‚v</span> <span class='ocrx_word' id='word_1_409' title='bbox 1402 2504 1446 2531; x_wconf 67' lang='lat'>&lt;9⁶</span> <span class='ocrx_word' id='word_1_410' title='bbox 1478 2493 1659 2542; x_wconf 78' lang='lat' dir='ltr'>inseruisset</span> <span class='ocrx_word' id='word_1_411' title='bbox 1697 2490 1916 2528; x_wconf 80' lang='lat' dir='ltr'>confirmant</span> <span class='ocrx_word' id='word_1_412' title='bbox 1944 2488 2045 2526; x_wconf 85' lang='lat' dir='ltr'>MSS.</span> <span class='ocrx_word' id='word_1_413' title='bbox 2082 2491 2120 2526; x_wconf 72' lang='grc' dir='ltr'>δε</span> 
     </span>
     <span class='ocr_line' id='line_1_62' title="bbox 1160 2539 2121 2594; baseline -0.01 -9"><span class='ocrx_word' id='word_1_414' title='bbox 1160 2546 1253 2585; x_wconf 91' lang='lat' dir='ltr'>Edd.</span> <span class='ocrx_word' id='word_1_415' title='bbox 1275 2556 1360 2585; x_wconf 88' lang='lat' dir='ltr'>ante</span> <span class='ocrx_word' id='word_1_416' title='bbox 1379 2546 1560 2594; x_wconf 75' lang='lat' dir='ltr'>Pighium.</span> <span class='ocrx_word' id='word_1_417' title='bbox 1586 2542 1791 2591; x_wconf 70' lang='lat' dir='ltr'>Inscripfiffet</span> <span class='ocrx_word' id='word_1_418' title='bbox 1813 2539 1916 2576; x_wconf 86' lang='lat' dir='ltr'>Leid.</span> <span class='ocrx_word' id='word_1_419' title='bbox 1937 2539 2020 2575; x_wconf 80' lang='lat' dir='ltr'>sext.</span> <span class='ocrx_word' id='word_1_420' title='bbox 2050 2539 2121 2576; x_wconf 78' lang='lat' dir='ltr'>Ita-</span> 
     </span>
     <span class='ocr_line' id='line_1_63' title="bbox 1161 2589 2118 2647; baseline -0.014 -10"><span class='ocrx_word' id='word_1_421' title='bbox 1161 2610 1234 2647; x_wconf 91' lang='lat' dir='ltr'>que</span> <span class='ocrx_word' id='word_1_422' title='bbox 1259 2606 1405 2647; x_wconf 86' lang='lat' dir='ltr'>teinpus</span> <span class='ocrx_word' id='word_1_423' title='bbox 1435 2603 1534 2640; x_wconf 85' lang='lat' dir='ltr'>erat,</span> <span class='ocrx_word' id='word_1_424' title='bbox 1562 2602 1600 2632; x_wconf 91' lang='lat' dir='ltr'>ut</span> <span class='ocrx_word' id='word_1_425' title='bbox 1621 2594 1768 2641; x_wconf 69' lang='lat' dir='ltr'>antiqua</span> <span class='ocrx_word' id='word_1_426' title='bbox 1793 2589 1900 2626; x_wconf 67' lang='lat' dir='ltr'>leffio</span> <span class='ocrx_word' id='word_1_427' title='bbox 1929 2600 2118 2626; x_wconf 78' lang='lat' dir='ltr'>revocare-</span> 
     </span>
     <span class='ocr_line' id='line_1_64' title="bbox 1162 2656 1231 2687; baseline 0.014 -1"><span class='ocrx_word' id='word_1_428' title='bbox 1162 2656 1231 2687; x_wconf 76' lang='lat' dir='ltr'>tur.</span> 
     </span>
    </p>

    <p class='ocr_par' dir='ltr' id='par_1_17' title="bbox 1159 2689 2126 2992">
     <span class='ocr_line' id='line_1_65' title="bbox 1213 2689 2121 2750; baseline -0.015 -13"><span class='ocrx_word' id='word_1_429' title='bbox 1213 2712 1247 2750; x_wconf 83' lang='lat'>3.</span> <span class='ocrx_word' id='word_1_430' title='bbox 1276 2701 1386 2748; x_wconf 60' lang='lat' dir='ltr'>Quam</span> <span class='ocrx_word' id='word_1_431' title='bbox 1411 2699 1532 2735; x_wconf 69' lang='lat' dir='ltr'>leviter</span> <span class='ocrx_word' id='word_1_432' title='bbox 1557 2694 1675 2743; x_wconf 78' lang='lat' dir='ltr'>retuli]</span> <span class='ocrx_word' id='word_1_433' title='bbox 1714 2694 1818 2739; x_wconf 78' lang='lat' dir='ltr'>Lego</span> <span class='ocrx_word' id='word_1_434' title='bbox 1849 2701 1932 2726; x_wconf 87' lang='lat' dir='ltr'>cum</span> <span class='ocrx_word' id='word_1_435' title='bbox 1964 2689 2121 2746; x_wconf 66' lang='lat' dir='ltr'>Sarisbe-</span> 
     </span>
     <span class='ocr_line' id='line_1_66' title="bbox 1161 2739 2123 2797; baseline -0.012 -9"><span class='ocrx_word' id='word_1_436' title='bbox 1161 2750 1297 2788; x_wconf 79' lang='lat' dir='ltr'>rienfi:</span> <span class='ocrx_word' id='word_1_437' title='bbox 1338 2751 1446 2797; x_wconf 58' lang='lat' dir='ltr'>Quam</span> <span class='ocrx_word' id='word_1_438' title='bbox 1478 2751 1595 2784; x_wconf 77' lang='lat' dir='ltr'>leniter</span> <span class='ocrx_word' id='word_1_439' title='bbox 1621 2745 1732 2781; x_wconf 72' lang='lat' dir='ltr'>retuli.</span> <span class='ocrx_word' id='word_1_440' title='bbox 1794 2740 1897 2777; x_wconf 68' lang='lat' dir='ltr'>Clara</span> <span class='ocrx_word' id='word_1_441' title='bbox 1935 2739 2123 2778; x_wconf 78' lang='lat' dir='ltr'>sententia.</span> 
     </span>
     <span class='ocr_line' id='line_1_67' title="bbox 1163 2791 2126 2847; baseline -0.017 -6"><span class='ocrx_word' id='word_1_442' title='bbox 1163 2802 1357 2839; x_wconf 83' lang='lat' dir='ltr'>COLER.</span> <span class='ocrx_word' id='word_1_443' title='bbox 1384 2801 1554 2847; x_wconf 71' lang='lat' dir='ltr'>Quantam</span> <span class='ocrx_word' id='word_1_444' title='bbox 1581 2798 1707 2844; x_wconf 77' lang='lat' dir='ltr'>culpam</span> <span class='ocrx_word' id='word_1_445' title='bbox 1735 2805 1834 2840; x_wconf 79' lang='lat' dir='ltr'>quam</span> <span class='ocrx_word' id='word_1_446' title='bbox 1865 2791 1984 2826; x_wconf 80' lang='lat' dir='ltr'>leniter</span> <span class='ocrx_word' id='word_1_447' title='bbox 2003 2793 2102 2825; x_wconf 80' lang='lat' dir='ltr'>retuli</span> <span class='ocrx_word' id='word_1_448' title='bbox 2115 2796 2126 2826; x_wconf 88' lang='lat'>.&#39;</span> 
     </span>
     <span class='ocr_line' id='line_1_68' title="bbox 1163 2838 2125 2890; baseline -0.012 0"><span class='ocrx_word' id='word_1_449' title='bbox 1163 2851 1279 2890; x_wconf 52' lang='lat' dir='ltr'>Rene</span> <span class='ocrx_word' id='word_1_450' title='bbox 1300 2852 1447 2889; x_wconf 85' lang='lat' dir='ltr'>monuit</span> <span class='ocrx_word' id='word_1_451' title='bbox 1469 2849 1642 2889; x_wconf 84' lang='lat' dir='ltr'>Colerus,</span> <span class='ocrx_word' id='word_1_452' title='bbox 1671 2841 1868 2890; x_wconf 83' lang='lat' dir='ltr'>legendum</span> <span class='ocrx_word' id='word_1_453' title='bbox 1899 2838 1968 2877; x_wconf 84' lang='lat' dir='ltr'>effe</span> <span class='ocrx_word' id='word_1_454' title='bbox 1996 2843 2125 2878; x_wconf 79' lang='lat' dir='ltr'>leniter.</span> 
     </span>
     <span class='ocr_line' id='line_1_69' title="bbox 1162 2891 2120 2952; baseline -0.015 -11"><span class='ocrx_word' id='word_1_455' title='bbox 1162 2903 1297 2952; x_wconf 85' lang='lat' dir='ltr'>Estque</span> <span class='ocrx_word' id='word_1_456' title='bbox 1314 2903 1363 2940; x_wconf 91' lang='lat' dir='ltr'>ita</span> <span class='ocrx_word' id='word_1_457' title='bbox 1383 2904 1420 2940; x_wconf 89' lang='lat'>&amp;</span> <span class='ocrx_word' id='word_1_458' title='bbox 1438 2900 1532 2948; x_wconf 88' lang='lat' dir='ltr'>apud</span> <span class='ocrx_word' id='word_1_459' title='bbox 1550 2897 1632 2944; x_wconf 92' lang='lat' dir='ltr'>Joh.</span> <span class='ocrx_word' id='word_1_460' title='bbox 1661 2891 1962 2931; x_wconf 82' lang='lat' dir='ltr'>Saresberiensein</span> <span class='ocrx_word' id='word_1_461' title='bbox 1980 2919 1988 2935; x_wconf 88' lang='lat'>‚</span> <span class='ocrx_word' id='word_1_462' title='bbox 2015 2891 2075 2927; x_wconf 85' lang='lat' dir='ltr'>ubi</span> <span class='ocrx_word' id='word_1_463' title='bbox 2094 2893 2120 2927; x_wconf 87' lang='lat' dir='ltr'>is</span> 
     </span>
     <span class='ocr_line' id='line_1_70' title="bbox 1159 2940 2119 2992; baseline -0.017 0"><span class='ocrx_word' id='word_1_464' title='bbox 1159 2953 1260 2991; x_wconf 90' lang='lat' dir='ltr'>hunc</span> <span class='ocrx_word' id='word_1_465' title='bbox 1287 2954 1413 2991; x_wconf 76' lang='lat' dir='ltr'>locun-1</span> <span class='ocrx_word' id='word_1_466' title='bbox 1437 2953 1543 2992; x_wconf 84' lang='lat' dir='ltr'>citat3</span> <span class='ocrx_word' id='word_1_467' title='bbox 1573 2947 1666 2985; x_wconf 86' lang='lat' dir='ltr'>&amp;in</span> <span class='ocrx_word' id='word_1_468' title='bbox 1698 2951 1857 2991; x_wconf 88' lang='lat' dir='ltr'>utroque</span> <span class='ocrx_word' id='word_1_469' title='bbox 1881 2942 1963 2978; x_wconf 90' lang='lat' dir='ltr'>cod.</span> <span class='ocrx_word' id='word_1_470' title='bbox 1990 2940 2119 2978; x_wconf 79' lang='lat' dir='ltr'>Brand.</span> 
     </span>
    </p>
   </div>
   <div class='ocr_carea' id='block_1_16' title="bbox 1160 2990 2120 3083">
    <p class='ocr_par' dir='ltr' id='par_1_18' title="bbox 1160 2990 2120 3083">
     <span class='ocr_line' id='line_1_71' title="bbox 1160 2990 2120 3044; baseline -0.018 -1"><span class='ocrx_word' id='word_1_471' title='bbox 1160 3004 1278 3044; x_wconf 85' lang='lat' dir='ltr'>Aldus</span> <span class='ocrx_word' id='word_1_472' title='bbox 1310 3003 1474 3043; x_wconf 84' lang='lat' dir='ltr'>ediderat</span> <span class='ocrx_word' id='word_1_473' title='bbox 1503 3000 1631 3038; x_wconf 64' lang='lat' dir='ltr'>leviter.</span> <span class='ocrx_word' id='word_1_474' title='bbox 1684 2996 1812 3041; x_wconf 85' lang='lat' dir='ltr'>Quem</span> <span class='ocrx_word' id='word_1_475' title='bbox 1840 2993 1986 3041; x_wconf 81' lang='lat' dir='ltr'>Pighius</span> <span class='ocrx_word' id='word_1_476' title='bbox 2008 2993 2044 3028; x_wconf 62' lang='grc' dir='ltr'>ἃ</span> <span class='ocrx_word' id='word_1_477' title='bbox 2062 2990 2120 3026; x_wconf 77' lang='lat' dir='ltr'>alii</span> 
     </span>
     <span class='ocr_line' id='line_1_72' title="bbox 1616 3040 2115 3083; baseline -0.014 0"><span class='ocrx_word' id='word_1_478' title='bbox 1616 3044 1695 3083; x_wconf 83' lang='lat' dir='ltr'>Lli</span> <span class='ocrx_word' id='word_1_479' title='bbox 1727 3043 1760 3081; x_wconf 92' lang='grc'>11</span> <span class='ocrx_word' id='word_1_480' title='bbox 1796 3055 1815 3079; x_wconf 82' lang='lat'>2</span> <span class='ocrx_word' id='word_1_481' title='bbox 2037 3040 2115 3077; x_wconf 85' lang='lat' dir='ltr'>sunt</span> 
     </span>
    </p>
   </div>
  </div>
 </body>
</html>
