2516 3509
308 207 376 243 dos
396 230 405 246 ,
441 209 541 237 anno
570 194 614 233 ab
638 193 690 238 U.
720 192 773 229 C..
800 200 880 238 544.
923 185 987 236 qui
1014 189 1091 222 erat
1121 182 1289 220 decimus

309 254 436 293 territis
462 248 612 288 secundi
636 244 723 283 belli
750 240 904 284 Punici,
931 244 1068 275 narrat.
1120 236 1182 273 De
1203 236 1291 275 este-

314 308 417 352 mylta
445 307 572 338 autem
594 298 758 346 virgine,
788 296 884 343 quae
911 290 973 327 hic
995 287 1165 326 Valerius
1183 296 1291 323 com-

316 362 507 393 memorat
520 380 529 395 ‚
558 351 723 388 consona
742 347 822 384 sunt
841 344 906 385 iis,
934 352 1031 391 quae
1048 338 1232 377 habentur
1253 336 1292 372 in

316 407 401 443 Lib.
429 418 485 442 11.
520 400 692 451 Dionysii
722 393 1012 437 Halicarnassei‚
1051 390 1113 428 ubi
1142 389 1188 427 de
1215 387 1293 425 Nu-

317 470 390 495 ma.
445 456 625 493 Ceterum
648 464 704 489 *ex
733 445 920 496 Dionysio
958 444 1039 481 satis
1071 440 1210 478 clai-uin
1247 437 1295 475 est

316 510 378 546 liic
406 507 503 556 apud
524 505 719 544 Valerium
747 497 949 549 legendum
968 494 1189 542 discipulam,
1217 501 1296 527 non

317 561 529 608 disciplinam
553 587 561 602 ‚
595 566 635 593 iit
662 553 795 591 Badius
830 544 955 596 legisse
982 544 1140 583 videtur.
1196 542 1297 579 Nam

321 611 540 660 Aemyliam
589 607 772 654 virginem
803 631 812 647 ‚
872 609 990 647 prope
1034 596 1113 644 jam
1165 592 1300 631 emeri-

321 673 399 700 tam
423 691 432 706 ,
470 662 561 709 ignis
593 656 798 694 custodiam
831 661 949 699 nuper
978 655 1106 694 captae
1133 673 1143 688 ‚
1176 646 1212 682 &
1237 643 1298 681 ad-

320 716 395 752 liuc
423 711 576 750 discenti
606 707 738 756 virgini
765 698 988 742 commisisse
1016 697 1148 734 scribit.
1172 695 1302 731 Carba-

315 770 392 814 fimz
425 773 551 801 autem
579 759 749 797 Valerius
778 763 922 797 vocat‚-
953 761 1067 801 quain
1100 745 1303 794 Dionysius

322 822 347 855 7²
369 817 395 853 ⁴33
419 814 635 852 Kxowowivm
666 809 785 848 ἔιθῗῦἶςν
809 805 1007 848 τελειριῶνοιί
1029 797 1304 837 GLAREAN.

372 879 408 914 p.
440 866 496 903 18.
532 864 716 900 Simulacra
742 855 926 906 statueret]
958 856 1149 894 statueret,
1185 848 1307 898 inquit

323 917 516 960 Valerius,
554 926 632 952 non
661 910 839 948 dedicaret.
892 907 985 943 Non
1009 903 1118 952 igitur
1144 898 1305 937 diffentit

324 969 492 1018 Valerius
517 980 536 1004 a
569 965 682 1002 Livio
698 992 707 1007 ‚
736 959 840 1010 quod
863 955 1084 995 existimavit
1104 952 1304 990 Oliverius.

327 1018 599 1058 GLAREAN.

376 1073 496 1108 Furius
517 1063 710 1113 Bibaculus]
737 1063 843 1101 Idem
869 1058 1058 1098 Oliverius
1075 1056 1175 1092 hunc
1195 1053 1303 1090 Prae-

329 1131 453 1160 torem
482 1118 644 1157 secundo
668 1116 765 1153 bello
786 1113 932 1151 Punico
964 1105 1068 1146 fuisse
1096 1105 1226 1143 scribit.
1252 1105 1305 1141 At

330 1175 425 1211 inter
452 1170 601 1210 secundi
628 1167 710 1206 belli
739 1163 871 1204 Punici
897 1162 1093 1199 Praetores
1117 1156 1215 1205 apud
1242 1156 1308 1192 Li-

333 1226 436 1262 vium
467 1224 543 1271 ejus
567 1231 710 1259 nomen
732 1229 811 1255 non
833 1213 940 1251 facile
961 1210 1132 1259 reperias.
1161 1209 1307 1255 Quam-

332 1277 386 1313 vis
414 1275 523 1324 primi
553 1285 596 1310 ac
626 1269 776 1308 secundi
802 1266 888 1303 anni
908 1265 1102 1301 Praetores
1128 1259 1189 1296 vix
1216 1269 1310 1295 unus

334 1336 396 1364 aut
429 1327 517 1363 alter
546 1326 582 1361 in
615 1322 729 1359 Livio
758 1323 971 1366 appareant.
1031 1310 1156 1350 Potest
1185 1317 1311 1346 autem

335 1378 468 1415 alicubi
493 1374 663 1413 suffectus
692 1369 855 1418 intelligi.
909 1364 1026 1404 Paulo
1057 1362 1136 1412 post
1172 1363 1209 1397 L.
1229 1361 1309 1400 ἱΛΖ-

335 1431 454 1465 lvanins
490 1428 551 1464 hic
582 1432 738 1463 vocatur
760 1450 769 1466 ,
811 1419 873 1470 qui
892 1417 1051 1465 virgines
1083 1411 1245 1450 Vestales
1276 1411 1314 1448 in

335 1481 535 1529 plaustrum
556 1474 758 1524 susceperit.
789 1473 817 1509 is
840 1469 937 1519 apud
960 1467 1113 1505 Livium
1136 1466 1172 1500 L.
1194 1462 1315 1502 Albi-

338 1546 399 1568 nus
423 1531 565 1578 legitur.
605 1526 746 1564 LeAEtor
768 1522 893 1560 videat
907 1550 916 1565 ,
934 1528 1019 1557 uter
1035 1518 1141 1554 locus
1162 1526 1206 1551 ex
1227 1522 1314 1564 utrgo

342 1582 384 1619 sit
403 1579 671 1618 emendandus.
723 1573 942 1612 Videndum
965 1571 1077 1607 etiam
1099 1567 1138 1604 sit
1160 1578 1206 1603 ne
1227 1577 1316 1614 pau-

336 1633 378 1671 lo
403 1633 482 1681 post
501 1629 702 1678 legendum
729 1626 875 1675 potius,
903 1626 1005 1660 Caere
1023 1618 1175 1670 oppidum
1195 1629 1315 1667 prove-

339 1687 417 1728 xit,
447 1681 687 1730 diffyllabon,
724 1687 765 1715 ut
793 1675 892 1725 apud
914 1674 1068 1710 Livium
1099 1670 1182 1706 Lib.
1210 1680 1245 1705 v.
1273 1679 1316 1704 ac

341 1748 412 1772 vn.
440 1735 484 1772 ab
507 1734 557 1769 U.
587 1732 630 1768 C.
658 1729 762 1780 quod
780 1729 841 1765 hic
863 1730 1000 1762 Caerete
1026 1720 1241 1769 trisyllabon
1266 1718 1318 1754 le-

341 1788 448 1835 gitur.
499 1783 676 1831 Virgilius
695 1779 901 1829 genitivum
927 1777 1003 1823 ejus
1019 1772 1167 1809 Caeritis
1188 1778 1318 1817 proru-

342 1836 419 1875 liffe
439 1836 586 1874 videtur
606 1833 689 1870 Lib.
719 1843 788 1867 vit.
812 1826 1005 1866 Aeneidos
1020 1852 1028 1867 ‚
1055 1833 1152 1871 prope
1173 1821 1322 1856 Caeritis

345 1904 476 1925 amnem
492 1917 501 1932 ‚
529 1884 652 1935 penul.
682 1894 775 1920 corr.
802 1891 916 1930 quein
937 1875 1144 1925 genitivum
1168 1871 1319 1919 quidam

346 1948 477 1989 putant
502 1951 523 1975 a
554 1934 792 1975 nominativo
823 1935 942 1967 Caeres
971 1923 1054 1963 effe.
1110 1923 1222 1959 Certe
1252 1933 1321 1970 pro

349 1992 469 2041 patrio
506 1990 543 2026 in
574 1987 725 2023 Caci-etis
764 1984 802 2020 in
840 1978 1039 2018 secundam
1080 1974 1252 2012 vocalem
1284 1987 1322 2016 e,

351 2043 400 2080 est
426 2041 539 2088 longa
565 2037 665 2086 apud
692 2033 892 2082 Virgilium
908 2059 917 2075 ‚
955 2030 1028 2080 ,Qui
1054 2029 1191 2063 Caerete
1220 2023 1326 2060 domo.

352 2095 406 2132 At
429 2093 558 2129 Livius
587 2092 736 2125 Caerites
767 2087 805 2122 in
832 2080 961 2131 plurali
987 2090 1055 2127 pro
1084 2076 1239 2126 populo.
1282 2074 1325 2110 In

352 2142 522 2192 singulari
543 2143 646 2176 Caere
674 2136 855 2186 oppidum
882 2129 1040 2180 appellat
1060 2157 1070 2173 ‚
1105 2127 1166 2165 sed
1199 2126 1329 2162 Caeriti

357 2195 498 2245 populo
534 2191 614 2228 Lib.
640 2202 709 2227 vii.
739 2188 782 2224 ab
806 2188 856 2223 U.
881 2185 924 2221 C.
957 2182 1057 2218 dixit.
1102 2176 1330 2216 Grammati-

361 2247 395 2284 ci
423 2247 587 2294 litigent,
616 2250 656 2278 ut
684 2239 828 2277 volunt.
881 2233 1009 2272 Strabo
1038 2230 1167 2268 Lib.v.
1197 2228 1243 2264 de
1264 2233 1331 2267 Ui-

354 2299 458 2350 gylla
497 2294 642 2342 egregie
667 2299 772 2328 notat
802 2290 1068 2326 Romanorum
1104 2277 1333 2329 ingratitudi-

364 2361 452 2386 nem
477 2349 514 2384 in
535 2346 631 2382 lianc
651 2342 779 2380 urbem
801 2343 902 2376 Caere
917 2367 926 2382 ‚
946 2343 1097 2384 propter
1113 2332 1261 2368 Caerites
1281 2341 1335 2365 ta-

366 2401 474 2437 lmlas.
500 2396 600 2435 unde
628 2391 865 2443 proverbium
889 2417 899 2433 ,
937 2387 1069 2423 Caerite
1096 2397 1167 2420 cera
1193 2381 1337 2433 dignus,

374 2449 472 2500 apud
500 2450 635 2486 Horat.
672 2446 709 2482 in
737 2441 892 2491 epistolis
921 2438 967 2475 ad
998 2435 1232 2473 Numicium.
1286 2433 1339 2468 At

375 2502 506 2539 Livius
532 2496 800 2536 Hetruscorum
826 2503 868 2527 ac
888 2488 1084 2525 Gallorum
1112 2484 1219 2527 osor,
1248 2484 1340 2520 mire

376 2566 442 2591 eos
467 2550 626 2589 humiles
656 2546 792 2594 ubique
817 2541 916 2579 facit.
943 2535 1216 2576 GLAREAN.

453 2633 458 2639 .
590 2603 630 2636 In
658 2597 850 2647 capitolium
878 2593 944 2637 post
971 2588 1125 2625 divinam
1155 2584 1343 2620 veneratio-

375 2655 466 2704 nem]
496 2648 805 2699 Distinguendum
832 2643 977 2681 videtur
996 2638 1074 2687 post
1094 2636 1342 2674 accusativum

379 2708 635 2744 Venerationem.
657 2701 793 2749 Neque
822 2695 923 2733 enim
949 2690 1132 2740 genitivus
1157 2688 1344 2723 victricium

379 2768 569 2794 armorum
595 2784 604 2799 ‚
634 2754 678 2789 ab
705 2748 913 2788 accusativo
937 2741 1203 2779 venerationem:
1239 2737 1299 2775 sed
1327 2749 1347 2774 a

380 2808 619 2845 nominativo
646 2804 752 2839 vietor
779 2799 936 2848 regitur,
961 2795 1038 2831 lioc
1069 2790 1208 2827 ordine.
1234 2792 1272 2825 C.
1286 2791 1344 2824 Fa-

382 2860 455 2895 laius
478 2861 608 2904 Dorsuo
636 2857 703 2903 post
732 2852 886 2888 divinam
913 2844 1156 2883 venerationem
1186 2839 1285 2876 rediit
1315 2841 1350 2874 in

382 2910 587 2956 Capitolium
607 2904 741 2954 perinde
771 2917 808 2938 ac
836 2900 943 2937 vic‘for
962 2894 1149 2933 viaricium
1175 2905 1351 2927 armerum.

384 2960 517 2999 Badius
551 2956 730 2995 intellexit
765 2954 810 2991 de
848 2951 957 2989 arinis
993 2943 1181 2986 Romuli,
1229 2941 1352 2978 nescio

385 3012 536 3061 quibus:
566 3020 651 3045 cum
680 3007 740 3043 hic
767 3005 813 3044 de
834 3002 1031 3043 Gallorum
1061 2995 1170 3034 arinis
1190 2991 1230 3031 sit
1250 3004 1356 3030 men-

385 3065 451 3101 tio.
481 3058 751 3100 GLAREAN.

789 76 1825 143 ADDENDA

1392 177 1434 233 P.
1459 176 1614 232 Cornelio
1634 175 1789 213 &Bebio
1817 173 2009 225 Pamphilo]
2047 175 2137 214 HOC
2162 173 2199 211 in
2229 173 2319 213 loco

1343 227 1476 265 melius
1500 227 1646 265 Badius,
1699 228 1801 265 Nam
1822 228 1971 266 titulum
1992 227 2053 264 liic
2071 228 2169 265 recte
2197 238 2326 264 emen-

1344 279 1430 323 dat,
1459 279 1534 317 hoc
1563 278 1708 317 modo:
1737 281 1796 315 De
1829 279 1927 316 libris
1956 282 2091 316 Numae
2117 280 2256 325 repertis
2285 289 2324 313 ac

1344 334 1496 388 crematis
1516 333 1554 367 P.
1577 331 1730 367 Cornelio
1750 338 1795 377 φ’
1817 330 1914 372 ngio
1937 331 2112 377 Pamphilo
2132 327 2233 366 Coff.
2255 329 2323 366 Ni-

1344 382 1397 420 hil
1426 383 1526 420 enirn
1551 379 1650 419 Coff.
1678 382 1717 419 hi
1746 389 1905 430 egerunt
1922 409 1932 424 ‚
1967 381 2029 418 sed
2056 381 2117 418 sub
2145 380 2200 417 liis
2229 380 2324 417 haec

1348 433 1428 471 aista
1455 434 1504 471 est
1529 433 1678 471 historia
1706 444 1807 470 anno
1841 432 1885 468 ab
1911 433 1960 469 U.
1990 432 2032 469 C.
2055 445 2137 480 573.
2165 432 2225 468 De
2255 443 2325 468 nu-

1349 496 1458 522 mero
1495 493 1620 522 autem
1658 485 1798 522 horum
1834 482 2014 520 librorum
2042 484 2225 520 variatum
2253 481 2325 519 effe

1352 537 1520 592 fatetur3
1549 536 1641 573 Plin.
1685 535 1767 572 Lib.
1803 546 1891 571 xm.
1931 545 2010 581 cap.
2044 545 2100 583 13.
2154 534 2202 571 Et
2236 544 2323 571 cum

1353 587 1452 645 apud
1475 587 1629 624 Livium
1651 585 1896 624 &Valerium
1916 585 2055 633 septem
2079 582 2193 622 essent
2213 585 2329 622 Grae-

1355 652 1388 677 ci
1423 650 1466 676 ac
1491 639 1627 676 Latini.
1675 636 1847 674 Valerius
1877 636 1927 673 ait
1955 635 2110 672 Latinos
2139 628 2325 681 servatos,

1357 692 1522 728 Graecos
1550 696 1745 727 crematos.
1801 687 1931 724 Livius
1963 686 2073 723 libros
2095 685 2234 729 lectos,
2257 687 2330 731 ait,

1356 754 1434 780 non
1464 741 1592 779 addito
1609 770 1618 785 ‚
1641 740 1725 789 qui,
1755 738 1940 775 Graecine
1968 750 2010 775 ac
2035 737 2191 774 Latini:
2229 737 2329 786 quafi

1357 805 1491 831 omnes
1520 791 1730 830 combustos
1755 789 1878 827 dicere
1905 789 2005 827 velit.
2030 788 2305 825 GLAREAN‘.

1407 856 1515 894 p.23.
1542 844 1751 893 Tarquinius
1768 852 1880 877 autem
1895 839 1991 889 Rex]
2021 840 2163 876 Mirum
2183 839 2228 876 de
2250 848 2334 877 utro

1358 896 1545 946 Tarquinio
1571 895 1764 944 loquatur,
1798 903 1885 929 cum
1918 892 2020 940 prior
2042 891 2156 938 longe
2183 890 2332 939 religio-

1358 947 1430 985 sior
1463 947 1585 983 fuerit.
1640 943 1827 982 Oliverius
1863 943 2071 980 constanter
2105 943 2150 978 de
2189 941 2334 980 Superbo

1357 997 1549 1046 intelligit¹
1575 1007 1616 1034 ac
1637 995 1682 1032 de
1705 1006 1784 1032 uno
1799 994 2062 1043 Sibyllinorum
2085 993 2201 1030 libro:
2228 983 2332 1042 quod

1359 1062 1436 1098 quo
1464 1048 1617 1086 auetore
1645 1047 1779 1090 faciat,
1804 1045 1892 1082 scire
1920 1045 2046 1083 velim.
2084 1044 2203 1081 Porro
2230 1044 2334 1093 quod

1360 1100 1494 1139 deinde
1516 1100 1552 1137 in
1582 1105 1761 1136 contextu
1784 1096 1939 1145 legitur,
1969 1097 2071 1145 quue
2092 1098 2250 1144 supplicii?
2278 1109 2333 1145 ge-

1358 1167 1419 1189 nus
1445 1166 1510 1188 non
1532 1152 1636 1186 multo
1661 1151 1731 1198 post
1763 1147 1943 1198 parricidis
1970 1149 2039 1194 lege>
2068 1149 2249 1197 irrogatum
2270 1135 2338 1192 est:

1359 1205 1397 1241 in
1428 1202 1576 1241 vetustis
1617 1199 1728 1238 codd.
1776 1198 1908 1248 absque
1952 1195 2152 1246 negatione
2194 1197 2338 1245 legitur.

1365 1255 1518 1303 Quippe
1546 1252 1624 1308 plus
1656 1249 1931 1300 quadringentis
1963 1249 2065 1286 annis
2097 1248 2176 1296 post
2195 1249 2337 1295 irroga-

1365 1315 1460 1343 tum.
1516 1306 1666 1353 Quinto
1704 1301 1806 1338 enim
1844 1301 2033 1338 consulatu
2072 1299 2115 1336 C.
2154 1300 2264 1336 Marii
2299 1299 2339 1336 P.

1366 1356 1565 1395 Malleolus
1593 1355 1731 1403 primus
1755 1360 1875 1389 matre
1901 1353 2123 1399 interempta
2152 1351 2259 1388 culeo
2285 1351 2341 1387 in·

1366 1409 1461 1446 sutus
1490 1409 1529 1445 in
1558 1417 1661 1444 mare
1690 1403 1947 1453 praecipitatus
1976 1403 2046 1446 est,
2075 1402 2124 1439 ait
2147 1401 2275 1438 Florus
2299 1401 2337 1438 in

1369 1460 1470 1497 Livii
1491 1459 1671 1507 Epitome
1695 1455 1778 1492 Lib.
1801 1467 1939 1493 lxviii.
1968 1453 2031 1503 qui
2058 1453 2127 1489 fuit
2153 1464 2268 1490 annus
2297 1453 2340 1489 ab

1366 1513 1415 1548 U.
1453 1511 1498 1547 C.
1528 1511 1614 1559 653.
1665 1507 1765 1545 Cum
1795 1507 1894 1553 prior
1928 1505 2157 1553 Tarquinius
2191 1514 2343 1552 regnare

1367 1562 1556 1611 coeperit,
1585 1570 1684 1597 anno
1716 1558 1761 1595 ab
1787 1558 1838 1594 U.
1868 1558 1911 1594 C.
1943 1557 2025 1594 180.
2054 1555 2255 1604 Superbus,
2278 1566 2344 1592 an-

1368 1627 1420 1652 no
1444 1627 1529 1651 220.
1558 1609 1833 1649 GLAREAN.

1418 1678 1453 1714 p.
1482 1677 1540 1710 24.
1569 1661 1705 1709 Infidiis
1736 1658 1959 1708 Asdrubalis
1989 1666 2034 1693 <9⁴
2067 1656 2244 1705 Xantippi
2285 1658 2350 1691 La-

1369 1714 1588 1763 cedaemom'i]
1630 1712 1806 1760 Polybius
1838 1709 1970 1747 nobilis
1997 1711 2035 1746 &
2065 1708 2235 1756 antiquus
2263 1706 2347 1744 scri·-

1370 1776 1480 1816 ptor‚
1513 1778 1557 1802 ex
1589 1776 1667 1812 quo
1690 1763 1805 1800 multa
1828 1762 1957 1798 Livius
1984 1770 2027 1796 ac
2056 1759 2114 1796 alii
2137 1757 2262 1795 Latini
2282 1770 2348 1794 au-

1373 1818 1493 1855 &ores
1523 1822 1774 1863 exceperunt,
1813 1824 1892 1849 non
1919 1809 2083 1852 insidiis,
2127 1809 2185 1846 sed
2216 1818 2347 1857 aperto

1373 1870 1498 1905 Marte
1514 1867 1689 1905 Attilium
1709 1866 1747 1902 ἃ
1769 1863 1910 1901 vietum
1935 1863 1972 1898 &
1991 1868 2140 1908 captum
2165 1858 2236 1896 effe
2264 1860 2348 1896 scri-

1373 1920 1426 1957 bit
1456 1919 1538 1956 Lib.
1566 1931 1596 1955 1.
1622 1915 1718 1954 unde
1748 1927 1827 1952 non
1858 1924 1987 1961 parum
2018 1912 2134 1948 miror
2155 1913 2352 1948 Romano-

1374 1983 1458 2008 rum
1490 1968 1764 2017 impudentiam
1780 1994 1788 2009 ‚
1815 1965 1878 2013 qui
1901 1962 2194 2000 aliisinendacia
2217 1973 2352 2009 expro-

1376 2022 1479 2058 brare
1510 2021 1675 2062 soleant,
1697 2016 1761 2065 ipfi
1788 2027 1867 2052 non
1894 2014 1974 2051 satis
1996 2013 2132 2063 ubique
2153 2025 2172 2050 a
2198 2011 2354 2050 mencla-

1381 2073 1443 2110 ciis
1469 2073 1562 2121 puri.
1602 2067 1877 2107 GLAREAN.

1432 2123 1505 2165 «ΑΒ
1533 2136 1641 2158 eorum
1666 2121 1755 2156 cultu
1781 2116 1955 2163 absterreri
1970 2112 2134 2165 potuerit]
2164 2113 2248 2150 Post
2263 2113 2357 2151 haec

1383 2175 1495 2213 verba
1524 2175 1563 2211 in
1581 2172 1760 2221 plerisque
1781 2168 1968 2206 codicibus
1997 2166 2158 2215 sequitur
2179 2172 2288 2212 caput
2311 2164 2358 2201 de

1385 2225 1553 2274 neglecta
1584 2223 1764 2271 religione
1783 2250 1793 2264 ,
1842 2219 1903 2256 sed
1937 2218 1974 2254 in
2007 2217 2123 2265 magis
2152 2216 2359 2252 emendatis

1386 2279 1453 2315 tria
1483 2277 1545 2314 liic
1572 2275 1700 2311 desunt
1721 2269 1890 2319 exempla
1913 2269 2128 2306 observatae
2151 2266 2361 2314 religionis,

1388 2340 1485 2378 quae
1513 2327 1559 2365 ad
1583 2327 1658 2363 hoc
1690 2324 1872 2361 adde-ntur
1909 2328 2019 2368 caput
2053 2319 2098 2356 de
2138 2317 2238 2354 cultu
2269 2317 2363 2355 deo-

1390 2392 1494 2417 rum:
1528 2379 1690 2427 primum
1724 2375 1771 2412 est
1800 2373 1845 2410 de
1864 2372 2052 2409 Persarum
2081 2371 2119 2406 in
2141 2367 2361 2417 Apollinem

1391 2431 1570 2479 religione
1590 2457 1599 2472 ‚
1627 2426 1830 2464 secundum
1860 2420 2144 2461 Atheniensium
2167 2448 2177 2464 ,
2212 2420 2366 2458 tertium

1393 2479 1660 2520 Diomedontis
1688 2479 1724 2514 iii
1754 2477 1843 2514 alios
1874 2475 1975 2512 deos.

1445 2548 1567 2583 Multo
1586 2546 1656 2593 poll·
1673 2536 1870 2591 parricidis]
1900 2535 2045 2574 Marcil.
2073 2532 2120 2571 ad
2140 2534 2186 2571 L.
2199 2545 2268 2571 ΧΠ.
2291 2533 2365 2572 tab.

1397 2610 1428 2636 C.
1452 2597 1511 2635 81.
1541 2596 1629 2645 legit
1654 2608 1717 2629 non
1744 2592 1848 2627 multo
1874 2591 1955 2638 post.

1448 2663 1585 2708 Infestos
1619 2655 1712 2705 deos]
1761 2652 1861 2690 Vide
1899 2652 1937 2688 &
1967 2649 2112 2687 Marcii.
2152 2646 2198 2685 ad
2235 2648 2370 2685 Horat.

1399 2711 1445 2749 L.
1472 2725 1535 2750 111.
1570 2708 1669 2748 Ode.
1704 2720 1735 2756 ς.

1450 2789 1486 2825 p.
1511 2776 1572 2813 26.
1600 2771 1772 2810 Creditum
1793 2771 1838 2816 est
1860 2762 2062 2812 Varronem]
2094 2760 2288 2799 Creditum
2309 2758 2377 2802 est,

1402 2828 1473 2871 ait,
1513 2828 1725 2863 Varronem
1757 2819 1943 2858 consulem
1977 2826 2054 2854 tam
2082 2812 2277 2850 infeliciter
2305 2822 2374 2858 pu-

1403 2877 1526 2927 gnasse
1567 2876 1614 2915 ob
1642 2872 1847 2922 ncglestam
1888 2869 2120 2917 religionem.
2172 2864 2263 2900 Non
2289 2860 2372 2897 sane

1406 2942 1521 2973 vana,
1546 2927 1608 2965 sed
1632 2925 1822 2963 certissima
1845 2919 2094 2970 improsperae
2117 2914 2268 2953 militiae
2287 2921 2374 2948 cau-

1406 2981 1465 3027 sa,
1497 2978 1558 3019 vel
1586 2976 1750 3016 Horatio
1779 2973 1889 3012 teste:
2324 3015 2379 3052 DI
