2516 3509
423 65 526 121 DE
567 62 1131 123 HUMANITATE
1170 66 1279 126 ET
1320 65 1818 127 CLEMENTI‘A.

2004 92 2120 147 *419

115 178 236 227 tulit.
305 174 435 223 Nam
457 189 565 220 eum
604 170 647 211 5⁶
674 173 964 236 Rethogenis
987 172 1133 235 filios,
1166 177 1246 240 qui
1265 176 1319 223 ad
1348 193 1454 224 eum
1484 178 1742 238 transierat,
1778 176 2112 228 Centobricen-

115 257 176 305 ses
203 256 438 304 machinae
470 253 634 302 istibus
667 253 962 318 objecissent,
995 271 1050 301 ne
1082 259 1211 320 pueri
1241 259 1289 304 in
1319 258 1565 322 conspeAEtu
1599 261 1736 323 patris
1759 260 1930 307 crudeli
1948 277 2111 326 genere

114 336 273 382 mortis
297 332 693 393 consumerentur,
730 337 1015 396 (quanquam
1036 335 1126 398 ipse
1152 337 1452 402 Rethogenes
1481 337 1675 401 negabat
1707 340 1780 399 ‹iffi›
1805 342 2116 401 impedimemo,

108 432 186 478 quo
208 417 342 460 minus
360 416 488 460 etiam
526 419 567 451 ς7
582 426 658 473 per
679 413 1142 476 exitumscmguinisfizi
1161 420 1496 479 expugnationem
1519 419 1759 479 perageret)
1795 417 1850 464 ab
1879 419 2114 467 obsidione

110 495 317 546 discessit.
384 494 500 553 Quo
532 492 716 558 quidem
749 507 843 540 tam
876 495 1090 542 clementi
1123 495 1269 556 fabio,
1305 497 1386 544 etsi
1418 513 1512 543 non
1533 499 1666 546 unius
1691 499 1888 546 civitatis
1912 503 2114 561 moenia,

114 578 323 626 omnium
337 587 497 622 ‘tamen
518 571 853 619 Celtiberarum
876 574 1061 621 urbium
1084 575 1254 621 animos
1285 575 1433 638 cepit:
1470 574 1717 641 effecitque
1742 589 1795 624 ut
1824 576 1878 623 ad
1905 578 2112 642 redigen-

116 662 190 711 das
211 656 279 706 eas
299 660 346 705 in
367 658 590 704 ditionem
611 658 774 721 populi
794 660 939 705 Rom.
963 674 1056 704 non
1081 657 1234 704 multis
1261 657 1341 705 fibi
1364 656 1674 711 obsidionibus
1695 674 1809 721 opus
1831 656 1950 703 ess'et.

187 737 228 778 58
250 740 452 786 Africani
476 755 660 802 quoque
680 739 938 803 posterioris
963 739 1217 785 humanitas
1254 745 1292 773 ⁵⁹
1315 738 1509 803 speciose
1529 739 1704 803 lateque
1723 740 1886 803 patuit.

117 832 254 883 gnata
281 820 402 865 enim
425 818 733 883 Carthagine,
769 819 889 865 circa
926 818 1104 864 Siciliae
1133 819 1338 864 civitates
1369 819 1515 865 literas
1548 818 1669 865 misit
1694 853 1709 878 ,
1761 832 1814 865 ut
1853 834 2116 868 ornamenta
2132 839 2201 906 ᾖον.
2224 835 2294 864 εὶς.

2158 884 2216 906 CII.
2232 885 2281 906 vi.

1956 740 2117 803 Expu-

118 902 396 966 templorum
415 899 598 946 suorum
622 917 645 946 a
662 901 826 947 Poenis
845 911 970 963 rapta
993 914 1073 961 per
1093 898 1266 963 legatos
1294 913 1613 964 recuperarent
1628 934 1641 959 ,
1674 901 1809 963 inque
1840 900 2035 963 pristinis
2054 900 2115 947 se-

106 979 246 1027 -dibus
265 977 524 1043 reponenda
542 990 765 1024 curarent.
801 975 1088 1023 Beneficium
1114 975 1197 1023 diis
1221 972 1387 1040 pariter
1411 991 1547 1041 atque
1569 978 1831 1025 hominibus
1859 993 2116 1043 acceptum.

182 1055 228 1084 ⁶⁰
252 1058 380 1105 Huic
398 1056 518 1104 facto
543 1073 622 1120 par
641 1053 837 1119 ejusdem
861 1056 933 1101 avi
954 1055 1219 1102 humanitas.

106 1269 179 1296 „tem
206 1258 344 1296 eundum
360 1263 472 1307 foret,
498 1274 562 1295 non
587 1257 763 1295 deterritus
779 1257 942 1307 propofito
956 1285 966 1301 ‚
982 1260 1089 1307 perse-

107 1314 270 1347 verarum
297 1310 409 1355 ducis,
435 1325 530 1361 quem
554 1314 747 1347 moriturum
767 1312 900 1356 miserat
915 1337 925 1353 ,
951 1311 1091 1345 militem

108 1362 271 1399 vitiorem
302 1366 433 1411 recepit.
486 1362 528 1398 In
556 1373 633 1410 quo
666 1361 749 1397 sane
779 1360 869 1396 nihil
888 1360 959 1403 est,
988 1360 1091 1409 quod

120 1424 205 1450 cum
226 1414 435 1450 narratione
448 1411 586 1449 Valerii
605 1411 676 1449 ulla
696 1423 740 1448 ex
760 1419 862 1459 parte
875 1412 1090 1456 conveniat,

119 1464 199 1500 imo
221 1464 325 1513 quod
343 1476 421 1501 non
435 1464 593 1501 omnino
607 1463 650 1500 ab
672 1474 713 1500 ea
725 1462 931 1500 abhorreat.
959 1464 1090 1511 Quum

109 1515 325 1552 Contrebiam
349 1515 488 1563 ceperit
511 1514 684 1551 Metellus
703 1541 713 1558 ‚
759 1513 803 1550 ab
830 1513 937 1562 hujus
964 1522 1091 1551 autem

121 1565 216 1602 urbis
240 1566 429 1604 obsidione
451 1563 654 1602 discesserit.
861 1607 863 1610 ¹

167 1617 224 1665 56.
253 1617 445 1667 Reibogenis
468 1615 582 1665 filios]
622 1615 753 1665 Ultraj.
781 1617 889 1664 prim.
920 1617 1090 1665 Retogeri.

115 1667 226 1705 Leid.
244 1669 282 1705 ὃς
304 1668 371 1704 Bit.
391 1668 508 1716 primi.
537 1668 733 1718 Theogenis.
761 1666 868 1704 Leid.
890 1666 1005 1716 quint.
1026 1671 1090 1716 Re-

114 1722 241 1769 togenis
264 1719 349 1755 sext.
371 1719 572 1768 Rqstogenis.

136 1766 138 1768 Ι
167 1781 223 1818 57.
253 1772 314 1805 Per
334 1772 459 1806 exitum
482 1771 658 1818 fimguinis
678 1769 753 1818 sui]
785 1769 839 1806 Ita
857 1769 939 1806 sane
963 1769 1001 1806 &
1023 1779 1089 1806 CO-

116 1819 214 1858 dices
241 1821 371 1858 Brand.
407 1822 543 1870 Neque
560 1821 663 1858 aliter
692 1821 729 1857 in
752 1820 974 1857 editionibus
999 1820 1088 1858 Aldi

116 1873 155 1908 ὃς
180 1873 291 1908 Mart.
321 1872 474 1919 Herbip.
504 1872 647 1920 legitur.
701 1871 934 1919 Theophilus
959 1879 1088 1909 tamen

116 1922 437 1969 Chalcocondyles
455 1934 500 1959 ex
522 1922 790 1960 cod.Parrhasii
813 1922 925 1959 edidit
941 1932 998 1971 per
1015 1925 1087 1959 exi-

114 1975 197 2008 tium
221 1975 318 2022 fizng.
342 1976 410 2020 sui.
460 1973 508 2010 Et
528 1974 640 2011 video
660 1974 832 2011 audaCoer
850 1975 899 2011 ita
920 1972 1088 2020 scripfiffe

116 2023 154 2059 ὃς
182 2023 378 2070 Thylium.
431 2023 609 2061 Ceterum
640 2026 750 2060 exitus
779 2037 847 2072 pro
874 2022 1016 2060 excessu
1050 2026 1088 2062 ὃς

116 2081 241 2110 morte
261 2074 299 2110 ὃς
318 2073 416 2121 supra
440 2074 521 2117 1‚6‚
537 2088 593 2112 10.
619 2073 657 2110 in
679 2074 787 2111 codd.
806 2074 959 2123 quidem
982 2074 1086 2112 MSS.

116 2132 157 2162 ut
177 2124 250 2170 jam
285 2124 471 2160 monitum
505 2124 551 2160 est
565 2153 575 2168 ‚
601 2125 768 2174 itemque
784 2126 878 2161 infra
898 2137 936 2168 v,
959 2137 995 2170 4,
1016 2133 1088 2163 ext.

117 2187 150 2225 3.
186 2184 346 2222 apparet.
398 2174 446 2210 Et
471 2174 636 2222 Vellejus
665 2187 818 2223 quoque
845 2175 985 2211 Patere.
1026 2174 1087 2212 lib.

114 2238 160 2262 11.
187 2237 264 2262 non
287 2224 389 2261 aliter
419 2224 586 2273 usurpat,
613 2225 716 2274 quod
749 2226 793 2262 de
814 2225 986 2262 Varrone
1005 2225 1089 2262 scri-

113 2276 164 2314 bit
179 2290 186 2313 2
205 2279 395 2311 Moriturus
415 2290 495 2312 vera
513 2273 552 2310 de
568 2278 662 2311 exim
680 2281 749 2320 ejus
759 2289 878 2325 magna
900 2290 967 2310 cum
988 2275 1088 2313 liber—

113 2337 184 2364 tate
204 2330 368 2363 ominatus
388 2329 442 2373 est.
495 2326 627 2363 Graeci
644 2324 807 2362 fimiliter
829 2334 991 2362 mortem
1016 2327 1087 2372 ’ἔξο-

114 2377 164 2413 δον
185 2378 310 2414 dicunt
351 2376 451 2413 Vide
472 2377 570 2413 varia
590 2376 627 2413 id
645 2387 759 2424 genus
779 2384 954 2414 annotata
974 2376 993 2413 a
1016 2389 1085 2414 no-

114 2427 166 2465 bis
186 2427 490 2465 Dissertationum
525 2427 703 2464 sacrarum
724 2426 815 2464 libro
834 2440 894 2463 111.
923 2429 960 2464 ὃς
979 2427 1085 2473 hujus

113 2490 195 2527 pag.
220 2491 280 2528 93.
309 2478 503 2516 VORST.
558 2480 706 2514 Exitium
733 2478 841 2515 habet
862 2477 955 2515 solus
977 2473 1084 2517 Leid.

114 2531 221 2578 prim.
252 2531 290 2567 δε
320 2529 366 2566 fic
393 2530 490 2566 forte
514 2528 712 2577 legendum
743 2530 951 2578 conjecerat
972 2531 1081 2567 etiam

112 2581 269 2629 Pighius.
323 2582 459 2617 Exitum
481 2592 547 2628 pro
571 2588 693 2617 morte
712 2581 801 2628 poni
820 2580 959 2618 ostendi
982 2582 1084 2629 supra

114 2631 160 2668 ad
191 2633 235 2669 L.
261 2645 289 2669 1.
318 2631 351 2668 6.
383 2645 437 2669 io.
475 2630 611 2668 Nescio
642 2639 769 2672 tamen
799 2631 997 2679 quomodo
1024 2633 1084 2671 hic

114 2685 251 2718 exitium
273 2683 385 2731 magis
403 2682 532 2731 placet.

167 2747 224 2794 58.
236 2750 409 2793 QAfricani
425 2760 553 2797 quoque
566 2747 770 2797 posterioris]
793 2748 884 2786 Duo
900 2749 960 2786 hic
979 2750 1080 2789 Afri-

115 2798 195 2834 cani
221 2799 428 2846 posterioris
458 2798 626 2846 exempla
645 2798 828 2846 produnt,
857 2812 941 2838 cum
959 2802 1078 2850 poste-

114 2849 184 2884 rius
204 2860 281 2885 non
302 2848 341 2886 sit
361 2849 566 2898 posterioris
584 2850 748 2886 Africani
763 2879 772 2893 ‚
799 2851 858 2888 sed
878 2852 1006 2899 prioris
1019 2863 1080 2898 ‚ut

113 2898 191 2936 satis
219 2899 334 2949 liquet
363 2913 407 2938 ex
438 2900 519 2937 Lib.
541 2913 609 2937 vn.
637 2902 764 2938 tertiae
784 2902 955 2940 Decados
982 2906 1078 2953 apud

111 2949 277 2988 Livium.
332 2951 431 2989 Cum
451 2952 551 2990 enim
569 2952 710 3001 ingenti
729 2963 851 3002 pugna
870 2954 1079 2994 Hasdruba-

1289 1057 1331 1102 A
1354 1057 1587 1120 quaestore
1611 1056 1690 1102 suo
1716 1057 1864 1103 hastae
1895 1056 2116 1122 subjeftos

1140 1260 1239 1306 lem,
1267 1260 1490 1299 Hannibalis
1522 1262 1672 1299 fratrem
1691 1290 1701 1303 ‚
1730 1261 1892 1309 superior
1921 1263 2043 1312 Scipio
2078 1266 2112 1302 in

1142 1313 1319 1362 Hispania
1347 1311 1509 1356 vicisset,
1537 1314 1585 1350 ita
1613 1321 1653 1349 ut
1674 1312 1849 1360 Hispania
1864 1315 1942 1363 jam
1962 1316 2112 1362 pellere-

1142 1371 1200 1401 tur
1218 1363 1445 1408 Hasdrubal,
1473 1361 1657 1401 Masinissa
1680 1363 1799 1401 adhuc
1818 1365 1925 1401 hostis
1945 1375 2030 1404 erat.
2057 1368 2109 1405 Ar

1141 1415 1216 1452 hoc
1243 1416 1497 1464 stratagemate
1527 1415 1650 1464 Scipio
1669 1413 1893 1452 Masinissam
1926 1417 2014 1454 fecit
2033 1419 2108 1455 Ro-

1145 1479 1340 1504 manarum
1367 1467 1539 1516 partium.
1605 1465 1831 1514 Exemplum
1862 1474 1987 1504 autem
2015 1469 2110 1517 prius

1144 1519 1257 1566 longe
1278 1518 1355 1567 post
1369 1547 1378 1562 ‚
1406 1529 1543 1565 nempe
1561 1518 1673 1554 tertio
1692 1517 1836 1553 Punico
1862 1517 1958 1554 bello
1972 1547 1982 1562 ‚
2010 1519 2030 1556 a
2050 1533 2113 1568 po-

1142 1570 1292 1608 steriore
1316 1569 1490 1618 Scipione
1514 1568 1652 1605 facium
1675 1568 1734 1605 est.
1771 1567 1940 1605 Valerius
1962 1581 2039 1607 non
2062 1584 2113 1607 re-

1144 1620 1201 1658 ‹ste
1230 1620 1295 1657 uni
1322 1620 1477 1657 tribuit:
1514 1618 1576 1656 sed
1612 1619 1659 1655 est
1697 1619 1880 1662 innuo-nuh
1918 1620 2116 1669 ἁμάρτημα.

1142 1671 1415 1709 GLAREAN.

1195 1746 1253 1782 59.
1279 1736 1422 1782 ⁴Speciose
1443 1735 1574 1784 lateque
1590 1733 1722 1784 patuit]
1749 1734 1857 1782 Lego
1870 1735 2116 1784 spe2·i0sa‚sciL

1140 1785 1220 1824 fuit.
1272 1784 1382 1834 Prop.
1405 1786 1450 1822 L.
1470 1798 1531 1822 111.
1556 1798 1608 1832 14.

1211 1860 1298 1893 Nox
1325 1854 1429 1892 media
1447 1885 1457 1900 ,
1494 1864 1538 1891 ὃν
1567 1854 1716 1894 dominae
1743 1857 1825 1893 miln'
1849 1857 1942 1892 venit
1968 1856 2118 1906 epistolae

1317 1911 1454 1955 nostrae.

1139 1985 1384 2025 PERIJON.
1436 1988 1548 2025 Possit
1567 1996 1695 2028 tamen
1709 2017 1718 2032 ‚
1748 1986 1772 2024 fi
1794 1988 1914 2025 minus
1936 1989 2115 2025 conveni-

1140 2049 1178 2074 re
1225 2038 1394 2076 videatur
1434 2041 1573 2091 speciose
1605 2049 1699 2089 patet
1722 2068 1731 2084 ‚
1777 2038 1824 2075 ad
1850 2048 2116 2087 praegnantem

1141 2087 1449 2136 significationem
1477 2091 1631 2135 referri,
1676 2097 1717 2126 ut
1744 2089 1899 2126 verbum
1927 2090 2117 2138 posteriori

1141 2139 1317 2177 adverbio
1338 2143 1567 2189 potissimum
1588 2140 1806 2189 respondeat
1819 2169 1828 2184 ,
1842 2153 1926 2177 cum
1948 2141 1983 2178 in
2004 2143 2117 2189 priori

1142 2191 1393 2228 commodum
1421 2193 1517 2229 aliud
1536 2192 1692 2228 verbum
1725 2191 1857 2228 debeat
1888 2191 2112 2241 subintelligi.

1140 2239 1201 2275 De
1223 2252 1299 2289 quo
1319 2241 1479 2279 vidimus
1504 2243 1583 2289 jam
1611 2242 1724 2289 supra.
1780 2241 1821 2277 In
1850 2242 1981 2291 Copes.
2009 2246 2113 2281 tertia

1136 2288 1240 2326 litera
1261 2290 1298 2327 in
1310 2294 1447 2340 speciose
1470 2300 1546 2329 erat
1567 2291 1760 2340 expundta.
1780 2292 1884 2329 Med.
1906 2295 2011 2341 prim.
2033 2298 2111 2345 spa-

1135 2341 1214 2388 ciose
1232 2343 1278 2376 αἶ’
1300 2344 1443 2390 speciose.
1495 2348 1562 2392 Spa
1582 2350 1647 2390 lose
1664 2343 1776 2379 etiam
1797 2343 1928 2393 Ultraj.
1948 2346 2014 2382 sCC.

1186 2392 1245 2429 60.
1259 2396 1351 2429 Hus'c
1364 2397 1457 2440 saffo
1473 2405 1534 2442 par
1547 2393 1686 2442 ejusdem
1704 2395 1772 2429 ‘viri
1786 2394 1995 2444 humanitas]
2021 2396 2106 2431 HOC

1135 2442 1287 2491 quidem
1305 2444 1392 2482 loco
1412 2445 1573 2483 duorum
1585 2445 1801 2493 Scipionum
1825 2446 1902 2483 atsta
1915 2456 2102 2494 perperam

1138 2494 1198 2530 uni
1221 2495 1436 2534 Aemiliano
1469 2495 1744 2540 adscribuntur,
1778 2508 1862 2533 nam
1894 2495 2104 2542 exemplum

1134 2544 1209 2581 hoc
1229 2546 1403 2594 posterius
1426 2548 1539 2585 Livio
1560 2548 1647 2584 teste
1668 2559 1746 2585 non
1764 2547 1808 2584 ad
1831 2547 2078 2584 Aemilianum
2093 2574 2104 2590 ,

1136 2595 1194 2632 sed
1215 2608 1327 2635 avum
1347 2600 1423 2648 ejus
1452 2599 1676 2647 superiorem
1700 2599 1911 2635 Africanum
1931 2624 1940 2638 ‚
1968 2596 2028 2644 qui
2057 2608 2103 2633 eo

1136 2646 1374 2687 humanitatis
1405 2650 1506 2687 edito
1528 2650 1701 2698 exemplo
1729 2645 1992 2687 isiaflhmffam,
2021 2654 2102 2685 tum

1135 2697 1255 2737 adhuc
1281 2700 1450 2745 hostem,
1487 2702 1667 2738 Romanis
1696 2699 1853 2747 primum
1882 2697 2104 2735 conciliavit.

1134 2749 1251 2797 Atqui
1270 2752 1369 2789 hunc
1391 2762 1467 2789 tam
1488 2751 1699 2798 pudendum
1723 2759 1906 2788 errorem,
1934 2760 2011 2785 non
2032 2749 2104 2786 im-

1131 2802 1283 2849 peritiae
1305 2803 1362 2841 vel
1380 2803 1623 2852 negligentiae
1641 2799 1796 2837 auctoris
1828 2798 2009 2843 adscribo,
2038 2800 2102 2848 qui

1131 2853 1322 2891 immerito
1351 2856 1454 2904 saepe
1483 2853 1627 2902 vapulat
1655 2850 1674 2887 a
1698 2848 1813 2886 dou-is
1838 2879 1847 2894 ‚
1882 2848 1939 2887 sed
1967 2862 2099 2888 eorum

1130 2906 1331 2943 temeritati
1362 2915 1472 2956 atque
1499 2902 1745 2952 ignorantiae,
1773 2902 1901 2950 quibus
1931 2902 2004 2938 hoc
2021 2909 2098 2939 tam

1133 2956 1362 2996 concinnum
1385 2968 1477 3007 opus
1500 2954 1680 3041 destrgere
1694 2979 1702 2994 ,
1724 2960 1834 3002 atque
1851 2954 1889 2990 in
1908 2953 2099 3001 epitomen

1637 3014 1693 3052 gg
1720 3015 1739 3040 2.
2012 3014 2103 3039 con-

2134 794 2215 821 Ann.
2237 792 2304 823 urb.

2085 1138 2092 1145 ,
2132 1111 2214 1139 Ann.
2236 1107 2304 1137 urb.

1974 1150 2115 1200 capti·
2135 1161 2204 1188 544-
2222 1150 2329 1179 Livius

2131 1201 2242 1223 xxvxx.
2262 1201 2308 1224 19.
