2516 3509
393 106 510 171 644.
663 82 1077 150 VALERIE
1148 77 1524 135 MAXIMI
1563 78 1688 133 Lrn.
1716 79 1851 138 VII.
1892 77 2038 137 ΟΜ».
2077 78 2182 133 ΙΙΙ.

463 202 506 233 ²-2
543 190 691 253 Qod
724 188 926 251 sequitur
958 177 1230 229 narrandum
1264 177 1344 223 est.
1414 181 1456 212 ²3
1496 175 1572 235 Q
1597 174 1762 224 Fabius
1795 178 1982 237 Labeo,
2013 177 2179 225 arbiter
2212 176 2239 224 a
2270 174 2392 223 sena..

186 305 253 334 569.
291 295 378 326 cuci-
397 290 449 323 tu
483 273 647 320 finium
683 264 1108 317 constituendorum
1144 261 1260 306 inter
1295 256 1508 304 Nolanos
1528 255 1594 302 .&
1628 257 1960 321 Neapolitanos
1994 258 2121 306 datus
2143 294 2158 320 ‚
2205 273 2311 305 cum
2346 255 2396 301 in

183 338 380 411 ‘oeiafif’m
401 373 496 404 rem
541 353 816 420 praesentem
862 346 1047 398 venisset
1071 380 1085 404 ‚
1129 340 1345 404 utrosque
1389 339 1624 403 separatim
1670 343 1848 388 monuit
1876 376 1891 401 ‚
1934 354 1979 388 ut
2013 345 2155 404 omzffli
2189 342 2394 403 cupidita-

402 446 466 493 te,
504 441 551 472 ²4
585 434 740 496 regredi
777 429 891 478 modo
924 421 1211 484 controvers0‚
1246 436 1369 482 quam
1399 421 1592 483 progredi
1625 422 1833 467 mallent..
1887 420 2030 483 quue
2064 438 2171 468 cum
2204 433 2396 483 utraque

400 530 500 578 pars
534 512 803 560 ametor-itate
833 509 919 556 viri
953 518 1081 552 mota
1114 500 1310 559 feciffet,
1344 506 1383 537 ²5
1410 499 1690 562 aliquantum
1727 500 1775 545 in
1816 499 1967 546 medio
2001 504 2130 548 vacui
2164 505 2259 568 agri
2292 504 2394 552 reli..

403 597 532 644 &um
567 595 642 642 est.
713 589 989 639 Constitutis
1023 584 1184 632 deinde
1219 581 1385 628 finibus
1419 593 1472 627 ut
1506 580 1591 644 ipsi
1623 581 1997 640 terminaverunt,
2041 584 2259 647 quicquid
2292 587 2394 633 reli-

407 676 486 738 qui
519 673 600 719 soli
632 672 720 718 fuit
743 705 758 730 ‚
813 667 988 733 populo
1022 667 1240 711 Romano
1288 659 1575 724 adjudicavit.
1645 659 1864 705 Ceterum
1913 660 1955 686 ²⁶
2000 660 2080 707 etfi
2115 665 2398 712 circumven-

409 759 446 804 ti
483 755 661 803 Nolani
697 769 748 798 ac
786 747 1087 813 Neapolitani
1122 744 1248 808 queri
1279 742 1394 788 nihil
1428 753 1704 805 potuerunt,
1745 747 1787 779 27
1810 739 2054 787 secundum
2088 743 2288 806 ipsorum
2321 746 2399 793 de..

408 834 780 882 monstrationem
813 829 932 877 dicTta
964 827 1202 874 sententia:
1232 822 1275 853 23
1304 812 1519 887 improbo
1554 836 1706 869 tamen
1740 821 2085 892 praestigiorum
2120 840 2283 888 genere
2315 842 2399 873 no-

409 932 519 963 vum
551 911 733 960 civitati
768 910 941 957 nostrae
974 906 1169 970 vestigal
1203 904 1394 952 acceffit.
1463 902 1675 950 Eundem
1718 899 1870 946 ferunt
1892 934 1906 958 ,
1961 918 2068 948 cum
2105 902 2129 948 a
2165 920 2269 969 rege
2304 906 2401 952 An-

410 995 605 1050 tiocho,
636 1006 771 1054 quem
805 989 926 1036 bello
961 987 1268 1051 superaverat,
1310 1001 1365 1030 ex
1400 982 1580 1030 foedere
1615 980 1706 1027 ieto
1745 980 1977 1027 dimidiam
2013 997 2187 1046 partem
2221 987 2404 1034 navium

267 209 292 253 '4

183 261 267 290 Anu.
288 237 355 286 urb.

190 905 276 934 Anu.
297 900 364 932 urb.

195 950 263 982 564.
283 944 390 974 Livius

192 995 293 1016 xxxvi
304 995 349 1017 11.

192 1028 297 1059 aliter.

412 1078 617 1138 accipere
651 1071 868 1128 deberet,
902 1068 1065 1114 medias
1101 1083 1255 1113 omnes
1290 1065 1493 1123 secuisse,
1528 1076 1580 1110 ut
1615 1078 1720 1108 eum
1755 1074 1853 1107 tote
1888 1063 2015 1109 claffe
2051 1066 2261 1128 privaret.

282 1183 322 1218 ς,
482 1165 527 1195 29
569 1156 671 1216 Jam
717 1153 791 1200 M.
827 1151 1034 1199 Antonio
1078 1148 1404 1196 remittendum
1439 1146 1703 1193 convicium
1737 1144 1838 1192 est:
1886 1147 1964 1209 qui
2009 1148 2156 1194 idcirco
2179 1149 2230 1210 se
2263 1150 2410 1214 ajebat

2312 1234 2405 1278 nul-

420 1363 529 1402 MSS.
556 1362 672 1401 Aldus
694 1390 704 1406 ,
743 1358 932 1399 Ascenfi‘us
961 1360 999 1398 &
1028 1361 1140 1398 ceteri
1169 1359 1388 1399 addiderunt
1436 1359 1536 1409 agri,
1575 1357 1659 1396 vide
1691 1357 1736 1395 ad
1765 1357 1811 1395 L.
1843 1369 1877 1394 v.
1904 1357 1938 1394 6.
1975 1357 2058 1394 Ext.
2089 1368 2122 1402 4.
2158 1358 2233 1395 Hic
2254 1365 2403 1405 tamen,

417 1429 557 1465 quoque.
593 1413 735 1462 prorsus
756 1420 900 1462 praeter
928 1423 1020 1449 rem.
1047 1413 1149 1449 Dicit
1176 1411 1303 1449 auctor
1324 1412 1387 1449 ad·
1439 1410 1561 1448 nescio
1583 1409 1781 1459 quomodo
1797 1407 1909 1453 ,dura
1922 1408 2013 1445 mihi
2035 1407 2179 1446 videtur
2191 1409 2282 1446 haec
2299 1409 2405 1449 locu-

421 1466 582 1503 modum
611 1464 821 1512 simpliciter
841 1491 850 1506 ,
894 1462 981 1512 quod
1001 1464 1157 1512 sequitur
1184 1461 1388 1499 narrandum
1439 1461 1516 1503 tio,
1544 1460 1674 1516 regredt⁴
1705 1458 1796 1495 modo
1824 1461 2051 1507 controverso,
2089 1457 2112 1495 fi
2144 1471 2222 1497 non
2251 1459 2405 1499 addatur

418 1520 486 1563 est,
513 1517 550 1553 id
571 1516 618 1552 est
639 1513 882 1562 praetermitti
902 1525 979 1550 non
1006 1513 1145 1562 potest,
1178 1513 1286 1550 debet
1305 1525 1388 1550 nar-
1441 1512 1543 1560 cujus
1569 1523 1621 1548 rel
1647 1509 1901 1558 intelligendus
1937 1508 1978 1547 fit
2016 1508 2141 1547 modus.
2191 1511 2337 1561 Regredi
2366 1514 2404 1552 &

418 1568 512 1610 rari,
538 1566 717 1615 quoniam
741 1565 787 1602 est
806 1565 950 1602 vafrum
982 1576 1095 1614 quam
1124 1565 1313 1606 maxime,
1346 1564 1387 1601 li—

422 1626 483 1654 cet
510 1619 621 1654 etiam
640 1615 870 1653 inhonestum
897 1615 1115 1663 &injustum
1133 1624 1265 1663 ‚atque
1289 1614 1385 1652 adeo

419 1680 501 1705 non
520 1668 741 1705 imitandum
758 1665 882 1716 ,quod
902 1665 949 1702 fic
966 1665 1165 1702 subindicat
1184 1666 1218 1702 se
1239 1664 1284 1701 de
1306 1667 1386 1702 Ro-

422 1731 538 1756 mano
573 1718 730 1754 homine
770 1714 934 1754 maluisse
970 1716 1206 1764 supprimere.
1257 1715 1385 1765 Itaque

421 1770 563 1808 secutus
588 1769 665 1805 sum
695 1767 953 1805 auetoritatem
983 1766 1091 1804 MSS.

476 1832 534 1869 23.
572 1820 612 1865 Ω.
650 1818 773 1855 Fabius
806 1817 928 1866 Labeo]
966 1817 1100 1854 Cicero
1131 1815 1212 1852 Lib.
1246 1829 1276 1853 Ι.
1305 1816 1385 1854 Off.

425 1869 635 1907 admodum
674 1868 814 1917 abjecte
855 1868 901 1905 de
938 1867 1012 1904 hoc
1051 1866 1240 1916 loquitur,
1286 1866 1386 1917 quasi

425 1933 544 1958 nemo
575 1921 742 1957 nosceret
769 1931 867 1957 eum.
920 1917 1038 1965 Quod
1066 1928 1158 1956 vero
1188 1916 1232 1953 ad
1261 1919 1387 1955 naveis

425 1971 606 2009 Antiochi
626 1972 776 2014 attinet,
799 1970 883 2007 Liv.
909 1968 990 2006 Lib.
1019 1980 1105 2006 vm.
1142 1967 1237 2003 Dec.
1265 1982 1297 2013 4.
1325 1980 1389 2006 an-

427 2035 479 2060 no
508 2023 560 2059 U.
589 2022 632 2058 C.
661 2021 742 2070 566.
769 2022 817 2058 ait
836 2021 935 2057 hunc
956 2019 1174 2057 Labeonem
1199 2017 1336 2066 juffum
1368 2031 1387 2056 a

429 2073 590 2110 Consule
619 2072 797 2109 Antiochi
824 2070 948 2108 naveis
966 2070 1100 2108 Pataris
1124 2067 1213 2107 urbe
1250 2070 1391 2118 Lyciae

428 2122 639 2161 incendere.
690 2122 786 2159 Puto
828 2130 952 2158 autem
984 2121 1083 2158 hunc
1110 2119 1236 2168 postea
1263 2120 1391 2158 consu·

429 2174 505 2212 lem
534 2173 672 2210 saetam
702 2185 801 2210 anno
833 2184 914 2221 571.
943 2171 1214 2209 GLAREAN.

481 2237 539 2270 24.
567 2222 704 2275 Regredi
730 2223 970 2269 controversia,
1002 2236 1103 2272 quam
1125 2220 1280 2271 progredi
1307 2222 1393 2256 mal-

430 2275 519 2324 lent]
560 2275 601 2311 ln
631 2274 880 2322 manuscriptis
911 2273 1076 2323 quinque
1105 2271 1393 2320 exemplaribus,

433 2324 583 2376 Regredi
613 2324 703 2360 modo
737 2328 939 2372 controverso
958 2352 970 2366 ,
1014 2324 1148 2360 Cicero
1180 2322 1393 2363 Flacciana,

433 2378 571 2424 Valuisti
593 2389 747 2425 magnum
774 2377 849 2426 agri
880 2374 1009 2410 modum
1034 2377 1164 2420 censere.
1220 2374 1272 2410 lta
1291 2373 1420 2423 saepes.

433 2427 547 2464 modus
565 2439 634 2475 pro
653 2427 730 2477 agri
756 2428 918 2473 mensura.
954 2425 1093 2462 PIGH.
1139 2423 1249 2460 Modo
1273 2435 1398 2459 contro-

435 2481 542 2526 verso.
574 2477 755 2514 Posterior
784 2487 859 2513 vox
888 2474 983 2512 abest
1020 2474 1040 2511 a
1072 2475 1164 2512 Msc.
1200 2474 1396 2511 COLER.

433 2528 574 2580 Regredi
603 2526 695 2564 modo
721 2527 947 2573 contro-verso,
975 2538 1073 2573 quam
1092 2523 1244 2574 progredi
1263 2526 1406 2560 vellent.

436 2581 493 2618 Ita
526 2578 699 2626 scriptum
738 2577 871 2626 reperit
897 2575 1043 2624 Pighius
1081 2575 1119 2611 in
1156 2575 1319 2623 quinque
1358 2575 1400 2611 li—

436 2631 518 2668 bris.
551 2629 664 2667 Aldus
682 2639 874 2677 perperam
893 2625 1020 2677 regredi
1043 2625 1269 2670 controversia.
1294 2624 1403 2662 Chal..

440 2680 667 2729 cocondyles
690 2678 801 2728 paulo
821 2678 974 2721 melius,
1000 2675 1128 2725 regredi
1157 2675 1248 2711 modo
1274 2686 1399 2712 contro-

440 2734 570 2780 verfia:
599 2730 701 2780 quod
719 2729 819 2766 idern
840 2730 932 2766 &in
953 2726 1061 2764 codd.
1089 2725 1268 2764 Brandeb.
1292 2738 1401 2774 appa-

440 2791 508 2820 ret.
551 2782 620 2819 Sed
638 2780 835 2829 legendum
857 2778 931 2816 fine
948 2778 1061 2816 dubio
1081 2777 1172 2813 modo
1189 2779 1402 2824 controverfh.

441 2833 502 2869 Est
523 2841 647 2870 :tutem
670 2830 782 2867 modus
804 2831 1027 2878 controversus
1045 2840 1124 2877 pars
1153 2828 1229 2875 agri
1259 2827 1305 2864 de
1330 2839 1403 2877 qua

437 2884 610 2931 litigatur.
662 2883 796 2919 Cicero
827 2882 865 2919 in
894 2883 962 2919 Or.
990 2891 1058 2928 pro
1084 2878 1135 2915 Fi.
1159 2879 1306 2925 Voluisti
1333 2891 1405 2913 ma-

435 2949 543 2985 gnum
566 2935 643 2984 agri
664 2932 792 2968 modum
818 2934 951 2980 censere.
997 2928 1126 2967 Modus
1144 2940 1212 2976 pro
1232 2941 1278 2966 eo
1299 2927 1404 2978 quod

441 2984 555 3034 vulgo
574 2984 817 3035 quantitatem
839 2983 976 3024 dicunt.
1000 2980 1195 3021 VORST.
1229 2980 1289 3020 De
1310 2978 1404 3019 mvdc'»

1434 1561 1588 1612 progredi
1615 1574 1680 1610 per
1705 1562 1739 1598 se
1767 1561 1840 1598 sola
1872 1559 1970 1597 reete
1997 1569 2259 1608 opponuntur,
2287 1562 2333 1599 ad
2361 1562 2406 1600 fi—

1437 1612 1687 1661 gnificandum
1716 1612 1955 1660 cupiditatem
1984 1611 2141 1659 augendi
2172 1613 2246 1660 agri
2272 1612 2404 1650 inhibi.

1436 1673 1513 1701 tam
1538 1662 1596 1700 vel
1615 1663 1730 1711 magis
1749 1663 1968 1700 excitatam:
1997 1661 2096 1699 unde
2124 1662 2173 1698 ita
2195 1665 2232 1700 ὃς
2254 1663 2332 1700 Cic.
2357 1664 2404 1701 de

1439 1714 1517 1751 Off.
1547 1714 1590 1750 L.
1624 1727 1654 1751 Ι.
1689 1727 1745 1751 10.
1774 1728 1843 1749 cum
1861 1714 2009 1762 utrisque
2031 1715 2214 1759 separatim
2242 1715 2406 1760 locutum,

1436 1776 1473 1800 ut
1502 1763 1626 1814 nequid
1651 1763 1763 1813 cupide
1787 1774 1946 1815 agerent,
1968 1762 2091 1811 nequid
2118 1774 2328 1811 appetenter:
2355 1777 2410 1801 at-

1438 1829 1500 1863 que
1525 1826 1563 1850 ut
1592 1815 1753 1865 regredi,
1794 1828 1893 1864 quam
1928 1811 2080 1862 progredi
2115 1816 2265 1850 mallent.
2293 1827 2406 1864 quem

1438 1865 1564 1902 locum
1585 1873 1669 1901 ante
1692 1865 1824 1902 oculos
1840 1863 1966 1901 habuit
1984 1863 2114 1900 noster.
2130 1864 2235 1901 MSS.
2248 1867 2402 1904 variant.

1439 1915 1542 1952 Harl.
1567 1915 1673 1952 Leid.
1700 1917 1806 1964 prim.
1836 1913 1980 1964 Regredi
2009 1912 2101 1949 modo
2131 1928 2231 1963 qnam
2251 1912 2406 1967 progredi

1440 1968 1594 2002 mallent.
1624 1967 1727 2003 Med.
1764 1966 1870 2014 prim.
1903 1963 2007 2002 Barb.
2052 1964 2120 2001 sec.
2156 1966 2283 2016 regredi
2315 1969 2408 2004 modo

1438 2017 1692 2063 controversiam
1712 2045 1722 2060 ,
1747 2030 1869 2066 Ἵππη
1903 2015 2032 2064 reliqui
2057 2015 2184 2065 regredi
2217 2016 2308 2052 modo
2334 2032 2409 2055 con-

1443 2068 1625 2113 troversia,
1653 2081 1753 2117 quam
1780 2065 1932 2117 progredi
1964 2066 2117 2107 mallent,
2147 2067 2184 2103 &
2205 2065 2253 2104 fic
2275 2067 2410 2107 habent

1444 2118 1659 2155 vetustiores
1689 2117 1789 2154 Aldo
1823 2117 2012 2154 editiones.
2039 2127 2085 2152 an
2115 2117 2243 2167 regredi
2269 2133 2290 2154 a
2317 2119 2410 2156 mod·

1445 2169 1641 2215 controwerfi
1660 2168 1766 2220 agri?
1793 2176 1832 2204 ut
1852 2179 1926 2204 vox
1947 2166 2127 2215 postrema
2147 2179 2210 2216 per
2231 2179 2410 2218 compen-

1447 2219 1551 2256 dium
1570 2220 1696 2267 scripta
1717 2219 1944 2266 corruptioni
1966 2218 2092 2254 locum
2115 2217 2267 2256 dederit.

1500 2283 1558 2320 ις.
1585 2273 1827 2320 &liquantum
1850 2270 1886 2305 in
1915 2267 2037 2317 medio]
2062 2268 2157 2317 Cop.
2190 2281 2273 2306 cum
2302 2271 2414 2310 tribus

1446 2322 1522 2359 aliis
1551 2323 1816 2371 aliquantulum.
1848 2319 1909 2357 sed
1937 2332 2014 2357 non
2035 2319 2179 2356 videtur
2205 2320 2332 2359 audior
2352 2323 2413 2360 hic

1447 2384 1528 2410 rem
1551 2381 1751 2409 extenuare
1771 2369 1935 2408 voluiffe.

1501 2424 1560 2460 26.
1586 2425 1629 2459 Et
1646 2423 1677 2469 fi
1704 2420 1935 2470 circumventi]
1967 2420 2024 2457 Sic
2043 2419 2156 2457 edidit
2176 2421 2344 2469 Pighius,
2372 2425 2411 2462 δί

1450 2473 1587 2510 habent
1612 2474 1687 2510 hoc
1718 2474 1795 2510 fere
1813 2484 1949 2509 *omnes
1968 2471 2078 2508 MSS.
2108 2483 2191 2508 cum
2213 2473 2280 2509 Ed.
2309 2475 2413 2512 Med.

1451 2524 1522 2562 Sed
1543 2526 1637 2561 Ven.
1652 2536 1736 2561 cum
1759 2523 1859 2561 Aldo
1880 2523 1962 2560 Asc.
1985 2520 2069 2558 Col.
2097 2524 2140 2557 Et
2150 2522 2199 2567 fic
2217 2525 2415 2563 circumven.

1450 2577 1490 2612 ti.
1519 2576 1660 2624 Gryph.
1689 2576 1726 2612 ὃς
1746 2577 1794 2612 R.
1819 2574 1942 2623 Steph.
1967 2572 2039 2618 Etsi
2052 2571 2110 2618 fic.

1501 2638 1561 2671 27.
1599 2625 1776 2662 Secundum
1810 2627 1952 2674 ipsorum
1986 2621 2291 2670 demonstrationem
2325 2625 2415 2662 difla

1444 2676 1632 2726 sententia]
1662 2677 1758 2725 Cop.
1783 2675 1890 2713 Leid.
1913 2675 2019 2723 prim.
2045 2673 2128 2709 data
2142 2678 2319 2721 sententia.
2354 2677 2414 2714 Est

1454 2728 1608 2764 verbum
1635 2727 1715 2763 dare
1750 2728 1829 2764 satis
1859 2728 2030 2775 frequens
2057 2726 2095 2761 in
2121 2725 2276 2774 judiciis.
2313 2726 2412 2764 Suet.

1453 2777 1491 2813 in
1510 2778 1639 2815 Claud.
1661 2789 1692 2814 c.
1720 2791 1774 2826 ῖς.
1801 2776 2018 2824 esshfhntibus
2043 2774 2213 2823 secundum
2230 2779 2415 2823 praesentes

1446 2830 1611 2872 facillime
1636 2828 1762 2873 dabat,
1791 2829 1923 2865 Noster
1949 2828 1995 2864 L.
2020 2839 2064 2863 11.
2093 2826 2126 2863 8.
2149 2839 2181 2862 2.
2210 2829 2326 2875 ltaque
2347 2830 2413 2863 Lu-

1453 2880 1542 2922 tati,
1568 2881 1725 2926 quamvis
1747 2878 1852 2915 adbuc
1872 2879 2038 2921 tacueris,
2061 2875 2236 2925 ‚secundum
2261 2888 2292 2911 te
2321 2879 2415 2914 litem

1452 2926 1507 2971 do,
1537 2929 1621 2966 Liv.
1651 2931 1696 2966 L.
1722 2943 1773 2968 1v.
1798 2942 1836 2975 9.
1885 2930 2120 2980 Magistratus
2155 2925 2324 2971 fecundum
2354 2939 2416 2978 pa-

1451 2980 1556 3020 remis
1581 2979 1759 3020 arbitrium
1785 2979 1870 3019 dant
1896 2985 1951 3030 jus
1979 2980 2191 3030 nuptiarum..
2291 3027 2311 3066 8
2351 3029 2371 3066 I

2262 3039 2285 3066 2
2317 3056 2324 3066 .
2369 3044 2428 3068 m...
