2516 3509
321 130 491 210 DE
563 145 1148 227 JUDICIIS
1220 127 1857 205 PU'BLlcis.
2001 151 2111 221 697

107 259 319 325 sanguine
361 257 443 304 fibi
478 253 778 320 conjunfilum
823 251 971 298 filium
992 285 1007 311 ,
1057 250 1165 297 flens
1200 250 1519 296 commendare
1553 252 1742 314 coepit:
1805 268 1951 316 eoque
1985 251 2104 300 fauo

108 342 317 405 mitigata
349 339 600 397 concione,
635 336 714 401 qui
749 334 957 381 omnium
992 330 1206 379 consensu
1239 331 1465 394 periturus
1500 345 1620 390 erat,
1664 349 1778 394 pene
1812 334 1987 380 nullum
2023 335 2104 380 tri-

110 421 173 467 ste
205 418 469 482 suffragium
513 415 686 463 habuit.
758 411 1076 462 Misericordia
1119 426 1230 474 ergo
1265 409 1386 455 illam
1422 410 1727 472 quaestionem
1757 446 1772 470 ‚
1830 420 1864 440 ¹¹
1907 430 2000 460 non
2033 430 2104 461 ae-

111 498 256 562 quitas
287 496 432 543 rexit:
481 494 697 558 quoniam
732 509 847 556 quae
881 493 1167 540 innocentiae
1200 490 1342 538 tribui
1377 491 1610 553 nequierat
1644 489 1867 537 absolutio
1895 525 1909 550 ,
1958 500 1996 520 ¹²
2035 511 2104 541 re·

110 579 282 644 specstui
316 592 562 643 puerorum
598 574 700 621 data
734 573 810 620 est.

182 668 221 698 ¹3
271 661 635 708 Consentaneum
682 656 807 720 quod
853 655 1065 719 sequitur.
1148 661 1190 692 ¹4
1234 653 1292 700 A.
1328 653 1552 701 Gabinius
1587 653 1634 700 in
1667 655 1868 701 maximo
1901 653 2108 700 infamiae
2120 653 2295 724 maffia».

113 737 213 785 suae
243 737 401 784 ardore
435 735 655 800 suffragiis
689 733 881 797 populi,
928 733 985 780 C.
1020 733 1252 780 Memmio
1287 731 1571 792 accusatore,
1607 733 1859 798 subjeetus,
1892 734 2107 798 abruptae
2119 740 2210 806 {⁵}ss
2214 734 2318 805 ‘fiel-r·

113 814 199 861 csse
229 814 320 879 spei
352 817 623 864 videbatur:
676 813 892 877 quoniam
927 811 976 858 &
1010 811 1234 859 accusatio
1268 824 1413 876 partes
1445 811 1536 858 suas
1571 813 1703 876 plene
1738 813 1979 859 exhibebat
2001 847 2016 870 ‚
2059 813 2227 890 &²1¹3in
2243 814 2319 846 sm..

120 902 157 933 ¹5
195 895 460 942 defensionis
495 892 707 958 praesidia
738 893 931 940 invalida
966 891 1056 938 fide
1090 892 1387 949 nitebantur3
1430 889 1472 918 ¹⁶
1508 891 1557 937 ὃς
1592 893 1670 954 qui
1701 892 1996 956 judicabant,
2043 894 2106 939 ira

115 976 388 1039 praecipiti,
424 990 619 1040 poenam
653 972 852 1020 hominis
887 972 1053 1037 cupide
1087 972 1373 1037 expetebant.

164 1196 206 1233 ⁴9.
232 1187 346 1234 Quam
367 1182 403 1219 in
421 1182 616 1234 Originibus
635 1183 783 1233 retulit]
807 1183 942 1222 Melius
961 1185 997 1220 in
1016 1184 1094 1221 Ori-

111 1237 238 1286 gines,
267 1234 592 1285 quemadmodum
626 1234 882 1279 Cauchianus,
919 1235 1095 1272 Gembla-

121 1285 234 1323 censis
264 1298 305 1322 ac
326 1285 572 1323 Atrebatensis
600 1285 748 1323 habent.
797 1287 845 1323 Et
867 1287 1003 1323 Cicero
1028 1298 1094 1324 eo-

126 1336 212 1373 dem
245 1337 363 1374 modo
392 1336 481 1374 dixit
511 1337 549 1373 in
583 1335 722 1380 Bruto,
747 1337 850 1374 velut
876 1337 1027 1380 Livius,
1055 1338 1092 1374 in

121 1388 308 1430 Annales;
338 1399 415 1424 non
443 1387 542 1424 secus
573 1398 615 1423 ac
639 1389 759 1432 referre
786 1390 821 1423 in
849 1387 983 1423 tabulas
1004 1388 1094 1425 dici-

105 1449 215 1475 -mus
244 1439 383 1476 PIGH.
411 1438 613 1476 Tredecim
636 1438 743 1475 MSS..
767 1441 802 1474 in
821 1441 968 1488 Origine,
983 1438 1093 1476 Leid.

122 1489 209 1526 sext.
236 1491 272 1525 in
292 1491 456 1540 Originis.
485 1488 588 1538 quod
608 1500 699 1526 vero
721 1497 805 1526 ante
816 1489 986 1537 Pighium
1008 1489 1097 1526 ede-

126 1538 231 1577 batur
261 1542 296 1575 in
318 1539 536 1590 ortginthus,
555 1538 592 1575 id
618 1539 656 1576 in
686 1539 789 1576 nullo
816 1541 928 1577 video
962 1541 1098 1577 exstare

126 1590 235 1628 MSS.
263 1602 375 1640 quare
403 1590 501 1627 reue
524 1589 672 1638 Pighius
704 1589 890 1636 exhibuit,
926 1593 962 1626 in
985 1593 1100 1641 Origi-

126 1655 194 1678 ne!-

182 1705 238 1729 10.
270 1693 311 1726 Et
333 1693 431 1727 Galli
452 1692 620 1743 sanguine
638 1693 847 1738 conjunHum
859 1691 992 1741 filium]
1022 1693 1100 1729 Ve-

134 1750 228 1780 teres
254 1741 333 1778 libri
349 1772 356 1783 ,
388 1746 426 1778 Et
452 1746 549 1779 Galli
569 1746 737 1795 sanguine
756 1744 824 1791 fibi
843 1745 1048 1785 conjune‘ium
1059 1744 1103 1790 fi-

130 1795 226 1830 lium.
280 1792 425 1830 Tullius
454 1793 499 1831 de
521 1795 684 1832 Oratore
705 1796 852 1843 primo,
880 1794 923 1831 C.
954 1794 1102 1842 Sulpicii

129 1844 225 1881 Galli
256 1843 458 1893 propinqui
486 1845 537 1882 sui
563 1845 678 1882 filium
703 1845 880 1894 pupillum
910 1846 946 1882 in
967 1846 1101 1882 hume-

129 1906 190 1932 ros
223 1892 385 1932 extulisse
415 1895 543 1933 scribit.
571 1897 712 1933 PIGH.
743 1898 853 1933 Galli.
901 1896 997 1933 Galli
1025 1895 1100 1933 Sul-

128 1946 220 1994 pitii.
249 1945 294 1982 de
323 1958 399 1995 quo
420 1956 562 1994 praeter
587 1947 813 1985 Ciceronem
835 1947 1100 1995 Quintilianus.

127 1996 324 2037 COLER.
360 1997 455 2041 sihi,
491 1998 595 2047 quod
623 1999 845 2036 omittebant
875 1998 1101 2048 antiquiores

122 2046 278 2095 Pighi0‚
310 2047 446 2084 habent
481 2050 557 2085 fere
593 2061 726 2086 omnes
750 2048 882 2097 scripti.

182 2111 236 2135 11.
266 2101 345 2133 Non
372 2100 527 2146 aequitas
553 2099 663 2148 rexit]
699 2100 756 2136 Sic
785 2108 942 2147 uterque
965 2099 1099 2146 UltraJ’.

128 2148 237 2186 Leid.
267 2156 350 2185 tres.
403 2149 551 2198 Reliqui
579 2161 690 2194 texts,
728 2158 769 2187 ut
796 2150 986 2198 legebatur
1015 2158 1100 2186 ante

128 2199 313 2248 Pighium.
366 2200 530 2237 Notabat
545 2200 759 2238 Perizonius
787 2202 898 2237 etiam
921 2200 1099 2237 Grotium

129 2250 178 2288 de
210 2254 290 2291 lure
318 2249 392 2286 Bel.
416 2251 453 2287 ὃς
476 2250 560 2287 Pac.
588 2251 634 2287 L.
661 2264 721 2287 m.
753 2264 810 2299 19.
842 2263 896 2299 13.
930 2252 1020 2287 rexit
1048 2250 1100 2288 le-

128 2299 238 2349 gisse,
266 2312 351 2337 cum
374 2301 469 2337 male
490 2301 671 2350 legeretur
692 2304 792 2339 texit.
821 2303 858 2339 &
878 2300 926 2337 fic
947 2302 992 2338 L.
1012 2314 1102 2338 vm.

129 2365 163 2400 ς.
191 2364 224 2400 3.
253 2351 335 2388 dici.
362 2357 524 2401 Namque
548 2367 658 2387 eorum
685 2350 852 2402 suffragia
881 2351 1100 2400 robusttffimis

128 2401 380 2450 &felictffi'mis
408 2404 615 2452 eloquentiae
641 2402 817 2453 stipendiis
842 2402 987 2453 regebat.

183 2466 238 2490 12.
278 2454 447 2502 Respeflui
474 2453 667 2504 puerorum]
706 2454 820 2491 Addit
851 2454 936 2491 edit.
963 2455 1100 2493 Venet.

124 2505 256 2554 piorum
282 2515 480 2553 puerorum,
519 2517 581 2541 me
614 2505 713 2541 haud
742 2505 952 2542 abnutante.
1000 2505 1101 2543 CO·

131 2555 248 2591 LER.
275 2554 452 2592 Renuunt
472 2555 579 2595 MSS.
608 2555 740 2599 nostri;
770 2557 808 2593 ὃς
835 2556 982 2594 merito.
996 2556 1097 2596 Med.

128 2606 197 2642 sec.
233 2607 385 2652 respeHu.

183 2668 239 2704 13.
275 2658 536 2703 Consentaneum
575 2661 619 2705 est
656 2656 744 2705 quod
768 2656 943 2707 sequitur]
991 2658 1100 2697 MSS.

131 2707 313 2744 omittunt
342 2710 385 2753 est
408 2736 417 2750 ,
462 2709 566 2757 quod
604 2708 768 2746 additum
801 2709 871 2745 fuit
897 2720 917 2745 a
946 2709 1099 2758 Pighio,

130 2765 260 2795 contra
293 2766 427 2794 ceteras
455 2759 551 2796 Edd.

186 2820 244 2854 14.
279 2811 347 2846 A.
385 2809 552 2845 Gabinius
576 2812 724 2846 maximo
749 2811 909 2855 infamiae
928 2812 1012 2858 suae
1041 2825 1098 2848 ar-

129 2857 223 2908 dore]
269 2859 470 2896 Proconsul
497 2860 621 2908 Syriae
651 2862 677 2898 is
709 2863 838 2898 fuerat.
898 2861 1098 2900 Accusatus

131 2918 257 2948 autem
280 2909 327 2946 est
349 2910 471 2957 ptimo
494 2911 710 2959 majestatis,
731 2911 835 2960 quod
857 2911 901 2949 ad
920 2913 1098 2951 reducen-

134 2960 224 2998 dum
262 2961 298 2997 in
338 2962 555 3010 Aegyptum
584 2962 844 3000 Ptolemaeum
883 2965 1098 3011 provinciae

129 3012 214 3049 suae
240 3011 372 3050 finibus
401 3009 617 3050 excessisset:
647 3013 781 3050 deinde
800 3015 1099 3062 repetundarum.

131 3061 180 3101 Et
206 3063 329 3112 priore
359 3063 512 3114 quidem
536 3062 703 3113 judicio,
728 3064 831 3115 quod
850 3064 870 3103 a
890 3066 1015 3104 nostro
1036 3067 1099 3105 de-

1443 971 1597 1033 Igitur
1634 977 1674 1011 ¹7
1709 971 1842 1019 listor
1877 972 1924 1018 Sc
1960 987 2109 1018 carcer

1963 1047 2004 1078 18
2039 1069 2113 1099 an„

1145 1181 1274 1232 signari
1303 1181 1479 1226 videtur,
1527 1182 1705 1230 corruptis
1726 1180 1909 1230 judicibus
1936 1180 2115 1220 absolutus

1145 1236 1221 1271 est:
1278 1234 1480 1282 posteriore
1520 1245 1611 1270 vero
1649 1233 1841 1269 damnatus
1877 1233 1915 1269 in
1960 1233 2111 1270 exilium

1146 1285 1255 1328 abiit3
1284 1284 1384 1322 unde
1405 1283 1425 1321 a
1445 1283 1598 1321 Caesare
1616 1282 1794 1320 dictatore
1817 1292 2012 1321 revocatus
2034 1285 2115 1323 fuit..

1148 1335 1344 1374 VORST.

1200 1399 1256 1434 15.
1291 1385 1506 1432 Defenfionis
1539 1383 1703 1434 praesidia
1743 1383 1899 1420 invalida
1934 1384 2004 1431 fide
2028 1385 2114 1420 nite«-

1144 1436 1283 1486 bantur]
1315 1437 1420 1474 Leid.
1447 1437 1535 1474 sext.
1561 1434 1736 1471 iuvandae
1758 1435 1835 1485 fidei
1855 1435 2065 1473 videbantur.

1200 1488 1255 1525 16.
1285 1492 1329 1525 Et
1382 1490 1417 1523 ui
1437 1486 1656 1534 judicabant,
1683 1488 1735 1521 ira
1761 1487 1876 1535 pertiti
1900 1498 2035 1533 poenam
2060 1487 2117 1520 lm-

1150 1539 1250 1574 minis
1274 1502 1386 1588 cupidqe
1412 1537 1648 1586 expeflabant]
1689 1537 1732 1573 In
1760 1536 2028 1584 manuscriptis;
2064 1539 2117 1572 irae

1146 1592 1322 1639 praecipiti
1345 1601 1482 1638 poenam
1512 1589 1653 1624 hominis
1681 1585 1794 1635 cupide
1818 1588 2026 1635 expetebant.
2069 1588 2118 1623 E-

1150 1639 1324 1688 leganter.
1346 1640 1486 1677 PIGH.
1528 1643 1585 1675 Ira
1607 1640 1735 1688 perciti.
1774 1639 1828 1675 Ita
1863 1638 2024 1675 ediderat
2051 1638 2119 1674 Ai-

1153 1689 1239 1732 dus;
1280 1693 1318 1728 ὃς
1344 1690 1441 1727 reete
1475 1702 1562 1727 meo
1586 1689 1741 1739 judicio.
1792 1689 1938 1737 Pighius
1966 1701 2010 1725 ex
2037 1690 2117 1738 qui-

1153 1740 1301 1778 busdam
1320 1741 1427 1778 MSS.
1450 1741 1580 1778 maluit
1598 1743 1649 1776 ira
1669 1740 1866 1788 praecipiti:
1894 1740 1995 1789 quod
2014 1741 2051 1777 in
2075 1752 2117 1776 u-

1152 1803 1205 1828 no
1231 1804 1384 1842 quoque
1414 1792 1497 1829 cod.
1520 1791 1699 1828 Brandeb.
1726 1791 1882 1839 reperio.
1935 1790 2005 1828 Sed
2030 1790 2118 1827 alter

1153 1842 1311 1880 editioni
1348 1842 1505 1880 Aldinae
1553 1842 1835 1879 convenientius
1882 1845 1933 1877 ira
1973 1843 2090 1891 pertiti
2110 1855 2123 1877 .-

1152 1894 1256 1942 quod
1284 1894 1383 1931 idem
1416 1902 1521 1931 vetus
1556 1905 1709 1942 quoque
1740 1893 1854 1930 editio
1885 1894 1996 1929 Mart.
2022 1894 2120 1929 Her-

1151 1944 1223 1992 bip.
1250 1945 1576 1982 habet.VORST.
1602 1944 1706 1981 Paris.
1726 1952 1809 1980 tert.
1829 1945 1990 1992 &quart
2012 1943 2118 1980 Barb.

1151 1996 1260 2043 prim.
1297 1995 1403 2032 Leid.
1439 1997 1545 2044 prim.
1585 1997 1623 2033 ὅ(
1644 1995 1710 2032 sec.
1747 1997 1799 2030 ira
1824 1997 1952 2043 pei-cni.
1987 1994 2120 2043 Copes.

1151 2046 1283 2094 Ultraj.
1309 2047 1379 2084 sec.
1402 2046 1504 2083 Harl.
1531 2048 1584 2082 ira
1610 2047 1748 2095 partiti,
1785 2045 1912 2094 reliqui
1942 2047 1993 2081 ira
2024 2057 2121 2094 prae-

1149 2099 1268 2143 cipiti,
1296 2107 1337 2135 ut
1355 2097 1456 2134 dedit
1477 2098 1586 2134 etiam
1608 2098 1741 2134 Ascen.
1769 2095 1976 2133 &Medios
2004 2097 2117 2146 Equi-

1152 2147 1239 2185 dem
1259 2149 1320 2185 lTiC
1335 2151 1508 2199 praecipiti
1528 2148 1777 2196 praetulerim.
1801 2159 1951 2196 praeceps
1973 2149 2024 2183 ira
2047 2148 2117 2190 est,

1152 2210 1247 2247 quae
1270 2211 1333 2237 eos
1354 2198 1471 2237 cauffa
1492 2200 1660 2236 nondum
1687 2198 1794 2246 plane
1821 2198 1968 2246 cognita
1990 2199 2121 2247 impel-

1151 2249 1248 2287 lebat
1264 2250 1309 2286 ad
1328 2249 1544 2299 expetendam
1562 2249 1675 2300 cupide
1694 2251 1834 2284 bominis
1854 2261 2000 2297 poenam.
2014 2253 2121 2293 Expe-

1153 2300 1266 2336 rebam
1294 2302 1429 2338 habent
1459 2301 1597 2349 scripti,
1634 2312 1711 2337 non
1741 2300 1983 2350 expeffabant,
2018 2299 2121 2350 quod

1151 2350 1246 2388 bene
1264 2352 1374 2400 igitur
1395 2352 1539 2398 Pighius
1559 2352 1727 2389 mutavit.

1204 2415 1261 2447 17..
1298 2405 1409 2439 Lielor
1436 2402 1561 2453 igitur]
1608 2403 1782 2439 Praefero
1819 2415 1865 2439 ex
1903 2403 1982 2440 Lib.
2020 2403 2116 2438 Dan.

1151 2454 1262 2502 Igitur
1300 2457 1415 2490 viator
1444 2463 1616 2490 &carcer
1657 2466 1733 2489 ‹mte
1773 2456 1890 2490 oculos.
1929 2453 2117 2490 COLER.

1152 2506 1277 2541 Viator
1315 2506 1427 2542 etiam
1470 2504 1516 2541 est
1552 2505 1589 2541 in
1628 2505 1733 2541 Paris.
1771 2513 1851 2541 tert.
1896 2512 2009 2552 quart.
2048 2502 2114 2539 Bit.

1150 2556 1257 2603 prim.
1289 2557 1327 2593 δί
1357 2555 1465 2593 Leid.
1494 2556 1610 2605 quint.
1661 2558 1776 2591 Vic‘lor
1808 2565 1958 2603 uterque
1987 2553 2117 2600 Ultraj.

1151 2607 1199 2644 Et
1232 2607 1345 2644 credo
1373 2610 1536 2644 viatorem
1566 2608 1774 2655 profectum
1805 2604 1873 2641 esse
1900 2616 1917 2640 a
1947 2603 2121 2646 Valerio,

1150 2665 1257 2695 tanto
1292 2658 1444 2707 quidem
1493 2660 1608 2706 magis
1632 2687 1641 2700 ‚
1686 2658 1768 2705 quia
1806 2654 2113 2708 accusatorchus

1152 2710 1359 2747 Memmius
1396 2717 1472 2746 erat
1499 2710 1661 2746 tribunus
1696 2706 1814 2754 plebis.
1866 2703 1979 2751 Quod
2007 2704 2113 2740 inrel-

1150 2760 1264 2808 ligere
1293 2761 1398 2797 liceat
1423 2773 1467 2797 ex
1506 2761 1584 2797 Cic.
1620 2761 1664 2795 L.
1688 2770 1746 2793 111.
1783 2755 1826 2791 ad
1854 2756 2016 2802 Quintum
2039 2758 2114 2801 fra-

1152 2822 1245 2848 trem.
1279 2825 1306 2849 ι.
1336 2811 1606 2848 GABINIUM
1633 2820 1697 2844 tres
1722 2806 1825 2842 adhuc
1853 2804 2029 2842 faeliones
2057 2819 2117 2854 po-

1141 2865 1297 2909 stulant,
1326 2865 1363 2898 L.
1392 2864 1550 2898 Lentulus
1574 2860 1736 2896 Flaminis
1753 2857 1874 2902 filius,
1901 2858 1959 2900 qui
1985 2861 2052 2898 jam
2078 2857 2118 2892 de

1153 2917 1338 2960 Mayestate
1365 2915 1570 2962 postula-nit:
1619 2912 1670 2945 Ti.
1708 2910 1797 2942 Nero
1827 2921 1894 2941 cum
1922 2907 2013 2941 bonis
2042 2908 2116 2951 sub-

1141 2964 1380 3013 scriptoribus:
1409 2967 1445 3001 C.
1468 2962 1649 2999 Memmius
1676 2958 1751 2993 trib.
1778 2957 1878 3004 plelns
1910 2972 1976 2992 sum
1999 2962 2036 2992 L.
2050 2960 2115 2992 Ca-

1146 3017 1272 3064 pitone.
1318 3016 1400 3062 Jam
1430 3027 1521 3052 vero
1549 3010 1721 3049 Tribunis
1753 3007 1862 3056 plebis
1894 3008 2113 3063 apparebant

1149 3067 1312 3104 viatores.
1340 3065 1474 3104 Noster
1496 3065 1540 3102 L.
1556 3075 1609 3101 IX·
1623 3072 1703 3150 5}
1720 3060 1778 3096 DC
1799 3060 1918 3096 Dl'UsO
1941 3058 2113 3145 Tl'lbj,l³]·

1717 3118 1756 3148 tt
1792 3118 1806 3147 t
2052 3123 2118 3146 ar.
