2387 3421
349 60 1065 136 DEmeATIONEs
1118 79 1240 137 ET
1292 83 2027 150 PRAEFATioNEs.

75 211 240 248 tuorum
280 197 443 245 bonitas
476 199 532 252 δέ
562 197 786 262 granditas
830 200 1020 245 eluceret.
1087 202 1198 246 Sane
1229 200 1430 260 copiosam
1463 213 1509 249 tu
1544 205 1599 258 ὅ
1633 207 1796 255 uberem
1830 211 1991 271 meffem
2022 227 2072 258 ex
2106 209 2178 258 hoc
2212 227 2312 275 agro

74 263 257 326 collegzsti
278 297 295 324 ,
342 279 414 311 nos
453 266 654 326 pauculas
689 263 831 326 spicas
865 274 1117 326 contemptas
1151 266 1232 311 tibi
1256 269 1396 325 potius
1431 284 1557 329 quam
1588 287 1665 319 non
1698 275 1827 334 visas.
1892 276 2148 338 Triumphus
2182 280 2311 340 igitur

70 332 136 377 hic
169 331 298 376 omnis
332 339 430 377 tuus
464 331 547 391 est:
584 328 689 376 mihi
723 331 882 377 abunde
900 329 1042 393 satis,
1076 333 1120 392 st
1154 333 1334 377 armillis
1369 344 1446 379 aut
1480 334 1601 396 hasta
1634 340 1809 387 donatus
1828 342 1991 404 stequar
2023 344 2132 390 hunc
2166 344 2308 391 candi-

69 396 147 442 dae
181 397 342 442 Famae
371 406 470 443 tuae
501 410 684 443 currum.
754 398 875 443 Vale.
945 398 1085 442 Nonis
1120 398 1453 458 Septembribus,
1492 400 1595 446 clo.
1636 402 1707 448 Io,
1744 421 1932 455 Lxxxv.
2285 437 2289 441 -

329 649 1360 718 ILLUSTRISSIMO
1460 658 2060 724 PRINCIPI

71 791 655 877 CAROLo
760 744 1446 879 PHILIPPO
1550 798 1734 882 DE
1847 800 2304 898 CRoY.

766 955 1007 1013 Domino
1042 960 1109 1014 de
1147 958 1431 1025 Haurech,
1481 965 1583 1018 &c.

608 1103 878 1161 Natalium
897 1106 1154 1180 splendore
1191 1106 1446 1180 clariffimo
1485 1109 1764 1184 adolescenti

416 1232 1129 1318 STEPHANUS'
1176 1262 1596 1317 PIGHIU
1638 1263 1671 1318 s
1744 1265 1794 1318 s,
1873 1268 1939 1320 D.

382 1495 518 1525 mano
542 1482 697 1542 generi
723 1497 788 1526 res
810 1480 873 1526 est
895 1482 1179 1544 ignorantia,
1215 1501 1309 1531 non
1341 1482 1485 1531 solum
1525 1485 1720 1548 publicis
1744 1488 1948 1534 moribus
1973 1490 2137 1549 noxia,
2167 1510 2299 1541 com-

54 1413 618 1492 γΓίῖῇἷζῗῆὲΙὶΑνΙὸ
656 1415 848 1461 omnino
883 1428 1019 1479 atquc
1054 1417 1330 1481 perniciosa,
1366 1418 1535 1465 Carole
1569 1419 1779 1485 princeps
1813 1422 2173 1486 generofiffime,
2212 1429 2308 1486 hii-„-

68 1576 71 1577 ⁷
120 1540 175 1607 -J
202 1598 213 1610 .
252 1530 277 1561 ’ζ’
385 1546 606 1607 munique
642 1546 884 1592 hominum
922 1548 1041 1594 vitae
1075 1549 1279 1596 tenebras
1317 1548 1586 1610 offunderis,
1624 1550 1672 1597 δε
1698 1550 1837 1598 averi
1862 1555 2135 1618 cognitione
2169 1576 2299 1606 men-

63 1639 85 1674 7
189 1654 206 1666 l
267 1618 277 1626 “
354 1604 447 1655 ‘tes
471 1609 708 1658 seducens:
747 1610 815 1657 sed
845 1612 1040 1675 privatas
1067 1616 1205 1661 etiarn
1239 1614 1525 1678 fingulorum
1563 1617 1759 1663 rationes
1797 1618 1859 1664 ita
1894 1619 2083 1666 miscens
2119 1640 2168 1670 ac
2195 1641 2298 1688 per-

60 1672 594 1738 gaturbans,
630 1691 682 1723 ut
716 1676 835 1723 haud
871 1676 998 1723 aliter
1035 1696 1086 1725 ac
1129 1682 1250 1726 caeci
1289 1680 1380 1726 fine
1411 1680 1603 1728 duetore
1639 1683 1684 1728 in
1720 1681 1892 1730 sumnia
1929 1686 2125 1750 caligine
2159 1689 2296 1737 desti-

372 1742 491 1801 tuti,
526 1758 645 1788 nunc
682 1741 773 1788 huc
810 1758 933 1789 nunc
970 1744 1080 1791 illuc
1117 1759 1288 1792 temere
1323 1747 1662 1811 impingamus,
1699 1749 1993 1812 periculaque
2019 1765 2123 1798 ante
2156 1755 2289 1816 pedes

59 1811 204 1876 posita
236 1810 363 1858 velut
399 1807 650 1870 longinque
682 1807 826 1854 diffita
860 1808 1002 1855 securi
1038 1812 1228 1857 minime
1263 1827 1525 1868 caveamus3
1564 1829 1678 1875 quae
1714 1816 1877 1876 procul
1914 1814 1939 1862 a
1962 1818 2118 1877 nobiS,
2145 1819 2192 1866 &
2217 1821 2298 1867 ab·

58 1878 158 1924 sunt
193 1893 330 1941 quam
366 1872 654 1936 longiffime,
686 1887 898 1936 tanquam
938 1877 1076 1939 capiti
1111 1877 1399 1923 imminentia
1435 1879 1603 1941 trepidi
1641 1879 2002 1942 expavescamus.
2051 1885 2127 1930 An
2164 1887 2296 1949 quic-

60 1959 194 2006 quam
230 1943 373 2007 igitur
405 1937 707 1985 calamitosius
745 1939 932 1986 homine
968 1942 1332 2005 imperfefikiusxoe
1378 1944 1425 1990 in
1461 1944 1571 1990 orbe
1619 1957 1838 1992 terrarum
1885 1946 2166 2009 nasceretur,
2208 1951 2294 1998 nifi

58 2008 166 2054 huic
200 2007 353 2055 divina
384 2004 638 2068 benignitas
676 2005 860 2051 rationis
898 2007 1043 2053 facem
1080 2008 1424 2070 praetenderet,
1462 2010 1622 2055 oculos
1657 2025 1877 2073 aperiret,
1912 2013 2123 2077 viamque
2158 2033 2292 2064 mon-

61 2071 214 2117 straret
238 2106 253 2130 ,
297 2087 385 2134 qua
419 2083 525 2117 tuto
561 2086 612 2116 ac
646 2071 894 2117 commode
929 2089 1010 2135 per
1046 2073 1277 2120 obstacula
1312 2090 1516 2137 quaeque
1551 2074 1605 2120 ad
1642 2074 1866 2122 summum
1904 2077 2081 2125 bonum
2116 2097 2290 2129 veram·

60 2152 148 2198 que
182 2136 447 2182 felicitatem
485 2148 720 2198 penetrare
755 2136 919 2199 poffit?
956 2139 1121 2202 Ingens
1148 2138 1358 2203 p1⁴ofe6to
1382 2154 1518 2202 atque
1544 2140 1868 2188 inaestimabile
1896 2143 2100 2204 donum,
2136 2149 2289 2194 omni-

58 2200 142 2246 bus
176 2201 358 2263 quidem
394 2201 676 2263 optandum,
715 2200 786 2246 sed
822 2219 1038 2266 perquam
1076 2207 1260 2268 paucis,
1298 2204 1343 2251 δί
1366 2205 1448 2251 nisi
1484 2222 1597 2268 quos
1632 2222 1796 2269 aequus
1831 2212 2048 2256 amaverit
2076 2211 2287 2275 Jupiter,

58 2266 248 2310 obvium
285 2278 420 2326 atque
455 2280 756 2326 promptum,
795 2267 862 2312 his
901 2268 1073 2314 scilicet
1108 2285 1325 2331 perquam
1363 2272 1466 2316 raris
1490 2304 1504 2328 ,
1540 2270 1704 2332 quibus
1740 2288 1891 2320 rerum
1928 2274 2163 2322 felicitates
2198 2280 2290 2325 vir-

59 2332 166 2393 gula
199 2329 391 2392 quadam
424 2327 576 2374 divina
609 2328 966 2389 suppeditantur.
994 2332 1126 2378 Adeo
1161 2333 1275 2378 nihil
1311 2334 1358 2379 in
1393 2334 1600 2380 humanis
1636 2337 1919 2398 perfeetum,
1954 2341 2156 2404 nihilque
2188 2356 2282 2391 tam

58 2395 198 2441 fauste
233 2395 408 2457 geritur
431 2426 445 2450 ,
503 2391 628 2454 quod
671 2408 766 2438 non
799 2409 923 2439 error
956 2396 1113 2458 aliquis
1150 2399 1220 2443 vel
1253 2398 1478 2446 obtundat
1510 2401 1582 2446 vel
1618 2401 1934 2466 interrumpat.
2005 2405 2148 2464 Quod
2193 2409 2280 2456 nisi

55 2474 148 2507 tam
183 2458 313 2505 densa
346 2458 629 2521 ignorantiae
664 2457 813 2522 caligo
836 2492 849 2516 ‚
897 2475 1081 2506 naturae
1114 2463 1231 2508 vitio
1268 2466 1514 2527 congenita
1538 2500 1552 2523 ,
1597 2468 1761 2514 mentis
1808 2470 1967 2515 oculos
2010 2462 2236 2520 obsideret
2262 2509 2278 2534 ,

56 2526 201 2570 homo
237 2523 367 2569 facile
401 2521 588 2585 seipsum
617 2522 819 2582 videret,
854 2523 1051 2588 aliosque
1087 2526 1384 2592 perspiceret,
1418 2545 1511 2592 quo
1535 2531 1721 2594 quisque
1757 2533 1861 2580 loco
1888 2535 1934 2580 Sc
1959 2535 2073 2581 statu
2108 2537 2273 2602 degat:

55 2603 226 2653 quanto
259 2587 494 2634 intervallo
528 2588 553 2633 a
588 2588 697 2635 reeti
733 2587 872 2652 scopo
908 2590 1112 2651 aberret,
1138 2592 1179 2638 se
1216 2594 1396 2657 suasque
1432 2597 1624 2643 rationes
1662 2598 1765 2645 inde
1799 2599 1983 2645 duceret
2019 2598 2154 2663 atque
2188 2604 2275 2650 dis-

52 2667 259 2718 poneret.
338 2654 486 2700 Nunc
532 2654 578 2699 in
612 2654 698 2699 hac
733 2655 914 2701 mortali
950 2657 1043 2703 vita
1075 2670 1169 2705 tam
1210 2659 1443 2707 fallacibus
1485 2662 1657 2710 umbris
1700 2664 1835 2710 semet
1882 2665 2174 2726 explicante,
2223 2670 2274 2716 δί

51 2718 284 2782 plusquam
320 2718 583 2764 Cimmeriis
616 2719 811 2766 tenebris
845 2720 1065 2769 obvoluta
1100 2724 1283 2789 degenti
1328 2726 1441 2790 quid
1474 2727 1729 2776 faciendum
1767 2729 1956 2792 quaeso?
1994 2732 2072 2779 ubi
2107 2750 2271 2799 perpe>-

54 2796 182 2845 ωας,
216 2797 270 2832 ut
305 2782 504 2832 Nasonis
538 2786 700 2847 poetae
734 2786 880 2834 verbis
915 2787 1089 2848 dicam,

1058 2898 1227 2944 nebulae
1256 2902 1432 2963 callgine
1466 2904 1625 2948 mixtae

477 2957 751 3006 Exhalantur
782 2959 932 3023 humo,
964 2962 1186 3027 dubiaeque
1220 2967 1451 3028 crepuscula
1486 2970 1622 3014 nofz'is.
