2516 3509
270 100 413 229 *DE
489 144 942 205 STUDIO
1018 142 1156 201 ET
1227 141 1929 210 INDUSTRIAj
2018 168 2125 225 729

127 270 234 304 curn
269 253 387 300 inter
420 251 548 297 initia
574 252 826 313 juventae,
869 248 1014 310 artis,
1060 264 1196 312 quam
1230 244 1498 308 affectabat,
1533 251 1725 314 primam
1760 252 1936 301 literam
1971 253 2122 300 dicere

125 353 218 384 non
252 334 421 399 poffet,
455 333 544 379 oris
578 331 642 378 sui
677 331 842 378 vitium
878 341 1006 377 tanto
1042 329 1191 376 studio
1225 331 1534 392 expugnavit,
1571 344 1622 378 ut
1656 348 1705 379 ea
1738 332 1764 379 a
1798 335 1924 381 nullo
1961 342 2001 373 ²5
2039 352 2118 382 ex·
2134 350 2213 398 plut.
2234 349 2268 381 in

127 402 311 476 pressius
344 411 595 459 efferretur.
665 409 847 458 Deinde
880 423 1070 473 propter
1103 410 1289 455 nimiam
1321 407 1570 455 exilitatem
1607 412 1810 459 acerbam
1845 414 2002 461 auditu
2034 433 2116 462 vo·
2131 400 2208 423 ’Μ’

128 508 230 540 cem
275 486 397 538 suam
439 489 768 537 exercitatione
812 488 1030 535 continua
1075 487 1130 534 ad
1173 499 1403 533 maturum
1438 487 1487 533 ὃς
1521 503 1703 551 gratum
1749 492 1929 538 auribus
1960 492 2118 541 sonum

126 567 358 628 perduxit.
415 569 592 616 Lateris
626 568 763 615 etiam
799 567 1016 614 firmitate
1043 555 1269 625 defestus,
1305 581 1411 629 quas
1446 570 1652 629 corporis
1687 568 1865 617 habitus
1898 572 2009 618 vires
2043 590 2117 619 ne·
2134 587 2200 618 eie.
2215 585 2332 641 demus

126 658 335 707 gaverat,
371 646 396 692 a
427 645 579 693 labore
612 658 843 692 mutuatus
877 644 953 691 est.
1024 642 1070 672 2⁶
1106 644 1288 692 Multos
1322 645 1443 691 enim
1479 647 1622 693 versus
1656 665 1747 694 uno
1780 650 1954 713 impetu
1995 652 2117 714 spiri-
2137 638 2164 701 ζ
2190 631 2334 704 ffumh'

127 736 200 769 tus
232 722 652 787 complectebatur,
687 721 850 785 eosque
883 721 1060 770 adversa
1092 722 1194 768 loca
1228 720 1362 768 celeri
1397 722 1541 786 gradu
1574 722 1810 785 scandens,
1856 730 2118 789 pronuntia-

128 802 220 849 bat.
289 804 362 849 Ac
397 801 570 851 vadosis
603 801 834 849 littoribus
865 801 1066 848 insistens
1100 799 1448 847 declamationes
1483 800 1709 848 fluctuum
1745 804 1998 868 fragoribus
2034 809 2117 855 ob-

129 882 405 930 luctantibus
439 883 638 941 edebat,
692 895 743 928 ut
790 881 844 927 ad
887 880 1093 926 fremitus
1138 881 1469 939 concitatarum
1506 882 1785 929 concionum
1824 892 1867 924 27
1903 889 2119 948 patientia

129 957 299 1005 duratis
334 959 514 1005 auribus
560 960 607 1004 in
643 957 895 1005 actionibus
930 969 1143 1003 uteretur.
1214 958 1378 1004 Fertur
1413 973 1598 1020 quoque
1636 956 1680 985 28
1716 977 1793 1006 ore
1827 961 1996 1010 insertis
2032 965 2119 1011 cal-

129 1038 242 1085 culis
276 1038 474 1083 multum
510 1054 562 1084 ac
596 1037 675 1084 diu
710 1038 838 1101 loqui
872 1035 1027 1084 solitus
1051 1070 1066 1095 ,
1100 1053 1194 1099 quo
1229 1052 1424 1082 vacuum
1464 1043 1508 1073 ²9
1544 1040 1802 1102 promptius
1836 1041 1942 1088 effet
1975 1043 2022 1089 Sc
2055 1044 2120 1090 so—

127 1117 281 1163 lutius.
321 1122 364 1153 ³0
400 1117 651 1164 Proeliatus
685 1116 749 1162 est
790 1131 898 1162 cum
933 1130 1082 1162 rerum
1119 1127 1302 1161 natura:
1339 1114 1387 1160 ἃ
1423 1114 1607 1177 quidem
1645 1117 1791 1164 vistor
1825 1119 1962 1179 abiit,
1998 1123 2123 1168 mali-

131 1194 353 1257 gnitatem
389 1197 484 1259 ejus
520 1194 868 1259 pertinaciflimo
903 1195 1041 1240 animi
1076 1194 1241 1240 robore
1274 1192 1536 1256 superando.
1606 1195 1766 1258 Itaque
1801 1196 1989 1243 alterum
2026 1201 2121 1245 De—

132 1271 417 1320 mosthenem
452 1288 624 1334 mater,
657 1274 848 1321 alterum
883 1272 1100 1319 industria
1133 1273 1263 1318 enixa
1298 1272 1375 1318 est.

197 1352 353 1416 Atque
379 1368 432 1402 ut
456 1355 512 1402 ad
534 1354 831 1403 vetustiorem
859 1352 1098 1400 industriae
1127 1353 1278 1400 actum
1304 1352 1626 1416 transgrediar,
1649 1353 1927 1417 Pythagoras
1954 1363 1990 1392 3¹
2019 1372 2117 1420 per·
2218 1406 2247 1411 ω

129 1426 416 1482 ἷεᾶἱίῖῑιῃυῐῃ
451 1453 566 1500 opus
602 1435 837 1499 sapientiae
871 1436 896 1481 a
924 1436 1113 1500 juventa
1147 1434 1313 1496 pariter
1345 1433 1392 1479 &
1412 1434 1558 1479 omnis
1593 1433 1837 1479 honestatis
1873 1438 2121 1500 percipien·
2138 1426 2242 1498 ξξζξῑ
2273 1427 2302 1456 ³⁵

134 1513 215 1560 dae
249 1514 552 1576 cupiditatem
586 1514 800 1579 ingreffus
837 1519 908 1577 (32
937 1513 1051 1560 nihil
1074 1512 1192 1559 enim
1219 1511 1344 1575 quod
1368 1511 1421 1558 ad
1453 1510 1669 1558 ultimum
1704 1511 1766 1557 sui
1801 1527 2122 1574 perventurum

133 1720 213 1758 suas
242 1720 405 1761 actiones
424 1723 698 1763 Demosthenes
719 1725 894 1774 patientia
922 1735 965 1762 ac
984 1724 1111 1763 labore
1164 1721 1269 1773 quod
1297 1723 1497 1768 restituerat
1528 1722 1716 1765 VorstiuS,
1749 1722 1787 1758 ὅ(
1815 1720 1921 1758 multi
1951 1732 2124 1770 compro—

139 1771 272 1810 durare
299 1786 342 1811 ac
369 1774 524 1812 stabilire
550 1776 691 1819 voluit,
715 1785 755 1814 ut
775 1784 906 1814 contra
927 1775 1110 1814 clamores
1162 1774 1249 1811 bant
1276 1774 1420 1822 scripti,
1450 1773 1514 1810 nis1
1544 1773 1670 1822 quod‚'
1704 1780 1744 1809 ut
1767 1770 1948 1815 indicavi,
1984 1782 2127 1811 mutant

135 1834 182 1859 ac
212 1825 381 1863 fremitus
409 1825 647 1874 obstrepentis
677 1827 805 1875 populi
834 1826 1039 1865 constantes
1067 1839 1110 1865 ac
1162 1825 1347 1863 ordinem.
1369 1825 1475 1862 Paris.
1497 1831 1577 1861 tert.
1603 1822 1740 1860 auribus
1759 1822 1958 1860 aetionibus.

134 1872 259 1913 firmas
285 1876 446 1915 haberet.
473 1878 614 1915 PIGH.
649 1880 824 1914 Patientia
854 1877 986 1914 duratis
1016 1881 1110 1915 auri·
1174 1891 1177 1896 ·
1209 1876 1271 1913 28.
1298 1881 1362 1913 Ore
1387 1877 1520 1922 insertis
1547 1874 1699 1924 calculis]
1731 1874 1792 1911 An
1816 1876 1905 1911 Ori?
1933 1874 1990 1911 Sic
2011 1875 2055 1912 L.
2076 1888 2125 1912 1x.

131 1923 192 1960 bus
220 1928 256 1962 in
276 1928 461 1964 actionibus
489 1939 648 1965 uteretur.
676 1929 730 1965 Ita
752 1928 867 1966 Aldus
885 1930 922 1965 &
946 1929 1104 1967 Chalco-
1164 1941 1195 1965 1.
1228 1928 1310 1965 init.
1353 1928 1455 1976 Operi
1482 1930 1588 1972 nostro
1617 1928 1793 1975 inseratur.
1841 1925 1885 1961 L.
1924 1937 1979 1962 IX·
2018 1938 2050 1971 7.
2090 1939 2124 1963 2.

136 1976 316 2025 condyles
341 1977 544 2016 ediderant.
593 1980 640 2016 Et
659 1980 706 2016 est
724 1991 877 2029 quoque
898 1979 945 2016 ita
965 1981 1002 2016 in
1025 1992 1102 2018 uno
1156 1981 1276 2028 Neque
1305 1988 1449 2026 oportere
1477 1975 1666 2024 clarissimae
1696 1976 1854 2022 familiae
1892 1977 2024 2026 ignotas
2045 1979 2120 2025 sbr-

137 2025 223 2062 cod.
258 2028 390 2065 Brand·
441 2030 494 2066 At
521 2030 667 2077 Pighius
699 2030 736 2064 ‘to‘
765 2037 801 2065 in
827 2029 1012 2066 actionibus
1041 2043 1102 2067 ex·
1155 2028 1211 2074 des
1236 2031 1347 2077 inseri.
1373 2028 1617 2065 PERIZON.

135 2077 290 2123 punxit,
317 2077 421 2127 quod
452 2079 490 2116 in
517 2092 595 2116 uno
624 2080 709 2117 cod.
734 2079 771 2116 id
801 2091 878 2117 non
908 2079 1102 2128 reperiffet.
1204 2091 1265 2127 29.
1289 2080 1476 2128 Promptins
1502 2079 1575 2126 effet
1598 2086 1643 2114 (φ’
1666 2076 1860 2126 resolutius]
1892 2077 1950 2114 Sic
1971 2078 2122 2127 quidem

135 2125 273 2176 Neque
302 2129 579 2167 contemnenda
616 2131 649 2166 ei
676 2129 823 2167 videtur
853 2129 963 2167 lecf’cio
994 2131 1101 2179 hujus
1152 2129 1320 2178 Pighius:
1348 2130 1406 2166 sed
1429 2129 1535 2167 MSS.
1564 2130 1602 2166 δε
1622 2128 1717 2166 Edd.
1735 2129 1906 2175 solutius,
1936 2129 2037 2178 quod
2066 2142 2122 2167 re-

133 2176 211 2214 loci
237 2178 370 2222 altera,
399 2191 512 2228 quam
542 2182 579 2217 in
610 2180 782 2218 omnibus
803 2180 877 2217 aliis
900 2180 1007 2217 codd.
1038 2181 1103 2218 ob·
1153 2192 1302 2218 vocavl.
1337 2181 1414 2218 Cic.
1450 2181 1488 2217 in
1517 2180 1616 2217 Brut.
1655 2180 1686 2216 c'.
1713 2192 1774 2217 zo.
1803 2181 1936 2216 Solutus
1955 2194 1975 2215 a
2001 2192 2122 2217 natura

130 2228 314 2274 servavit,
353 2231 526 2267 Patientia
558 2229 692 2267 duratis
717 2231 901 2266 actionibus
929 2242 1099 2274 uteretur;
1153 2230 1198 2267 ad
1230 2230 1400 2267 dicendum
1426 2239 1469 2266 <9⁴
1492 2229 1678 2279 expeditus.

132 2287 175 2316 ut
209 2281 305 2329 ipsae
342 2282 488 2317 actiones
525 2280 675 2318 duratae
717 2282 892 2329 patientia
926 2280 947 2318 a
977 2282 1101 2319 nostro
1199 2293 1258 2331 30.
1271 2283 1461 2318 Proeliatus
1483 2284 1527 2328 est
1547 2294 1616 2316 cum
1635 2293 1741 2316 rerum
1763 2279 1904 2330 natura]
1922 2281 1978 2319 Sic
2000 2294 2122 2318 emen-

129 2328 311 2369 dicantur.
362 2332 463 2379 Ergo
492 2331 549 2368 vel
573 2333 609 2368 in
629 2333 835 2376 actionibus,
861 2332 920 2369 vel
941 2332 1101 2376 auribus,
1154 2331 1239 2368 davi
1267 2332 1467 2369 secundum
1489 2331 1596 2368 MSS.
1620 2331 1657 2368 δί
1678 2330 1770 2368 Edd.
1794 2343 1937 2370 ornnes.
1979 2333 2117 2381 Pighius

131 2380 194 2417 ille
213 2382 502 2430 expungendum
522 2390 616 2419 ratus
639 2383 698 2419 est.
747 2383 830 2430 Ego
852 2395 942 2420 vero
962 2391 1099 2421 utrum·
1154 2382 1302 2420 dederat
1321 2394 1433 2419 contra
1454 2397 1561 2419 rernm
1580 2393 1747 2418 naturam.
1771 2397 1776 2400 ·

131 2442 207 2480 que
237 2433 473 2470 retinendum
505 2433 649 2470 censeo.
686 2432 881 2471 VORST.
928 2436 1102 2470 Patientia
1205 2445 1263 2482 31.
1291 2430 1558 2479 Perfee'iiffimuni
1574 2445 1651 2481 opus
1663 2434 1853 2481 sapientiae
1871 2448 1891 2470 a
1909 2438 2043 2478 juventa
2060 2444 2118 2482 pa-

132 2481 265 2519 duratis
293 2483 429 2519 auribus
456 2494 614 2520 uteretur.
640 2484 720 2520 MS.
749 2482 977 2522 Ac7i012ibus.
1004 2497 1098 2534 quo·
1153 2485 1235 2520 riter
1264 2487 1368 2520 omnis
1397 2485 1576 2531 honestatis
1598 2484 1826 2533 percipiendae
1858 2484 2035 2532 cupiditate
2066 2487 2120 2519 in-

134 2532 255 2570 modo
276 2535 314 2572 &
331 2535 435 2583 Pigh.
453 2535 491 2571 in
511 2535 688 2584 plerisque
706 2535 860 2572 invenit.
887 2534 1014 2572 Sensus
1035 2535 1098 2580 est,
1146 2534 1291 2585 greffics]
1309 2535 1411 2572 Harl.
1429 2546 1601 2571 ammenta
1621 2538 1757 2582 pariter.
1779 2534 1882 2571 Leid.
1908 2534 1991 2569 sext.
2017 2548 2117 2583 argu-

131 2593 171 2618 ut
197 2582 316 2620 diceret
344 2589 531 2629 orationes,
566 2598 604 2622 ut
625 2597 794 2634 peroraret
820 2585 959 2622 duratas
987 2597 1099 2623 contra
1151 2597 1275 2621 menta.
1309 2586 1413 2624 Harl.
1452 2585 1645 2633 cupiditate.
1687 2586 1791 2622 MSS.
1826 2583 1995 2620 undecim
2029 2595 2115 2620 cum

123 2635 285 2678 fremitus
304 2638 501 2673 concionum.
523 2638 639 2677 estc‘iio
657 2638 758 2674 enim
776 2637 837 2673 hic
857 2644 961 2673 notat
981 2637 1099 2684 ipsum
1152 2635 1247 2674 Edd.
1274 2644 1359 2674 ante
1387 2637 1570 2685 Pighium.
1623 2641 1665 2672 Et
1697 2638 1798 2671 omnis
1823 2634 2008 2687 honestatis.
2038 2635 2115 2670 Un-

127 2684 309 2732 perorandi
333 2688 452 2724 atium.
492 2688 540 2724 Et
565 2688 683 2725 multo
705 2688 923 2724 concinnior
943 2687 991 2724 est
1008 2688 1101 2725 haec
1155 2686 1200 2724 de
1235 2687 1291 2724 Cl.
1326 2688 1540 2726 Perizonius
1572 2687 1767 2736 legendum
1800 2683 2041 2731 conjiciebat,
2072 2689 2116 2720 Et

133 2733 386 2784 leffio,quam
410 2749 451 2774 ea
466 2750 597 2786 ‚quam
610 2739 776 2775 Vorstius
797 2738 958 2781 restituit;
972 2737 1103 2775 duratis
1155 2743 1329 2783 inventam
1355 2741 1482 2787 pariter
1507 2748 1551 2775 ω’
1575 2741 1677 2775 omnis
1697 2736 1874 2780 honestatis
1896 2735 2121 2781 percipiendae

137 2786 275 2822 auribus
293 2789 328 2822 in
346 2788 540 2825 ae‘iionibus.
562 2789 808 2826 PERIZON.
833 2791 982 2824 Duratis
1000 2791 1104 2826 affin.
1154 2789 1368 2836 cupiditatem
1388 2790 1557 2839 ingreffits.
1607 2786 1788 2836 Equidem
1810 2784 2117 2840 conjunciionem

133 2835 230 2872 nibus
248 2848 405 2874 uteretur.
418 2838 543 2875 Habet
562 2839 637 2877 hoc
657 2839 788 2888 Ultraj.
802 2839 983 2877 sec.Barb.
994 2841 1101 2889 prim.
1156 2848 1201 2875 (φ’
1223 2841 1382 2878 omnino
1413 2839 1528 2878 abeffe
1554 2850 1630 2876 non
1651 2834 1750 2885 poffe
1773 2835 1901 2883 judICO
1915 2863 1924 2879 ‚
1954 2838 2115 2884 Ingreffias

135 2886 204 2923 Ed.
218 2888 726 2937 Riog.reliquiMSS.duratis
742 2890 878 2927 auribus
898 2902 1045 2929 uteretur
1065 2893 1102 2928 in
1155 2894 1199 2937 est
1221 2893 1374 2940 pariter,
1403 2901 1448 2928 (θ’
1475 2904 1551 2941 opus
1572 2889 1758 2937 sapientiae
1778 2914 1789 2928 ‚
1834 2894 1880 2921 (9'
1899 2887 2113 2935 cupiditatem

135 2938 331 2976 aHionil-us.
351 2939 460 2976 Leld.
480 2939 567 2977 sext.
587 2940 795 2979 durantibus.
816 2943 920 2979 Dura
940 2942 1031 2980 mihi
1049 2944 1103 2980 Vl·
1155 2937 1269 2980 omni?
1283 2943 1460 2989 honestatis
1478 2938 1703 2993 percipiendae
1724 2966 1733 2981 ,
1776 2938 1814 2973 &
1843 2937 1887 2974 ad
1914 2945 2112 2987 utrumque

137 2987 244 3026 detur
263 2989 405 3027 locutio
421 3018 431 3034 ‚
453 2992 504 3027 uti
522 2990 653 3028 duratis
671 2991 880 3036 aetionibns,
908 3005 955 3030 eo
975 2994 1100 3037 sensu,
1155 2992 1244 3031 illud
1270 2995 1460 3042 respiciens
1475 3021 1485 3036 ‚
1512 2992 1596 3028 dicit
1614 2990 1774 3038 primum
1796 2987 1898 3025 illum
1916 3000 2111 3024 commenta-

138 3049 216 3089 que
235 3039 322 3079 illud
343 3041 485 3091 accepit
503 3041 558 3080 Cl.
571 3043 799 3084 Perizonius,
825 3045 953 3094 Quare
972 3045 1103 3095 reliqui
1154 3045 1221 3083 rios
1240 3047 1501 3096 ,Aegyptiorum
1512 3039 1790 3128 scrutatumZeffe‚
1814 3038 2022 3088 siderumque
2041 3054 2109 3074 mo-

1393 3101 1395 3104 '
1728 3102 1776 3127 zz
1812 3103 1831 3127 z
2037 3101 2114 3133 tus,
