2516 3509
398 151 467 223 32'
672 79 1080 198 VALERII
1154 125 1532 184 MAXIMI
1576 124 1785 183 Lin.1.
1869 123 2015 182 CAP.
2055 126 2099 181 1.

456 247 574 295 Tam
593 257 664 287 me
685 235 869 285 hercule
888 249 1026 298 quam
1062 238 1104 259 2²
1129 230 1454 292 QPleminii‚
1473 230 1611 295 legati
1635 229 1861 294 Scipionis
1874 263 1889 288 ‚
1910 236 1955 263 2³
1977 230 2025 275 in
2049 226 2254 276 thesauro
2274 225 2392 273 Pr0-·

239 265 290 287 21.

172 299 332 377 iiondiv.
391 326 581 388 serpinae
598 315 829 383 spoliando
849 313 1104 361 sceleratam
1126 312 1357 359 avaritiam
1372 310 1493 375 justa
1513 308 1894 357 animadversione
1925 307 2189 355 vindicavit.
2226 315 2264 344 ²⁴
2284 324 2392 358 cum

170 381 315 452 {ll-{35³⁶
391 403 510 446 enim
528 413 620 444 eum
639 399 826 443 vinetum
863 399 900 430 ²⁵
916 393 1096 438 Romam
1113 391 1309 451 protrahi
1325 389 1536 454 juffisset,
1558 402 1661 437 ante
1684 389 1855 437 caussae
1878 388 2129 437 diffitionem
2149 389 2196 435 in
2215 406 2394 438 carcere

171 465 257 493 Lacr.
274 471 318 492 11.
340 469 367 495 7.

388 480 430 507 2⁶
450 478 685 525 teterrimo
704 488 870 540 genere
891 470 1041 517 morbi
1065 469 1361 533 consumptus
1384 468 1470 514 est:
1508 470 1751 531 pecuniam
1780 470 1880 516 Dea
1901 467 2100 532 ejusdem
2118 467 2289 518 senatus
2307 470 2392 517 im-

383 558 538 620 perio,
578 563 618 595 ²7
642 554 691 602 &
713 551 899 616 quidem
918 549 1140 597 summam
1171 546 1477 613 duplicando,
1512 548 1810 610 recuperavit.

649 701 912 747 EXTERNA
950 709 1200 743 EXEMPLA
1224 729 1239 754 2
1283 709 1630 741 OBSERVATAE
1675 708 1774 741 VEL
1813 706 2131 743 NEGLECTAE

1237 787 1551 818 RELIGIONIS.

451 921 492 949 ²8
582 935 662 966 uae
684 917 809 983 quod
826 917 881 964 ad
900 917 1111 964 Pleminii
1131 915 1304 963 facinus
1323 917 1570 980 pertinuit,
1605 915 1720 962 bene
1740 917 1766 963 a
1787 917 1990 982 patribus
2012 917 2277 984 conscriptis
2297 923 2395 972 vin-

384 1001 532 1048 dicata
549 1000 636 1045 est:
675 998 800 1062 quod
830 997 886 1044 ad
916 997 1134 1044 violentas
1168 997 1284 1061 regis
1312 995 1475 1059 Pyrrhi
1503 994 1650 1042 sordes
1670 996 1937 1056 attinuerat,
1974 1003 2013 1031 ²9
2033 998 2212 1063 seipsam
2232 1014 2396 1065 poten·-

384 1092 453 1126 ter
480 1092 621 1142 atque
655 1076 902 1124 efficaciter
935 1074 1151 1124 defendit.

390 1287 493 1324 mine
517 1283 649 1333 scripsit
675 1284 867 1329 Valerius,
893 1293 934 1322 ut
955 1284 1166 1324 Turullium,
1196 1286 1371 1322 Varronem

393 1339 432 1374 ἃ*
451 1337 550 1373 alios.
577 1337 819 1374 PERIZON.
874 1338 912 1374 P.
939 1338 1084 1372 Leminii
1101 1335 1235 1372 habent
1265 1335 1369 1378 editt,

392 1387 659 1437 antiquitliinae
681 1415 690 1431 ,
729 1399 814 1424 cum
843 1387 985 1436 aliquot
1012 1387 1118 1424 MSS.
1147 1387 1210 1436 qui
1237 1387 1369 1435 partim

393 1439 506 1475 ctiam
527 1437 615 1475 dant
636 1438 740 1482 Junii
761 1440 918 1480 Lei-inii,
943 1439 981 1474 δε
995 1439 1135 1487 postumi
1153 1438 1369 1481 Lemniae]

388 1491 462 1539 post
483 1488 595 1525 Publii
616 1490 772 1531 Levinii,
796 1489 854 1525 vel
867 1492 938 1537 post
959 1490 1117 1525 Leminii.

446 1552 503 1588 23.
533 1542 573 1575 In
601 1539 751 1587 thesauro
780 1537 1202 1589 Proserpinaefholiando]
1233 1539 1315 1576 Fuit
1341 1540 1368 1576 is

395 1590 580 1627 thesaurus
606 1591 644 1626 in
674 1589 813 1638 oppido
844 1591 995 1627 Locris:
1024 1590 1110 1639 qui,
1137 1599 1178 1628 ut
1199 1591 1328 1627 Livius
1345 1590 1368 1627 l.

395 1653 506 1678 xxix.
543 1640 661 1677 scribit
683 1669 692 1683 ‚
729 1641 833 1677 omni
862 1650 981 1678 aetate
1000 1641 1155 1678 intadtus
1181 1641 1371 1678 manserat.

390 1691 592 1738 J'ORST.
645 1691 750 1728 MSS.
779 1692 868 1728 Duo
889 1691 1113 1740 exspolianda.

448 1755 505 1788 24.
534 1746 618 1778 Cum
643 1744 728 1778 enirn
755 1756 825 1777 eum
852 1741 1020 1791 vinolio-m]
1049 1744 1244 1780 Revocavi
1264 1755 1374 1792 proe-

395 1805 540 1831 nomen
567 1807 636 1828 eum
669 1800 811 1830 temere
838 1793 897 1830 hic
925 1806 944 1830 a
972 1793 1103 1841 Pighio
1132 1801 1259 1831 contra
1286 1790 1376 1831 'vett

399 1844 483 1881 edd.
505 1846 542 1882 &
561 1843 667 1880 MSS.
686 1842 858 1881 oniiss'um
872 1859 882 1886 ;
897 1844 1221 1893 quemadmodum
1244 1845 1375 1882 eadem

397 1895 618 1933 auetoritate.
640 1904 763 1932 motus
785 1896 944 1943 expunxi
964 1897 993 1931 is
1008 1924 1017 1940 ,
1037 1895 1139 1945 quod
1165 1903 1312 1933 tantum
1339 1896 1377 1932 in

399 1958 479 1983 uno
507 1954 568 1983 aut
587 1946 702 1982 altero
726 1946 987 1994 comparebat,
1016 1948 1054 1983 δε
1074 1946 1226 1996 quidem
1254 1947 1380 1996 super-

395 1997 593 2045 scriptum,
620 2005 660 2033 ut
688 1996 826 2047 liqueat
854 1995 925 2034 effe
953 2009 997 2034 ex
1023 1995 1148 2045 gloffa.
1177 2009 1293 2043 unus,
1320 1999 1380 2047 qui

397 2059 490 2085 ante.

450 2111 510 2147 25.
540 2101 680 2147 Romam
708 2098 877 2148 protrahi]
917 2098 1099 2136 Nonnulli
1119 2097 1226 2136 MSS.
1251 2107 1379 2145 pertra-

400 2149 797 2199 721¹‚probanteVoffio
819 2162 862 2187 ex
881 2150 1049 2187 Phaedro
1071 2151 1115 2186 L.
1132 2162 1210 2187 111.
1224 2149 1308 2185 Fab.
1326 2162 1380 2186 10.

403 2202 444 2238 ὃς
479 2201 650 2249 profeclo
673 2200 825 2250 protrahi
863 2202 985 2249 potius
1013 2201 1184 2238 dicuntur
1209 2199 1382 2243 latentia,

405 2263 503 2301 quae
531 2252 768 2299 proferuntur
796 2252 831 2288 in
851 2251 987 2288 lucem.
1044 2251 1184 2299 Inspice
1213 2250 1384 2299 exempla

407 2302 506 2351 apud
524 2303 554 2349 J.
578 2303 633 2339 Fr.
654 2303 824 2339 Gronov.
845 2303 889 2339 ad
910 2304 993 2340 Liv.
1014 2302 1180 2339 L.xi1v.
1200 2302 1258 2338 26.

460 2354 518 2390 26.
544 2355 721 2390 Teterrimo
742 2367 862 2403 genere
879 2353 981 2389 morbi
1003 2356 1208 2402 consumptus
1229 2350 1290 2399 est]
1325 2350 1377 2387 A·

404 2402 493 2448 lias,
513 2418 635 2454 genere
654 2416 781 2441 mortis.
838 2405 966 2440 Livius
982 2403 1075 2440 libro
1094 2402 1382 2440 XXX1V.inTul-

403 2455 544 2492 lianum
565 2455 625 2491 seu
642 2455 856 2491 inferiorem
884 2455 1008 2501 postea
1036 2465 1223 2490 carcerem
1251 2452 1383 2489 demis-

402 2506 484 2542 sum
510 2513 620 2555 atque
646 2513 819 2542 necatum
847 2504 985 2540 scribit:
1015 2515 1100 2540 cum
1129 2503 1174 2539 de
1201 2502 1287 2539 urbe
1318 2514 1382 2549 per

402 2555 597 2593 sceleratos
615 2556 788 2593 homines
819 2553 1050 2591 incendenda
1075 2551 1235 2590 habuisse
1257 2553 1384 2589 conci-

402 2607 452 2643 lia
473 2615 685 2655 compertus
704 2604 801 2644 effet.
855 2605 925 2642 Sed
944 2605 1035 2642 haee
1057 2604 1184 2641 Livius
1204 2616 1248 2640 ex
1261 2603 1384 2640 Clodii

407 2658 531 2694 Licini
561 2669 683 2695 rerum
714 2659 828 2695 Rom.
851 2656 909 2693 lib.
935 2669 1014 2693 111.
1044 2656 1175 2698 refert3
1204 2654 1262 2691 alii
1282 2665 1385 2690 mor-

406 2715 516 2744 tuum
536 2709 631 2755 prius
652 2709 690 2745 in
711 2707 864 2745 vinculis
878 2737 888 2752 ,
916 2719 1029 2756 quam
1049 2706 1095 2743 de
1115 2718 1161 2743 eo
1182 2705 1309 2754 populi
1323 2705 1384 2753 ju-

406 2759 547 2796 dicium
568 2759 824 2807 perficeretur,
851 2757 995 2796 volunt.
1020 2757 1160 2794 PIGH.
1205 2757 1385 2792 Teterrimo

402 2823 526 2860 genere
555 2809 657 2845 morbi
685 2813 890 2858 consumptus
918 2808 977 2856 est]
1013 2808 1069 2845 Ita
1097 2807 1204 2845 codd.
1233 2818 1385 2856 quoque

411 2860 591 2897 Brandeb.
608 2861 754 2908 Pighius
772 2862 808 2898 in
828 2861 992 2908 margine
1012 2860 1179 2902 notavit,
1197 2870 1264 2906 pro
1285 2857 1388 2893 morbi

412 2911 592 2960 quosdam
615 2911 760 2949 codices
788 2911 922 2948 habere
948 2912 1074 2946 mortis.
1130 2908 1247 2958 Quod
1274 2909 1388 2956 magis

414 2962 621 2999 consonum
650 2963 747 3000 foret
773 2963 971 2999 narrationi
995 2961 1095 2999 Livii
1120 2961 1158 2998 in
1178 2960 1235 2996 lib.
1255 2972 1390 2997 xxxiv.

418 3012 479 3049 ubi
498 3013 636 3060 scribit,
664 3014 864 3053 Pleminium
890 3014 927 3051 in
955 3014 1142 3059 inferiorem
1160 3025 1315 3051 carcerem
1334 3009 1391 3049 de-

1254 1074 1439 1121 Coaffihs
1477 1073 1598 1120 enim
1628 1072 1933 1120 Locrensibus
1969 1088 2026 1120 ex
2066 1075 2272 1123 thesauro
2301 1081 2397 1142 ejus

2185 1170 2397 1219 lnagnam
2418 1187 2425 1193 ⁹

1422 1281 1572 1330 missum,
1608 1281 1720 1332 ibique
1746 1293 1895 1320 necatum
1915 1282 2028 1331 fmffi’·
2063 1283 2259 1323 VORST.
2312 1285 2399 1324 Imo

1422 1333 1535 1370 morbi.
1566 1333 1699 1370 Noster
1717 1334 1817 1371 enim
1839 1335 1953 1382 magis
1973 1334 2132 1384 sequitur
2152 1346 2402 1377 communem

1423 1384 1619 1422 auctorum
1640 1384 1871 1432 opinionem.
1900 1393 1940 1422 ut
1959 1386 2102 1433 optime
2123 1385 2251 1425 docuit
2270 1386 2399 1426 C1.Pe-
2447 1432 2449 1434 ,

1422 1436 1538 1473 rizon.
1557 1437 1594 1472 in
1613 1434 1790 1472 Animad.
1810 1436 1902 1472 Hist.
1923 1436 1966 1473 C.
1986 1436 2019 1473 8.
2038 1449 2072 1484 p.
2093 1449 2177 1486 350.

1471 1499 1531 1533 27.
1560 1489 1605 1524 Et
1630 1484 1763 1536 quidem
1783 1485 1965 1534 summam]
2008 1487 2136 1532 Unus,
2171 1491 2275 1537 Eque.
2312 1489 2401 1528 alius

1421 1544 1466 1574 Θ·
1484 1550 1569 1587 que,
1593 1537 1670 1575 duo
1689 1546 1732 1573 <9-
1755 1538 1954 1587 quinquies,
1982 1537 2089 1586 quod
2114 1539 2240 1577 tertius
2267 1552 2335 1589 pro
2364 1553 2404 1579 e-

1422 1588 1665 1626 mendatione
1682 1587 1794 1625 habet
1812 1589 1849 1625 in
1869 1588 2047 1636 margine.

1475 1640 1533 1677 28.
1560 1643 1660 1689 Qae
1686 1638 1774 1690 quod
1799 1639 1844 1676 ad
1867 1641 2028 1675 Pleminii
2045 1639 2195 1689 facinus]
2225 1642 2330 1691 Lege
2358 1654 2406 1682 ex

1424 1692 1473 1728 V.
1495 1691 1538 1728 C.
1565 1689 1666 1740 ,Quod
1693 1689 1824 1741 quidem
1851 1689 1897 1726 ad
1916 1691 2074 1726 Pleminii
2092 1693 2227 1737 facinus
2240 1696 2406 1742 pertinuit

1423 1741 1502 1778 bene
1524 1741 1545 1777 ῖι
1562 1741 1714 1791 patribus
1735 1743 1923 1791 conscriptis
1938 1739 2147 1778 vindicatum
2168 1746 2224 1788 est.
2274 1744 2408 1783 Exter-

1425 1805 1472 1830 na
1491 1793 1566 1830 hoc
1585 1792 2002 1842 paragraphoincipiunt
2020 1792 2189 1841 exempla
2208 1794 2328 1833 cultae
2346 1797 2408 1834 vel

1426 1843 1616 1892 negleetae
1636 1844 1842 1892 religionis,
1863 1853 1902 1880 ut
1921 1844 1959 1881 in
1977 1843 2174 1881 Pulmanni
2194 1845 2324 1884 codice
2343 1859 2407 1885 an-

1428 1903 1600 1932 notatum
1622 1906 1775 1944 quoque
1796 1894 1971 1932 invenio:
1991 1895 2100 1943 igitur
2120 1907 2167 1933 eo
2186 1896 2273 1934 loco
2294 1898 2408 1937 inter-

1428 1945 1598 1983 serendus
1618 1946 1665 1983 est
1682 1946 1818 1983 titulus.
1844 1946 1984 1983 P1GH.
2023 1949 2123 1995 Quae
2136 1972 2147 1989 ‚
2169 1948 2258 1997 quod
2272 1948 2319 1986 ad
2328 1952 2411 1987 Ple-

1430 1999 1527 2033 minii
1540 1998 1672 2044 facinus
1695 1997 1861 2046 pertinuit
1874 2022 1884 2038 ‚
1915 1995 1993 2033 bene
2009 1994 2028 2030 ἂ
2046 1996 2202 2044 patribus
2224 2002 2411 2049 conscriptis

1429 2047 1603 2084 vindicata
1628 2045 1687 2096 est]
1722 2048 1819 2084 Mire
1845 2047 1938 2084 haec.
1973 2047 2132 2084 mutavit
2155 2047 2302 2097 Pighius
2323 2078 2333 2095 ‚
2370 2052 2410 2089 &

1431 2099 1585 2148 quidem
1603 2099 1702 2135 hunc
1722 2099 1759 2135 in
1782 2097 1940 2135 modum
1953 2125 1963 2141 ‚
1995 2097 2092 2147 Quod
2111 2098 2243 2147 quidem
2267 2099 2313 2136 ad
2331 2102 2411 2138 Ple-

1432 2151 1528 2186 minii
1552 2151 1688 2196 facinus
1703 2150 1865 2199 pertinuit
1878 2179 1886 2193 ‚
1912 2148 1991 2184 bene
2011 2149 2032 2184 iz
2047 2148 2198 2197 patribus
2223 2153 2415 2200 conscriptis

1433 2200 1642 2237 vindicatum
1654 2203 1710 2246 es?-
1734 2202 1787 2238 At
1805 2208 1947 2237 veteres
1965 2199 2061 2248 typis
2080 2201 2242 2248 expreffi,
2255 2203 2413 2242 &MSS.

1435 2251 1613 2289 Brandeb.
1633 2252 1770 2288 habent
1790 2252 1837 2288 ita
1853 2280 1862 2295 ‚
1891 2252 1944 2288 uti
1964 2262 2032 2287 nos
2058 2251 2311 2300 rescripsimus.
2363 2254 2412 2293 Et

1435 2302 1533 2338 recle
1562 2304 1657 2338 sane.
1717 2302 1932 2339 Relativum
1960 2303 2055 2351 Qae
2083 2303 2241 2349 pertinet
2270 2304 2314 2342 ad
2342 2316 2412 2344 no-

1437 2364 1525 2388 men
1539 2380 1548 2395 ‚
1576 2351 1679 2401 quod
1699 2352 1906 2395 antecedit,
1935 2354 2020 2388 Dea.
2055 2351 2208 2402 Ipsaque
2226 2356 2307 2393 Dea
2329 2357 2412 2393 vin..

1434 2402 1553 2439 dicata
1573 2402 1593 2439 a
1616 2403 1775 2450 patribus
1797 2403 1950 2443 dicitur;
1979 2402 2065 2449 quia
2085 2412 2204 2449 patres
2232 2417 2315 2442 eam
2335 2407 2412 2443 vin-

1434 2452 1602 2490 dicarunt
1628 2461 1739 2501 atque
1768 2453 1834 2489 ulti
1860 2452 1962 2494 sunt,
1997 2453 2211 2499 supplicium
2243 2464 2330 2503 puta
2356 2457 2416 2495 su-

1435 2503 1576 2541 mendo
1605 2503 1650 2540 de
1677 2502 1874 2540 Pleminio.
1909 2501 2104 2550 VoRST.
2169 2505 2416 2547 Consentiunt

1437 2566 1568 2591 omnes
1589 2554 1697 2591 MSS.

1484 2618 1541 2651 29.
1569 2607 1718 2654 Seipsam
1743 2614 1890 2652 potenter
1916 2602 2080 2654 defendit]
2127 2606 2298 2656 Pighius,
2338 2610 2416 2646 Sei-

1428 2657 1525 2704 psam
1551 2667 1699 2703 potenter
1719 2658 1792 2691 Dea
1813 2654 1972 2699 defendit.
2031 2658 2175 2695 Verum
2208 2671 2304 2697 voce
2332 2664 2416 2698 Ded.

1435 2706 1526 2742 nihil
1544 2707 1604 2743 hic
1626 2707 1675 2743 est
1695 2718 1810 2755 opus;
1840 2705 1886 2749 fi,
1914 2714 1954 2743 ut
1973 2716 2057 2745 ante
2076 2709 2257 2747 ostensum
2270 2711 2413 2754 ,relati-

1437 2768 1483 2793 va
1504 2758 1598 2805 Quae
1615 2757 1819 2794 antecedat.
1872 2756 1983 2795 Abest
2000 2758 2057 2797 illa
2085 2759 2129 2796 ab
2148 2762 2414 2810 antiquioribus

1437 2808 1533 2855 typis
1561 2808 1748 2856 expreffis,
1786 2810 1824 2845 δε
1853 2807 1896 2844 ab
1923 2816 2083 2859 utroque
2110 2810 2216 2848 MSS.
2236 2812 2415 2853 Brandeb.

1438 2859 1634 2896 VORST.
1690 2859 1832 2896 Caeteri
1854 2870 1985 2896 omnes
2014 2868 2138 2897 carent
2166 2873 2208 2898 ea
2227 2862 2415 2910 fimiliter,

1440 2917 1480 2946 ut
1510 2911 1547 2947 δε
1575 2909 1670 2946 Cod.
1700 2910 1890 2957 Bamberg.
1917 2910 2005 2947 teste
2032 2911 2169 2949 Modio
2187 2914 2225 2950 in
2245 2915 2414 2955 Novant.

1441 2961 1509 3009 Ep.
1528 2973 1612 2998 t1v.
1640 2962 1806 2998 nonnulli
1826 2961 1937 2998 etiam
1950 2962 2074 3009 seipfh.

1493 3023 1553 3062 30.
1581 3011 1772 3061 Sam‘liffimi
1789 3012 1935 3061 theſsari
1954 3012 2116 3061 custodiae
2132 3014 2313 3066 restituta}
2330 3019 2364 3053 T
2362 3017 2417 3055 be-

2292 3071 2419 3118 fixurus
