2516 3509
275 127 380 184 DE
421 113 744 182 MAcisT.
782 123 976 205 ATQ
1010 127 1296 186 onum.
1338 129 1597 189 orne.
1638 126 1745 190 ET
1774 126 1992 194 ⁴iNST.
2049 157 2108 213 13
2121 153 2160 213 3'

216 229 515 294 Qapropter
544 243 635 274 non
655 243 699 273 es
739 234 778 262 ¹4
799 227 1072 275 damnandus
1101 232 1252 278 rustici
1283 233 1447 297 rigoris
1479 235 1693 295 crimine,
1729 237 1786 284 C.
1816 239 1968 301 Mari,
2007 248 2043 277 ¹5
2069 243 2148 306 qui
2162 255 2276 324 Sallu}-
2309 296 2329 323 F

152 311 330 377 gemina
355 309 480 356 lauro
509 320 772 355 coronatam
805 306 1076 355 senectutem
1106 322 1230 357 tuam
1282 311 1322 338 ¹⁶
1355 312 1624 358 Numidicis
1655 313 1704 360 ὃς
1734 317 2018 365 Germanicis
2046 319 2148 367 illu·
2160 315 2362 378 Jug.⁶;'.s}.

150 391 284 437 strem
302 390 521 454 tropaeis,
554 386 703 435 vickor
742 393 777 421 '⁷
801 386 1002 434 devictae
1020 390 1166 454 gentis
1189 390 1395 437 facundia
1413 390 1676 454 politiorem
1698 393 1796 440 fieri
1818 398 2019 446 noluisti:
2051 417 2148 448 cre-

151 469 239 530 do,
272 485 328 515 ne
367 468 410 496 '8'
428 468 673 532 alienigena
691 467 859 530 ingenii
879 469 1228 527 exercitatione,
1268 473 1309 502 ¹⁹
1325 469 1458 531 patrii
1481 469 1593 515 ritus
1623 467 1771 516 sel‘VUS
1801 476 2024 541 transfuga
2050 482 2147 527 exi-

152 547 298 592 steres.
361 544 481 603 Qiis
505 559 614 608 ergo
637 544 745 591 huic
767 543 1102 605 consuetudini,
1127 562 1214 610 qua
1230 560 1351 590 nunc
1374 546 1562 591 Graecis
1585 545 1837 594 actionibus
1857 566 1980 598 aures
2000 561 2147 607 curiae

153 625 468 685 exsurdantur,
497 627 679 689 januam
709 625 954 689 patefecit?
987 639 1040 672 ut
1070 626 1263 689 opinor,
1311 630 1356 651 ²0
1388 625 1528 672 Molo
1562 625 1753 687 rhetor,
1798 629 1879 691 qui
1907 629 2050 678 studia
2078 636 2150 680 M.

154 703 392 749 Ciceronis
421 702 556 748 acuit.

626 703 747 748 Eun]
781 718 974 766 namque
1003 714 1104 749 ante
1135 717 1289 747 omnes
1318 715 1574 749 exterarum
1597 707 1805 768 gentium
1827 707 1873 753 in
1895 706 2043 755 senatu
2065 710 2152 757 fine
2171 733 2251 763 Arm,
2275 733 2344 764 urb.

2171 778 2238 803 672.
2262 777 2332 805 Cic.

154 779 399 845 interprete
426 776 632 827 auditum
660 776 849 827 constat.
919 776 1077 839 Quem
1106 777 1328 825 honorem
1356 793 1450 829 non
1479 778 1711 830 immerito
1743 783 1892 850 cepit,
1939 786 2150 848 quoniam

255 1003 388 1018 ..--
413 1002 542 1014 --
558 979 620 1030 sed
633 981 797 1031 parcimus
812 978 909 1014 annis
922 1005 934 1022 ,

204 1036 441 1082 Donamusque
461 1032 564 1076 nefas.

157 1114 389 1153 PERIZO
405 1114 452 1150 N.
505 1113 631 1148 Domni
646 1113 817 1160 fita-vitati
837 1120 988 1151 tuentur
1016 1115 1122 1153 MSS.

156 1165 367 1215 quindecim
402 1165 440 1201 δε
469 1163 680 1200 vetustiores
709 1163 912 1207 editiones,
936 1165 1000 1203 nisi
1022 1167 1125 1216 quod

147 1218 323 1264 suavitati
352 1213 478 1250 domari
509 1214 617 1251 habet
647 1215 753 1262 Mog.
784 1226 861 1251 non
884 1214 1058 1254 dubitabis
1078 1230 1124 1255 an

158 1266 257 1304 redte
274 1265 391 1301 donari
407 1266 546 1314 legatur
559 1294 570 1309 ‚
588 1264 613 1300 sl
634 1265 891 1312 consuluerisJ.
906 1267 961 1303 Fr.
973 1269 1124 1306 Grono-

156 1318 261 1354 vium
286 1317 367 1354 Lib.
389 1329 449 1354 111.
473 1316 556 1354 Obs.
575 1328 633 1366 23.
666 1316 704 1353 &
724 1316 769 1353 L.
792 1327 844 1353 1v.
868 1316 914 1356 dc
934 1318 1019 1357 Pec.
1036 1321 1129 1358 Vet..

157 1367 199 1403 C.
221 1380 255 1416 9.

213 1445 267 1480 14.
295 1433 520 1470 Damnandus
539 1433 659 1483 rigoris
680 1434 790 1480 rustici
809 1434 958 1484 crimine]
984 1438 1130 1472 Crimine

159 1484 314 1532 superest
336 1513 345 1529 ,
383 1495 452 1521 nec
480 1484 703 1523 habeturin
732 1484 948 1524 Cauchiano
975 1486 1128 1533 codice,

2033 863 2152 912 sum-

1180 981 1228 1019 est
1254 983 1347 1032 quia,
1378 985 1516 1033 >Quod
1541 986 1678 1026 habent
1707 990 1817 1027 etiam
1841 1002 1972 1030 omnes
1992 1002 2075 1032 ante
2095 995 2149 1032 A·

1178 1032 1356 1072 scenfium
1379 1035 1580 1076 Edit-iones.
1608 1039 1739 1089 Ultraj.
1758 1042 1825 1078 sec.
1852 1043 1960 1080 laum.

1233 1085 1287 1121 16.
1325 1085 1512 1124 Numidicis
1538 1097 1583 1124 φ’
1614 1093 1820 1128 Germanicis
1849 1093 2009 1143 tropaeis]
2049 1095 2150 1134 Cum

1175 1134 1394 1182 Jugurtham
1408 1166 1418 1181 ‚
1432 1139 1627 1178 Teutonas
1647 1142 1684 1178 &
1706 1142 1877 1180 Cimbros
1898 1145 2067 1191 domuit,
2087 1147 2151 1184 de—

1177 1197 1250 1234 que
1270 1186 1404 1224 eisdem
1433 1189 1685 1239 triumphavit.
1711 1193 1905 1233 VORST.

1231 1249 1284 1282 17.
1315 1241 1484 1275 Deviflae
1504 1245 1616 1291 gentis
1634 1243 1795 1288 facundia
1819 1245 2025 1295 politiorem]
2064 1247 2148 1285 NO-

1175 1286 1242 1324 luit
1268 1289 1409 1326 Marius
1432 1290 1595 1338 linguam
1629 1294 1811 1332 Graecam
1852 1296 1985 1335 discere
1997 1313 2007 1340 ;
2045 1299 2150 1347 quod

1178 1337 1341 1384 diceret,
1368 1340 1563 1379 ridiculum
1591 1341 1659 1380 effe
1689 1357 1819 1383 eorum
1847 1346 1967 1385 literas
1992 1348 2150 1393 discere,

1179 1401 1342 1439 quorum
1374 1392 1530 1440 magistri
1563 1394 1747 1433 servirent.
1783 1397 1978 1435 VORST.
2050 1399 2151 1438 Inter

1180 1449 1351 1490 exce‘rpta
1382 1443 1552 1481 Gudiana
1583 1445 1661 1482 ΝΒ.
1689 1446 1822 1483 Tribuit
1843 1451 2017 1484 Germanis
2031 1453 2151 1495 facun-

1177 1489 1278 1528 diam.
1331 1493 1444 1540 Quasi
1473 1506 1538 1542 per
1566 1496 1742 1533 Deviffam
1762 1509 1896 1547 gentem
1924 1500 2152 1539 intellexifl'et

158 1535 377 1583 videturque
398 1536 442 1571 ab
472 1536 595 1584 aliquo
616 1534 863 1583 ludimagistro
892 1537 1066 1574 insertum
1087 1550 1131 1574 o-
1180 1543 1391 1581 Germanos
1416 1572 1426 1588 ‚
1469 1556 1554 1583 cum
1591 1558 1708 1586 nemo
1734 1561 1813 1586 non
1843 1549 1968 1587 videat
1999 1552 2152 1600 intelligi

158 1586 247 1633 peri.
285 1586 423 1622 PIGH.
475 1590 558 1625 Non
588 1601 619 1622 es
644 1584 848 1623 damnandus
876 1591 986 1635 rustici
1005 1592 1126 1639 rigoris

158 1639 301 1672 crimine.
328 1637 474 1684 Pighius
495 1638 671 1684 expunxit
688 1640 840 1681 crimina
861 1638 965 1687 quod
985 1640 1028 1675 ab
1050 1652 1136 1677 uno

159 1686 325 1736 quodam
358 1686 443 1723 cod.
472 1687 507 1724 id
537 1686 655 1725 abeffe
683 1689 847 1731 viderat,
874 1689 1052 1738 quodque
1071 1691 1135 1728 su-v

156 1748 383 1785 pervacuum
404 1736 467 1785 ipfi
487 1738 682 1776 videretur.
711 1739 781 1776 Sed
800 1739 937 1777 habent
955 1740 1041 1778 illud
1062 1754 1126 1778 ve-

153 1797 248 1825 teres
266 1788 362 1836 typis
380 1789 529 1836 expressi
550 1802 681 1827 omnes
692 1805 702 1833 ;
717 1791 919 1840 &uterque
936 1791 1026 1828 item
1041 1792 1126 1830 cod.

155 1839 236 1876 MS.
265 1838 442 1876 Brandeb.
471 1840 617 1878 Notum
642 1840 729 1878 illud
759 1841 972 1879 Ciceronis:
1000 1845 1038 1878 si
1057 1846 1125 1879 ini-

153 1904 238 1940 quus
259 1906 290 1926 es
309 1893 346 1926 in
364 1905 412 1925 me
425 1889 531 1939 judex
545 1919 554 1935 ‚
581 1890 793 1928 condemnabo
814 1892 919 1929 eodem
933 1906 990 1945 ego
1009 1906 1041 1930 te
1061 1898 1125 1930 cri-

153 1944 249 1978 mine.
300 1942 448 1979 Dicitur
476 1954 564 1991 ergo
591 1944 749 1980 omnino
777 1943 934 1981 damnare
964 1944 1023 1982 vel
1049 1960 1133 1982 con--

153 1991 305 2029 demum-e
320 1994 465 2030 crimine.
491 2005 580 2031 nam
602 1994 698 2032 casus
717 1994 778 2032 ille
801 1996 919 2033 sextus
936 1996 975 2033 in
994 1996 1124 2035 talibus

155 2041 315 2081 caussam
338 2045 516 2082 involvit..

152 2095 306 2137 crimine,
332 2094 483 2142 speciale
504 2095 584 2134 casu
602 2096 764 2134 secundo
784 2097 936 2135 additur.
964 2100 1018 2137 Ut
1036 2111 1124 2137 cum

153 2144 330 2182 hlartiah's
357 2146 428 2190 ait,
456 2150 645 2197 ,Arguitur
676 2150 786 2184 lentae
806 2152 940 2185 crimine
956 2151 1126 2201 pigritiae.

155 2193 274 2230 Item:
305 2201 395 2231 Uxor
412 2208 494 2240 tua,
519 2200 643 2242 Galle,
670 2210 807 2235 notatur
826 2199 1015 2237 Immodicae
1029 2201 1127 2248 foedo

153 2245 286 2281 crimine
302 2248 482 2282 avaritiae.
532 2247 632 2284 Vide
658 2247 681 2284 1.
710 2261 753 2285 11.
774 2250 867 2297 epig.
890 2251 947 2298 56.
975 2253 1013 2288 &
1033 2251 1056 2288 l.
1074 2264 1125 2289 XI.

155 2307 212 2343 ep.
236 2295 295 2332 80.
323 2296 371 2332 Et
389 2295 434 2332 ad
452 2297 551 2333 hunc
571 2297 729 2334 modum
758 2298 904 2335 locutus
924 2301 1036 2336 etiam
1055 2311 1126 2337 no-

151 2345 221 2382 ster
250 2345 307 2383 est.
363 2345 540 2382 Ceterum
570 2345 595 2382 fi
612 2348 744 2382 crimine
766 2347 811 2383 in.
822 2347 951 2385 talibus
977 2360 1056 2386 non
1082 2349 1125 2388 fit

151 2396 341 2439 additum,
377 2408 455 2433 non
486 2408 578 2445 opus
610 2394 681 2433 effe
708 2396 807 2434 idem
838 2397 1037 2442 subaudiri,
1063 2399 1123 2438 sed

149 2447 210 2484 vel
239 2446 351 2490 nihil,
377 2446 436 2484 vel
465 2446 563 2484 aliud
591 2446 767 2483 subaudiri
796 2446 897 2495 poffe
925 2449 1121 2489 docuimus

149 2510 184 2545 p.
219 2509 299 2546 175.
336 2499 374 2534 ὃς
399 2497 498 2547 seqq.
528 2496 638 2533 libelli
676 2497 722 2534 de
750 2498 952 2537 Latinitate
983 2502 1119 2540 merito

146 2548 233 2595 susp.
270 2548 470 2586 VORST.
518 2544 697 2585 ln'decore
723 2549 863 2596 prorsus
892 2551 1119 2600 &imperite

147 2598 295 2646 Pighius
315 2598 503 2647 expulerat
522 2600 675 2643 crimine,
702 2599 804 2648 quod
823 2601 934 2639 exstat
953 2603 991 2640 in
1010 2604 1119 2643 MSS.

144 2656 307 2698 quatuor
326 2651 363 2687 ὃς
376 2650 510 2698 viginti>
524 2661 566 2686 ac
587 2649 757 2687 omnibus
776 2650 907 2689 edd&
928 2652 947 2690 a
967 2655 1125 2693 nemine

144 2700 285 2748 saepius
307 2712 418 2749 quam
440 2700 461 2738 {1
479 2700 603 2737 nostro
621 2700 787 2738 Auctore
804 2701 896 2739 solet
915 2703 1008 2742 addi.
1055 2706 1114 2744 Sic

147 2750 193 2788 L.
211 2764 255 2788 11.
274 2763 309 2799 9.
322 2751 355 2788 6.
383 2753 526 2787 Crimine
545 2753 741 2787 temeritatis
762 2754 819 2788 ‘vel
832 2758 976 2803 periurii
996 2760 1120 2796 teneri..

147 2800 193 2838 L.
211 2814 263 2840 xv.
283 2814 315 2838 2.
336 2815 373 2851 9.
400 2803 468 2849 Qui
496 2804 605 2849 incesti
632 2805 764 2838 crimine
782 2800 803 2838 ἷι
831 2803 935 2841 tribus
957 2810 1111 2846 Lentulis

142 2855 320 2900 aecusatus.
349 2853 394 2890 L.
424 2865 477 2890 IV.
506 2853 540 2890 6.
562 2866 591 2890 1.
630 2856 673 2888 Et
696 2851 765 2888 diri
787 2854 873 2900 Ῑιιιῖἶί
901 2859 1035 2894 crimine
1048 2860 1110 2908 sub

144 2915 261 2951 nmgno
276 2901 383 2950 judice
402 2906 594 2951 accufiztum.
647 2903 841 2942 Tuebatur
857 2905 931 2945 hoc
951 2910 1064 2949 etiam
1090 2911 1111 2950 ὲ

143 2953 225 2990 MS.
243 2952 422 2991 Bafilienfi
440 2955 630 2993 Klokkius.

194 3024 250 3060 35.
277 3013 346 3066 Qu
358 3017 495 3067 gemina
514 3016 628 3070 lauro]
658 3017 701 3058 In
728 3023 976 3079 compluribus
1001 3026 1109 3069 MSS.

575 2045 723 2083 Deinde
748 2047 912 2095 generali
936 2047 1132 2087 vocabulo»

1180 1594 1362 1632 Graecos-
1416 1597 1478 1633 De
1507 1609 1668 1646 quorum
1696 1599 1819 1648 lingua
1845 1601 1885 1638 in
1911 1602 2152 1650 superioribus

1177 1653 1333 1692 egerat„
1352 1646 1490 1696 quique
1510 1656 1612 1685 erant
1635 1648 1779 1687 deviem
1796 1662 1904 1699 gens..

1231 1696 1288 1733 18.
1315 1699 1537 1748 „Alienigena
1563 1702 1689 1749 ingenii
1719 1702 1969 1752 exercitatione]
1999 1707 2154 1742 Alieni-

1169 1760 1293 1796 genam
1323 1751 1587 1786 exercitationem
1614 1758 1725 1788 vocat
1750 1761 1964 1798 externam,
1992 1760 2153 1804 peregri-

1175 1809 1275 1835 nam.
1327 1799 1387 1836 Sic
1418 1801 1456 1837 &
1473 1803 1661 1850 alienigena
1680 1806 1851 1852 exempla,
1877 1807 2064 1856 alienigena
2079 1811 2153 1854 flii--

1173 1847 1231 1885 dia
1253 1849 1355 1888 dixit.
1406 1850 1685 1903 Usurpaturque
1702 1854 1752 1892 ita
1771 1866 1847 1894 vox
1867 1865 1907 1894 ut
1925 1868 2068 1896 nomen
2088 1859 2154 1897 adu

1167 1899 1365 1948 jectivum.
1395 1902 1598 1942 VORST-

1229 1977 1286 2014 19.
1321 1965 1422 2003 Credo
1454 1983 1493 2004 ne
1520 1969 1709 2020 alienigena
1738 1972 1864 2021 ingenii
1893 1975 2150 2019 exercitatione,

1170 2019 1282 2064 patrii
1302 2019 1388 2053 ritus
1403 2020 1523 2067 servus
1553 2024 1731 2071 transfuga
1760 2021 1929 2070 existeres]
1960 2025 2057 2067 Cur,
2079 2028 2152 2073 Jer-

1175 2080 1241 2103 τω
1266 2069 1474 2119 ῑναηςριςζιι.)
1510 2082 1557 2108 an
1584 2083 1661 2109 non
1687 2073 1932 2121 transfugiunt
1959 2075 1997 2112 ὃς
2021 2075 2153 2113 liberi?

1177 2117 1279 2155 Bene
1302 2120 1464 2158 emendo
1477 2123 1572 2169 serus
1599 2126 1788 2175 transfuga.
1841 2124 1983 2168 Senex,
2010 2126 2153 2175 inquit,

1176 2175 1217 2205 tu
1234 2170 1357 2216 Mari,
1384 2171 1422 2208 δε
1443 2172 1522 2220 post
1549 2172 1710 2222 duplices
1739 2175 1946 2223 triumphos
1966 2176 2150 2215 Graecam

1175 2218 1341 2267 linguam
1371 2221 1508 2259 discere
1535 2223 1714 2271 sprevisti3
1744 2237 1792 2263 ne
1819 2226 1898 2263 sero
1917 2226 2018 2266 velut
2036 2236 2151 2265 trans-

1176 2269 1281 2315 fugio
1307 2278 1346 2307 te
1370 2273 1563 2320 canosque·
1580 2282 1665 2321 tuos
1693 2275 1961 2314 dehonestares.
2012 2278 2083 2316 Sed
2110 2282 2147 2316 ὃς

1173 2317 1264 2354 liber
1280 2327 1386 2356 vetus
1406 2321 1569 2366 austior,
1576 2326 1685 2372 patrii
1703 2327 1788 2362 ritus
1802 2334 1846 2361 <7
1863 2329 2008 2376 linguae.
2027 2330 2146 2366 LIPS.

1174 2371 1299 2405 Servus
1320 2373 1511 2422 transfuga.
1538 2372 1791 2413 Pulcherrime
1817 2378 1855 2414 ὃ(
1872 2379 2054 2416 verissime
2081 2380 2144 2416 Li—

1173 2417 1268 2466 pfius
1298 2422 1474 2459 emendat
1503 2424 1541 2460 &
1565 2425 1727 2473 supplet:
1756 2425 1858 2463 Credo
1890 2443 1929 2464 ne
1957 2431 2143 2478 αἰίεηιζιζωω

1172 2471 1299 2519 ingenii
1326 2475 1558 2510 exercitatione
1581 2478 1690 2524 patrii
1711 2479 1799 2513 ritus
1826 2486 1871 2513 Ψ
1894 2481 2025 2528 linguae
2045 2483 2140 2527 fi’rus

1170 2524 1348 2572 transfuga
1368 2525 1528 2570 existeres.
1558 2526 1751 2565 COLER.
1793 2530 1904 2565 Patrii
1924 2533 2007 2565 ritus
2018 2529 2141 2576 ''servm-

1168 2574 1359 2623 transfuga.
1388 2573 1443 2612 Ita
1471 2575 1568 2625 typis
1597 2579 1769 2626 expreffi,
1798 2580 1835 2616 ἃ
1864 2580 1967 2616 MSS.
1995 2591 2139 2617 omnes.

1171 2621 1241 2659 Sed
1261 2623 1444 2672 praeclare
1464 2629 1626 2676 conjecit
1639 2629 1780 2678 Lipfius
1799 2642 1864 2678 pro
1876 2632 1993 2677 servas
2012 2630 2140 2678 legen-

1168 2671 1259 2711 dum
1290 2673 1362 2712 effe
1375 2679 1483 2724 serus.
1534 2679 1590 2717 Ut
1614 2683 1723 2729 patrii
1743 2683 1827 2716 ritus
1845 2683 1938 2727 serus
1958 2684 2138 2731 transfuga

1161 2721 1204 2760 fit
1232 2725 1296 2774 qui
1321 2726 1400 2764 sero
1428 2729 1466 2766 δε
1494 2730 1532 2766 in
1558 2730 1743 2768 senecinte
1762 2730 1911 2766 demum
1933 2729 2043 2770 ritum
2068 2743 2134 2780 pau

1160 2775 1272 2813 trium
1292 2776 1475 2827 relinquit.
1527 2782 1681 2818 Monuit
1702 2781 1811 2817 etiam
1836 2778 1998 2827 Lipsius,
2025 2792 2129 2819 vete—

1159 2836 1239 2863 rem
1260 2829 1448 2877 quendam
1479 2831 1562 2869 cod.
1580 2843 1652 2868 una
1680 2841 1775 2867 voce
1801 2830 2004 2868 auftiorein
2034 2831 2128 2877 effe,

1159 2883 1200 2913 ut
1218 2877 1255 2914 in
1272 2890 1349 2928 quo
1367 2880 1538 2930 scriptum
1560 2881 1600 2918 fit
1606 2883 1713 2930 patrii
1731 2884 1816 2917 ritus
1829 2889 1872 2916 Θ
1886 2883 2028 2932 linguae.
2057 2884 2128 2920 At-

1160 2938 1234 2976 que
1262 2928 1311 2967 ita
1331 2930 1437 2979 plane
1465 2932 1502 2968 in
1523 2944 1598 2969 uno
1616 2943 1770 2982 quoque
1791 2931 1873 2969 cod.
1896 2932 2022 2969 Brand.
2043 2933 2126 2969 scri-

1160 2985 1265 3024 ptum
1286 2980 1454 3020 observo.
1481 2982 1675 3021 VORST.
1728 2982 1770 3019 In
1797 2983 1982 3030 Excerptis
2013 2982 2158 3033 Gudii,⁴

1158 3028 1343 3077 legebatur
1371 3034 1481 3073 etiam
1502 3062 1512 3080 ,
1559 3033 1792 3119 Forteplegas
1812 3036 1905 3080 striis
1934 3036 2135 3119 tiam-§fugai

1687 3095 1705 3118 x
1739 3094 1753 3131 Ξ
2004 3110 2011 3116 ,»
2032 3098 2129 3123 ertu}

2169 824 2203 844 in
2224 818 2308 846 Brut..
