<?xml version="1.0" encoding="UTF-8"?>
<!DOCTYPE html PUBLIC "-//W3C//DTD XHTML 1.0 Transitional//EN"
    "http://www.w3.org/TR/xhtml1/DTD/xhtml1-transitional.dtd">
<html xmlns="http://www.w3.org/1999/xhtml" xml:lang="en" lang="en">
 <head>
  <title>
</title>
<meta http-equiv="Content-Type" content="text/html;charset=utf-8" />
  <meta name='ocr-system' content='tesseract 3.04.00' />
  <meta name='ocr-capabilities' content='ocr_page ocr_carea ocr_par ocr_line ocrx_word'/>
</head>
<body>
  <div class='ocr_page' id='page_1' title='image "./librinovemfactor00valeuoft_0025.png"; bbox 0 0 2387 3421; ppageno 0'>
   <div class='ocr_carea' id='block_1_1' title="bbox 371 127 2052 189">
    <p class='ocr_par' dir='ltr' id='par_1_1' title="bbox 371 127 2052 189">
     <span class='ocr_line' id='line_1_1' title="bbox 371 127 2052 189; baseline 0.002 -3"><span class='ocrx_word' id='word_1_1' title='bbox 371 127 1106 186; x_wconf 86' lang='lat' dir='ltr'>DEDICATIONES</span> <span class='ocrx_word' id='word_1_2' title='bbox 1161 127 1279 181; x_wconf 88' lang='lat' dir='ltr'>ET</span> <span class='ocrx_word' id='word_1_3' title='bbox 1335 128 2052 189; x_wconf 88' lang='lat' dir='ltr'>PRAEFATIONES.</span> 
     </span>
    </p>
   </div>
   <div class='ocr_carea' id='block_1_2' title="bbox 159 253 2259 468">
    <p class='ocr_par' dir='ltr' id='par_1_2' title="bbox 159 253 2259 468">
     <span class='ocr_line' id='line_1_2' title="bbox 159 253 2259 363; baseline 0.006 -22"><span class='ocrx_word' id='word_1_4' title='bbox 159 259 552 341; x_wconf 83' lang='lat' dir='ltr'>ALDUS</span> <span class='ocrx_word' id='word_1_5' title='bbox 626 259 820 337; x_wconf 76' lang='lat' dir='ltr'>Ro.</span> <span class='ocrx_word' id='word_1_6' title='bbox 876 253 1343 363; x_wconf 84' lang='lat' dir='ltr'>JOANNI</span> <span class='ocrx_word' id='word_1_7' title='bbox 1406 259 2259 353; x_wconf 78' lang='lat' dir='ltr'>LUDBRANCK),</span> 
     </span>
     <span class='ocr_line' id='line_1_3' title="bbox 306 393 2103 468; baseline 0.002 -17"><span class='ocrx_word' id='word_1_8' title='bbox 306 395 654 452; x_wconf 90' lang='lat' dir='ltr'>POLONO</span> <span class='ocrx_word' id='word_1_9' title='bbox 710 393 1304 468; x_wconf 80' lang='lat' dir='ltr'>JURISPERITO,</span> <span class='ocrx_word' id='word_1_10' title='bbox 1378 393 1484 446; x_wconf 84' lang='lat' dir='ltr'>AC</span> <span class='ocrx_word' id='word_1_11' title='bbox 1553 395 2103 454; x_wconf 86' lang='lat' dir='ltr'>POSNANIENSI</span> 
     </span>
    </p>
   </div>
   <div class='ocr_carea' id='block_1_3' title="bbox 103 487 2316 624">
    <p class='ocr_par' dir='ltr' id='par_1_3' title="bbox 103 487 2316 624">
     <span class='ocr_line' id='line_1_4' title="bbox 103 487 2316 624; baseline 0 -19"><span class='ocrx_word' id='word_1_12' title='bbox 103 493 185 605; x_wconf 87' lang='lat' dir='ltr'><strong>E</strong></span> <span class='ocrx_word' id='word_1_13' title='bbox 385 489 712 598; x_wconf 90' lang='lat' dir='ltr'>Pl</span> <span class='ocrx_word' id='word_1_14' title='bbox 923 487 1297 597; x_wconf 84' lang='lat' dir='ltr'>SC</span> <span class='ocrx_word' id='word_1_15' title='bbox 1497 490 1615 600; x_wconf 87' lang='lat' dir='ltr'>O</span> <span class='ocrx_word' id='word_1_16' title='bbox 1820 492 1896 597; x_wconf 90' lang='lat' dir='ltr'>P</span> <span class='ocrx_word' id='word_1_17' title='bbox 2100 495 2316 624; x_wconf 87' lang='lat' dir='ltr'>O,</span> 
     </span>
    </p>
   </div>
   <div class='ocr_carea' id='block_1_4' title="bbox 209 646 2197 806">
    <p class='ocr_par' dir='ltr' id='par_1_4' title="bbox 209 646 2197 806">
     <span class='ocr_line' id='line_1_5' title="bbox 209 646 2197 737; baseline 0.001 -23"><span class='ocrx_word' id='word_1_18' title='bbox 209 648 812 737; x_wconf 41' lang='lat' dir='ltr'>,REGNIQUE</span> <span class='ocrx_word' id='word_1_19' title='bbox 886 646 1441 710; x_wconf 87' lang='lat' dir='ltr'>POLONIAE</span> <span class='ocrx_word' id='word_1_20' title='bbox 1510 652 1569 711; x_wconf 83' lang='lat' dir='ltr'>A</span> <span class='ocrx_word' id='word_1_21' title='bbox 1637 649 2197 716; x_wconf 86' lang='lat' dir='ltr'>CONSILIIS</span> 
     </span>
     <span class='ocr_line' id='line_1_6' title="bbox 956 750 1457 806; baseline 0 -1"><span class='ocrx_word' id='word_1_22' title='bbox 956 751 1010 805; x_wconf 88' lang='lat' dir='ltr'>S.</span> <span class='ocrx_word' id='word_1_23' title='bbox 1170 751 1234 806; x_wconf 90' lang='lat' dir='ltr'>P.</span> <span class='ocrx_word' id='word_1_24' title='bbox 1382 750 1457 805; x_wconf 88' lang='lat' dir='ltr'>D.</span> 
     </span>
    </p>
   </div>
   <div class='ocr_carea' id='block_1_5' title="bbox 108 853 2335 2095">
    <p class='ocr_par' dir='ltr' id='par_1_5' title="bbox 108 853 2335 2095">
     <span class='ocr_line' id='line_1_7' title="bbox 331 853 2323 919; baseline 0 -13"><span class='ocrx_word' id='word_1_25' title='bbox 331 864 337 872; x_wconf 84' lang='lat'>&#39;</span> <span class='ocrx_word' id='word_1_26' title='bbox 379 893 393 906; x_wconf 86' lang='lat'><strong>.</strong></span> <span class='ocrx_word' id='word_1_27' title='bbox 453 871 456 874; x_wconf 83' lang='grc'><em>·</em></span> <span class='ocrx_word' id='word_1_28' title='bbox 486 854 712 913; x_wconf 85' lang='lat' dir='ltr'>ICTA,</span> <span class='ocrx_word' id='word_1_29' title='bbox 748 872 800 901; x_wconf 86' lang='lat' dir='ltr'>ac</span> <span class='ocrx_word' id='word_1_30' title='bbox 834 853 950 900; x_wconf 65' lang='lat' dir='ltr'>faeta</span> <span class='ocrx_word' id='word_1_31' title='bbox 973 866 1231 898; x_wconf 82' lang='lat' dir='ltr'>memoratu</span> <span class='ocrx_word' id='word_1_32' title='bbox 1256 853 1420 916; x_wconf 84' lang='lat' dir='ltr'>digna,</span> <span class='ocrx_word' id='word_1_33' title='bbox 1455 870 1568 916; x_wconf 86' lang='lat' dir='ltr'>quae</span> <span class='ocrx_word' id='word_1_34' title='bbox 1592 855 1647 902; x_wconf 82' lang='lat' dir='ltr'>ab</span> <span class='ocrx_word' id='word_1_35' title='bbox 1672 855 1925 904; x_wconf 87' lang='lat' dir='ltr'>Illustribus</span> <span class='ocrx_word' id='word_1_36' title='bbox 1961 856 2010 903; x_wconf 87' lang='lat'>&amp;</span> <span class='ocrx_word' id='word_1_37' title='bbox 2032 857 2240 919; x_wconf 88' lang='lat' dir='ltr'>Latinis,</span> <span class='ocrx_word' id='word_1_38' title='bbox 2275 861 2323 908; x_wconf 64' lang='lat' dir='ltr'>Sc</span> 
     </span>
     <span class='ocr_line' id='line_1_8' title="bbox 330 916 2327 989; baseline 0.004 -26"><span class='ocrx_word' id='word_1_39' title='bbox 330 951 363 963; x_wconf 80' lang='grc'>..</span> <span class='ocrx_word' id='word_1_40' title='bbox 405 921 446 982; x_wconf 49' lang='lat' dir='ltr'>X»,</span> <span class='ocrx_word' id='word_1_41' title='bbox 484 920 672 967; x_wconf 87' lang='lat' dir='ltr'>Graecis</span> <span class='ocrx_word' id='word_1_42' title='bbox 692 919 832 964; x_wconf 63' lang='lat' dir='ltr'>electa</span> <span class='ocrx_word' id='word_1_43' title='bbox 853 916 1121 962; x_wconf 86' lang='lat' dir='ltr'>authoribus</span> <span class='ocrx_word' id='word_1_44' title='bbox 1156 917 1355 963; x_wconf 86' lang='lat' dir='ltr'>breviter</span> <span class='ocrx_word' id='word_1_45' title='bbox 1390 919 1603 981; x_wconf 89' lang='lat' dir='ltr'>quidem,</span> <span class='ocrx_word' id='word_1_46' title='bbox 1638 919 1709 965; x_wconf 87' lang='lat' dir='ltr'>sed</span> <span class='ocrx_word' id='word_1_47' title='bbox 1733 921 1961 985; x_wconf 82' lang='lat' dir='ltr'>eleganter</span> <span class='ocrx_word' id='word_1_48' title='bbox 1994 922 2166 989; x_wconf 88' lang='lat' dir='ltr'>delegit</span> <span class='ocrx_word' id='word_1_49' title='bbox 2189 925 2327 973; x_wconf 81' lang='lat' dir='ltr'>Vale-</span> 
     </span>
     <span class='ocr_line' id='line_1_9' title="bbox 295 981 2328 1047; baseline 0.004 -17"><span class='ocrx_word' id='word_1_50' title='bbox 295 981 343 1009; x_wconf 76' lang='lat'>¹“</span> <span class='ocrx_word' id='word_1_51' title='bbox 440 986 453 1032; x_wconf 82' lang='grc' dir='ltr'>Ξ</span> <span class='ocrx_word' id='word_1_52' title='bbox 489 987 605 1044; x_wconf 86' lang='lat' dir='ltr'>rius,</span> <span class='ocrx_word' id='word_1_53' title='bbox 641 998 723 1031; x_wconf 89' lang='lat' dir='ltr'>tuo</span> <span class='ocrx_word' id='word_1_54' title='bbox 749 983 872 1029; x_wconf 90' lang='lat' dir='ltr'>felici</span> <span class='ocrx_word' id='word_1_55' title='bbox 903 982 1089 1028; x_wconf 85' lang='lat' dir='ltr'>nomine</span> <span class='ocrx_word' id='word_1_56' title='bbox 1122 981 1241 1028; x_wconf 85' lang='lat' dir='ltr'>hisce</span> <span class='ocrx_word' id='word_1_57' title='bbox 1264 982 1426 1029; x_wconf 81' lang='lat' dir='ltr'>excusa</span> <span class='ocrx_word' id='word_1_58' title='bbox 1452 984 1574 1047; x_wconf 87' lang='lat' dir='ltr'>typis</span> <span class='ocrx_word' id='word_1_59' title='bbox 1599 986 1809 1031; x_wconf 80' lang='lat' dir='ltr'><strong>emittere</strong></span> <span class='ocrx_word' id='word_1_60' title='bbox 1831 1002 1887 1033; x_wconf 82' lang='lat' dir='ltr'>ex</span> <span class='ocrx_word' id='word_1_61' title='bbox 1914 988 2160 1036; x_wconf 87' lang='lat' dir='ltr'>Academia</span> <span class='ocrx_word' id='word_1_62' title='bbox 2178 990 2328 1039; x_wconf 82' lang='lat' dir='ltr'>nostra</span> 
     </span>
     <span class='ocr_line' id='line_1_10' title="bbox 128 1047 2326 1115; baseline 0.001 -13"><span class='ocrx_word' id='word_1_63' title='bbox 128 1102 130 1104; x_wconf 85' lang='grc'><strong>,</strong></span> <span class='ocrx_word' id='word_1_64' title='bbox 161 1103 164 1108; x_wconf 72' lang='grc'>,</span> <span class='ocrx_word' id='word_1_65' title='bbox 410 1062 448 1113; x_wconf 49' lang='grc' dir='ltr'><em>ξ</em></span> <span class='ocrx_word' id='word_1_66' title='bbox 486 1050 805 1097; x_wconf 87' lang='lat' dir='ltr'>constituimus</span> <span class='ocrx_word' id='word_1_67' title='bbox 828 1047 1031 1105; x_wconf 86' lang='lat' dir='ltr'>Praesul,</span> <span class='ocrx_word' id='word_1_68' title='bbox 1067 1048 1364 1111; x_wconf 81' lang='lat' dir='ltr'>optimeque,</span> <span class='ocrx_word' id='word_1_69' title='bbox 1401 1047 1448 1094; x_wconf 62' lang='grc' dir='ltr'>ὃς</span> <span class='ocrx_word' id='word_1_70' title='bbox 1472 1050 1707 1096; x_wconf 83' lang='lat' dir='ltr'>humaniff.</span> <span class='ocrx_word' id='word_1_71' title='bbox 1762 1051 1891 1098; x_wconf 83' lang='lat' dir='ltr'>Nam</span> <span class='ocrx_word' id='word_1_72' title='bbox 1916 1053 2027 1115; x_wconf 87' lang='lat' dir='ltr'>quid</span> <span class='ocrx_word' id='word_1_73' title='bbox 2051 1056 2326 1104; x_wconf 90' lang='lat' dir='ltr'>convenien-</span> 
     </span>
     <span class='ocr_line' id='line_1_11' title="bbox 126 1106 2327 1185; baseline 0.008 -34"><span class='ocrx_word' id='word_1_74' title='bbox 126 1124 157 1151; x_wconf 74' lang='lat'>.·</span> <span class='ocrx_word' id='word_1_75' title='bbox 196 1125 198 1129; x_wconf 94' lang='lat'>·</span> <span class='ocrx_word' id='word_1_76' title='bbox 219 1116 223 1119; x_wconf 57' lang='lat'><strong>⁴</strong></span> <span class='ocrx_word' id='word_1_77' title='bbox 245 1106 353 1169; x_wconf 68' lang='grc' dir='ltr'>Γ”-’,,-,ι</span> <span class='ocrx_word' id='word_1_78' title='bbox 387 1111 449 1167; x_wconf 55' lang='grc' dir='ltr'>’,ομ</span> <span class='ocrx_word' id='word_1_79' title='bbox 487 1117 752 1179; x_wconf 87' lang='lat' dir='ltr'>tius,quam</span> <span class='ocrx_word' id='word_1_80' title='bbox 775 1111 1284 1178; x_wconf 76' lang='lat' dir='ltr'>optima,&amp;utiliffima</span> <span class='ocrx_word' id='word_1_81' title='bbox 1305 1112 1381 1159; x_wconf 83' lang='lat' dir='ltr'>sub</span> <span class='ocrx_word' id='word_1_82' title='bbox 1398 1115 1566 1176; x_wconf 89' lang='lat' dir='ltr'>optimi</span> <span class='ocrx_word' id='word_1_83' title='bbox 1582 1115 1666 1160; x_wconf 88' lang='lat' dir='ltr'>viri</span> <span class='ocrx_word' id='word_1_84' title='bbox 1693 1117 2191 1184; x_wconf 80' lang='lat' dir='ltr'>nomine,&amp;ejus,qui</span> <span class='ocrx_word' id='word_1_85' title='bbox 2215 1138 2327 1185; x_wconf 90' lang='lat' dir='ltr'>pro-</span> 
     </span>
     <span class='ocr_line' id='line_1_12' title="bbox 481 1177 2328 1250; baseline 0.004 -24"><span class='ocrx_word' id='word_1_86' title='bbox 481 1181 598 1227; x_wconf 82' lang='lat' dir='ltr'>deffe</span> <span class='ocrx_word' id='word_1_87' title='bbox 628 1181 800 1244; x_wconf 82' lang='lat' dir='ltr'><strong>semper</strong></span> <span class='ocrx_word' id='word_1_88' title='bbox 828 1178 1027 1236; x_wconf 84' lang='lat' dir='ltr'>studeat,</span> <span class='ocrx_word' id='word_1_89' title='bbox 1064 1177 1325 1240; x_wconf 79' lang='lat' dir='ltr'>publicare?</span> <span class='ocrx_word' id='word_1_90' title='bbox 1361 1178 1535 1225; x_wconf 83' lang='lat' dir='ltr'>Valerii</span> <span class='ocrx_word' id='word_1_91' title='bbox 1565 1181 1686 1226; x_wconf 88' lang='lat' dir='ltr'>enim</span> <span class='ocrx_word' id='word_1_92' title='bbox 1714 1180 1841 1227; x_wconf 82' lang='lat' dir='ltr'>hasce</span> <span class='ocrx_word' id='word_1_93' title='bbox 1866 1182 2046 1247; x_wconf 82' lang='lat' dir='ltr'>eclogas</span> <span class='ocrx_word' id='word_1_94' title='bbox 2079 1186 2328 1250; x_wconf 84' lang='lat' dir='ltr'>exemplis,</span> 
     </span>
     <span class='ocr_line' id='line_1_13' title="bbox 108 1242 2325 1316; baseline 0.001 -20"><span class='ocrx_word' id='word_1_95' title='bbox 108 1250 157 1297; x_wconf 84' lang='lat'>&amp;</span> <span class='ocrx_word' id='word_1_96' title='bbox 179 1247 467 1295; x_wconf 83' lang='lat' dir='ltr'>documentis</span> <span class='ocrx_word' id='word_1_97' title='bbox 501 1246 610 1305; x_wconf 87' lang='lat' dir='ltr'>suis,</span> <span class='ocrx_word' id='word_1_98' title='bbox 648 1245 708 1291; x_wconf 79' lang='lat' dir='ltr'>sic</span> <span class='ocrx_word' id='word_1_99' title='bbox 741 1261 830 1308; x_wconf 87' lang='lat' dir='ltr'>ego</span> <span class='ocrx_word' id='word_1_100' title='bbox 863 1243 948 1289; x_wconf 84' lang='lat' dir='ltr'>esse</span> <span class='ocrx_word' id='word_1_101' title='bbox 983 1243 1114 1288; x_wconf 90' lang='lat' dir='ltr'>utiles</span> <span class='ocrx_word' id='word_1_102' title='bbox 1150 1242 1337 1299; x_wconf 81' lang='lat' dir='ltr'>censeo,</span> <span class='ocrx_word' id='word_1_103' title='bbox 1372 1256 1423 1288; x_wconf 90' lang='lat' dir='ltr'>ut</span> <span class='ocrx_word' id='word_1_104' title='bbox 1461 1257 1649 1306; x_wconf 87' lang='lat' dir='ltr'>putem,</span> <span class='ocrx_word' id='word_1_105' title='bbox 1682 1245 1781 1304; x_wconf 94' lang='lat' dir='ltr'>die,</span> <span class='ocrx_word' id='word_1_106' title='bbox 1828 1247 2060 1311; x_wconf 65' lang='lat' dir='ltr'>noctuque</span> <span class='ocrx_word' id='word_1_107' title='bbox 2093 1250 2325 1316; x_wconf 86' lang='lat' dir='ltr'>legendas:</span> 
     </span>
     <span class='ocr_line' id='line_1_14' title="bbox 108 1306 2329 1381; baseline 0.002 -21"><span class='ocrx_word' id='word_1_108' title='bbox 108 1313 233 1378; x_wconf 90' lang='lat' dir='ltr'>quod</span> <span class='ocrx_word' id='word_1_109' title='bbox 267 1311 455 1359; x_wconf 84' lang='lat' dir='ltr'>nesciam</span> <span class='ocrx_word' id='word_1_110' title='bbox 492 1327 548 1358; x_wconf 84' lang='lat' dir='ltr'>an</span> <span class='ocrx_word' id='word_1_111' title='bbox 571 1310 805 1374; x_wconf 82' lang='lat' dir='ltr'>quisquam</span> <span class='ocrx_word' id='word_1_112' title='bbox 830 1325 887 1355; x_wconf 82' lang='lat' dir='ltr'>ex</span> <span class='ocrx_word' id='word_1_113' title='bbox 903 1309 1081 1355; x_wconf 76' lang='lat' dir='ltr'>Latinis</span> <span class='ocrx_word' id='word_1_114' title='bbox 1117 1308 1241 1354; x_wconf 76' lang='lat' dir='ltr'>libris</span> <span class='ocrx_word' id='word_1_115' title='bbox 1262 1306 1470 1354; x_wconf 84' lang='lat' dir='ltr'>conferre</span> <span class='ocrx_word' id='word_1_116' title='bbox 1505 1322 1684 1356; x_wconf 86' lang='lat' dir='ltr'>tantum</span> <span class='ocrx_word' id='word_1_117' title='bbox 1718 1325 1852 1374; x_wconf 83' lang='lat' dir='ltr'>queat</span> <span class='ocrx_word' id='word_1_118' title='bbox 1875 1313 2167 1373; x_wconf 76' lang='lat' dir='ltr'>hominibu83</span> <span class='ocrx_word' id='word_1_119' title='bbox 2192 1329 2329 1381; x_wconf 84' lang='lat' dir='ltr'>atque</span> 
     </span>
     <span class='ocr_line' id='line_1_15' title="bbox 109 1372 2332 1440; baseline 0.001 -15"><span class='ocrx_word' id='word_1_120' title='bbox 109 1379 212 1425; x_wconf 93' lang='lat' dir='ltr'>ideo</span> <span class='ocrx_word' id='word_1_121' title='bbox 240 1391 293 1424; x_wconf 94' lang='lat' dir='ltr'>ut</span> <span class='ocrx_word' id='word_1_122' title='bbox 328 1376 618 1424; x_wconf 86' lang='lat' dir='ltr'>commodius</span> <span class='ocrx_word' id='word_1_123' title='bbox 656 1375 811 1422; x_wconf 85' lang='lat' dir='ltr'>haberi</span> <span class='ocrx_word' id='word_1_124' title='bbox 845 1375 892 1419; x_wconf 91' lang='lat' dir='ltr'>in</span> <span class='ocrx_word' id='word_1_125' title='bbox 927 1372 1133 1420; x_wconf 86' lang='lat' dir='ltr'>manibus</span> <span class='ocrx_word' id='word_1_126' title='bbox 1169 1372 1364 1436; x_wconf 86' lang='lat' dir='ltr'>poffint,</span> <span class='ocrx_word' id='word_1_127' title='bbox 1400 1373 1424 1420; x_wconf 75' lang='lat' dir='ltr'>a</span> <span class='ocrx_word' id='word_1_128' title='bbox 1448 1374 1580 1421; x_wconf 90' lang='lat' dir='ltr'>nobis</span> <span class='ocrx_word' id='word_1_129' title='bbox 1607 1375 1912 1423; x_wconf 86' lang='lat' dir='ltr'>enchiridium</span> <span class='ocrx_word' id='word_1_130' title='bbox 1946 1377 2117 1425; x_wconf 59' lang='lat' dir='ltr'>factum</span> <span class='ocrx_word' id='word_1_131' title='bbox 2152 1381 2241 1440; x_wconf 92' lang='lat' dir='ltr'>est,</span> <span class='ocrx_word' id='word_1_132' title='bbox 2276 1396 2332 1431; x_wconf 86' lang='lat' dir='ltr'>ut</span> 
     </span>
     <span class='ocr_line' id='line_1_16' title="bbox 109 1437 2332 1505; baseline 0.001 -14"><span class='ocrx_word' id='word_1_133' title='bbox 109 1444 324 1492; x_wconf 83' lang='lat' dir='ltr'>brevitati</span> <span class='ocrx_word' id='word_1_134' title='bbox 357 1443 531 1505; x_wconf 88' lang='lat' dir='ltr'>operis,</span> <span class='ocrx_word' id='word_1_135' title='bbox 567 1442 761 1504; x_wconf 79' lang='lat' dir='ltr'>parvitas</span> <span class='ocrx_word' id='word_1_136' title='bbox 796 1439 1043 1487; x_wconf 89' lang='lat' dir='ltr'>voluminis</span> <span class='ocrx_word' id='word_1_137' title='bbox 1080 1437 1382 1502; x_wconf 83' lang='lat' dir='ltr'>responderet.</span> <span class='ocrx_word' id='word_1_138' title='bbox 1451 1439 1529 1485; x_wconf 92' lang='lat' dir='ltr'>Te</span> <span class='ocrx_word' id='word_1_139' title='bbox 1554 1455 1663 1487; x_wconf 91' lang='lat' dir='ltr'>vero</span> <span class='ocrx_word' id='word_1_140' title='bbox 1687 1440 1735 1487; x_wconf 86' lang='lat'>&amp;</span> <span class='ocrx_word' id='word_1_141' title='bbox 1755 1441 1954 1505; x_wconf 90' lang='lat' dir='ltr'>probum</span> <span class='ocrx_word' id='word_1_142' title='bbox 1990 1443 2105 1501; x_wconf 83' lang='lat' dir='ltr'>effe,</span> <span class='ocrx_word' id='word_1_143' title='bbox 2131 1444 2179 1492; x_wconf 87' lang='lat'>&amp;</span> <span class='ocrx_word' id='word_1_144' title='bbox 2199 1463 2332 1494; x_wconf 91' lang='lat' dir='ltr'>com·</span> 
     </span>
     <span class='ocr_line' id='line_1_17' title="bbox 112 1504 2331 1576; baseline 0.001 -20"><span class='ocrx_word' id='word_1_145' title='bbox 112 1509 332 1566; x_wconf 87' lang='lat' dir='ltr'>modum,</span> <span class='ocrx_word' id='word_1_146' title='bbox 358 1524 464 1554; x_wconf 89' lang='lat' dir='ltr'>cum</span> <span class='ocrx_word' id='word_1_147' title='bbox 498 1507 623 1553; x_wconf 72' lang='lat' dir='ltr'>docti</span> <span class='ocrx_word' id='word_1_148' title='bbox 647 1521 803 1552; x_wconf 89' lang='lat' dir='ltr'>omnes</span> <span class='ocrx_word' id='word_1_149' title='bbox 828 1521 921 1551; x_wconf 89' lang='lat' dir='ltr'>uno</span> <span class='ocrx_word' id='word_1_150' title='bbox 945 1520 1023 1550; x_wconf 90' lang='lat' dir='ltr'>ore</span> <span class='ocrx_word' id='word_1_151' title='bbox 1058 1517 1149 1550; x_wconf 84' lang='lat' dir='ltr'>tam</span> <span class='ocrx_word' id='word_1_152' title='bbox 1177 1504 1351 1550; x_wconf 85' lang='lat' dir='ltr'>Patavii</span> <span class='ocrx_word' id='word_1_153' title='bbox 1372 1520 1507 1567; x_wconf 84' lang='lat' dir='ltr'>quam</span> <span class='ocrx_word' id='word_1_154' title='bbox 1534 1504 1742 1553; x_wconf 87' lang='lat' dir='ltr'>Venetiis</span> <span class='ocrx_word' id='word_1_155' title='bbox 1778 1507 2069 1569; x_wconf 85' lang='lat' dir='ltr'>praedicant,</span> <span class='ocrx_word' id='word_1_156' title='bbox 2103 1522 2204 1557; x_wconf 91' lang='lat' dir='ltr'>tum</span> <span class='ocrx_word' id='word_1_157' title='bbox 2239 1512 2331 1576; x_wconf 84' lang='lat' dir='ltr'>ipse</span> 
     </span>
     <span class='ocr_line' id='line_1_18' title="bbox 112 1569 2332 1633; baseline 0.002 -12"><span class='ocrx_word' id='word_1_158' title='bbox 112 1573 269 1621; x_wconf 88' lang='lat' dir='ltr'>multis</span> <span class='ocrx_word' id='word_1_159' title='bbox 301 1573 597 1619; x_wconf 76' lang='lat' dir='ltr'>animadverti</span> <span class='ocrx_word' id='word_1_160' title='bbox 635 1571 807 1629; x_wconf 91' lang='lat' dir='ltr'>modis,</span> <span class='ocrx_word' id='word_1_161' title='bbox 840 1569 888 1615; x_wconf 83' lang='lat'>&amp;</span> <span class='ocrx_word' id='word_1_162' title='bbox 910 1571 1154 1633; x_wconf 86' lang='lat' dir='ltr'>praecipue</span> <span class='ocrx_word' id='word_1_163' title='bbox 1189 1585 1296 1615; x_wconf 90' lang='lat' dir='ltr'>cum</span> <span class='ocrx_word' id='word_1_164' title='bbox 1334 1570 1381 1615; x_wconf 89' lang='lat' dir='ltr'>in</span> <span class='ocrx_word' id='word_1_165' title='bbox 1413 1570 1676 1633; x_wconf 87' lang='lat' dir='ltr'>hemicyclo</span> <span class='ocrx_word' id='word_1_166' title='bbox 1703 1573 1877 1618; x_wconf 86' lang='lat' dir='ltr'>Patavii</span> <span class='ocrx_word' id='word_1_167' title='bbox 1912 1575 1959 1619; x_wconf 90' lang='lat' dir='ltr'>in</span> <span class='ocrx_word' id='word_1_168' title='bbox 1993 1574 2213 1624; x_wconf 86' lang='lat' dir='ltr'>cubiculo</span> <span class='ocrx_word' id='word_1_169' title='bbox 2248 1590 2332 1625; x_wconf 91' lang='lat' dir='ltr'>tuo</span> 
     </span>
     <span class='ocr_line' id='line_1_19' title="bbox 111 1634 2331 1702; baseline 0.001 -16"><span class='ocrx_word' id='word_1_170' title='bbox 111 1639 285 1697; x_wconf 87' lang='lat' dir='ltr'>sedens,</span> <span class='ocrx_word' id='word_1_171' title='bbox 319 1654 426 1684; x_wconf 91' lang='lat' dir='ltr'>cum</span> <span class='ocrx_word' id='word_1_172' title='bbox 451 1637 499 1682; x_wconf 82' lang='lat'>&amp;</span> <span class='ocrx_word' id='word_1_173' title='bbox 523 1653 610 1700; x_wconf 86' lang='lat' dir='ltr'>ego</span> <span class='ocrx_word' id='word_1_174' title='bbox 637 1636 771 1682; x_wconf 80' lang='lat' dir='ltr'>effem</span> <span class='ocrx_word' id='word_1_175' title='bbox 797 1652 911 1693; x_wconf 84' lang='lat' dir='ltr'>una,</span> <span class='ocrx_word' id='word_1_176' title='bbox 948 1634 996 1680; x_wconf 64' lang='grc' dir='ltr'>ὃς</span> <span class='ocrx_word' id='word_1_177' title='bbox 1017 1634 1228 1697; x_wconf 77' lang='lat' dir='ltr'>Raphael</span> <span class='ocrx_word' id='word_1_178' title='bbox 1251 1634 1430 1698; x_wconf 84' lang='lat' dir='ltr'>Regius</span> <span class='ocrx_word' id='word_1_179' title='bbox 1457 1634 1633 1695; x_wconf 88' lang='lat' dir='ltr'>noster,</span> <span class='ocrx_word' id='word_1_180' title='bbox 1669 1636 1813 1683; x_wconf 87' lang='lat' dir='ltr'>homo</span> <span class='ocrx_word' id='word_1_181' title='bbox 1836 1637 1927 1684; x_wconf 91' lang='lat' dir='ltr'>fide</span> <span class='ocrx_word' id='word_1_182' title='bbox 1954 1638 2138 1702; x_wconf 90' lang='lat' dir='ltr'>plenus,</span> <span class='ocrx_word' id='word_1_183' title='bbox 2174 1641 2223 1689; x_wconf 86' lang='lat'>&amp;</span> <span class='ocrx_word' id='word_1_184' title='bbox 2245 1641 2331 1690; x_wconf 86' lang='lat' dir='ltr'>do-</span> 
     </span>
     <span class='ocr_line' id='line_1_20' title="bbox 109 1699 2333 1767; baseline 0.001 -15"><span class='ocrx_word' id='word_1_185' title='bbox 109 1705 279 1762; x_wconf 65' lang='lat' dir='ltr'>ctrina,</span> <span class='ocrx_word' id='word_1_186' title='bbox 315 1701 361 1748; x_wconf 59' lang='grc' dir='ltr'>ὃς</span> <span class='ocrx_word' id='word_1_187' title='bbox 384 1703 518 1766; x_wconf 86' lang='lat' dir='ltr'>pauci</span> <span class='ocrx_word' id='word_1_188' title='bbox 552 1700 800 1749; x_wconf 83' lang='lat' dir='ltr'>admodum</span> <span class='ocrx_word' id='word_1_189' title='bbox 835 1700 938 1759; x_wconf 90' lang='lat' dir='ltr'>alii,</span> <span class='ocrx_word' id='word_1_190' title='bbox 976 1699 1209 1763; x_wconf 87' lang='lat' dir='ltr'>pollicitus</span> <span class='ocrx_word' id='word_1_191' title='bbox 1243 1714 1287 1746; x_wconf 91' lang='lat' dir='ltr'>es</span> <span class='ocrx_word' id='word_1_192' title='bbox 1321 1713 1399 1746; x_wconf 90' lang='lat' dir='ltr'>tua</span> <span class='ocrx_word' id='word_1_193' title='bbox 1433 1701 1638 1763; x_wconf 89' lang='lat' dir='ltr'>quamvis</span> <span class='ocrx_word' id='word_1_194' title='bbox 1676 1717 1840 1766; x_wconf 86' lang='lat' dir='ltr'>magna</span> <span class='ocrx_word' id='word_1_195' title='bbox 1876 1703 2075 1767; x_wconf 86' lang='lat' dir='ltr'>impensa</span> <span class='ocrx_word' id='word_1_196' title='bbox 2106 1705 2161 1752; x_wconf 89' lang='lat' dir='ltr'>ad</span> <span class='ocrx_word' id='word_1_197' title='bbox 2182 1708 2333 1755; x_wconf 80' lang='lat' dir='ltr'>Dacas</span> 
     </span>
     <span class='ocr_line' id='line_1_21' title="bbox 111 1763 2335 1834; baseline 0.001 -17"><span class='ocrx_word' id='word_1_198' title='bbox 111 1769 249 1834; x_wconf 91' lang='lat' dir='ltr'>usque</span> <span class='ocrx_word' id='word_1_199' title='bbox 274 1768 456 1814; x_wconf 87' lang='lat' dir='ltr'>mittere</span> <span class='ocrx_word' id='word_1_200' title='bbox 487 1766 741 1815; x_wconf 80' lang='lat' dir='ltr'>inveniendi</span> <span class='ocrx_word' id='word_1_201' title='bbox 775 1766 999 1813; x_wconf 88' lang='lat' dir='ltr'>librorum</span> <span class='ocrx_word' id='word_1_202' title='bbox 1023 1766 1193 1829; x_wconf 82' lang='lat' dir='ltr'>gratia,</span> <span class='ocrx_word' id='word_1_203' title='bbox 1228 1763 1354 1828; x_wconf 91' lang='lat' dir='ltr'>quod</span> <span class='ocrx_word' id='word_1_204' title='bbox 1389 1763 1453 1811; x_wconf 89' lang='lat' dir='ltr'>ibi</span> <span class='ocrx_word' id='word_1_205' title='bbox 1487 1766 1781 1829; x_wconf 84' lang='lat' dir='ltr'>antiquorum</span> <span class='ocrx_word' id='word_1_206' title='bbox 1819 1767 2041 1816; x_wconf 87' lang='lat' dir='ltr'>librorum</span> <span class='ocrx_word' id='word_1_207' title='bbox 2075 1770 2205 1833; x_wconf 89' lang='lat' dir='ltr'>plena</span> <span class='ocrx_word' id='word_1_208' title='bbox 2239 1786 2335 1820; x_wconf 89' lang='lat' dir='ltr'>tur-</span> 
     </span>
     <span class='ocr_line' id='line_1_22' title="bbox 112 1828 2333 1899; baseline -0.003 -17"><span class='ocrx_word' id='word_1_209' title='bbox 112 1836 170 1883; x_wconf 93' lang='lat' dir='ltr'>ris</span> <span class='ocrx_word' id='word_1_210' title='bbox 204 1834 289 1882; x_wconf 84' lang='lat' dir='ltr'>effe</span> <span class='ocrx_word' id='word_1_211' title='bbox 324 1833 517 1879; x_wconf 77' lang='lat' dir='ltr'>dicatur.</span> <span class='ocrx_word' id='word_1_212' title='bbox 587 1831 801 1895; x_wconf 88' lang='lat' dir='ltr'>Amplius</span> <span class='ocrx_word' id='word_1_213' title='bbox 835 1829 1044 1878; x_wconf 88' lang='lat' dir='ltr'>addidisti</span> <span class='ocrx_word' id='word_1_214' title='bbox 1078 1828 1273 1895; x_wconf 88' lang='lat' dir='ltr'>teipsum</span> <span class='ocrx_word' id='word_1_215' title='bbox 1308 1846 1399 1889; x_wconf 89' lang='lat' dir='ltr'>eo,</span> <span class='ocrx_word' id='word_1_216' title='bbox 1438 1829 1469 1876; x_wconf 85' lang='lat' dir='ltr'>fi</span> <span class='ocrx_word' id='word_1_217' title='bbox 1505 1847 1621 1895; x_wconf 90' lang='lat' dir='ltr'>opus</span> <span class='ocrx_word' id='word_1_218' title='bbox 1657 1831 1793 1880; x_wconf 90' lang='lat' dir='ltr'>fuerit</span> <span class='ocrx_word' id='word_1_219' title='bbox 1815 1867 1829 1893; x_wconf 94' lang='lat'>,</span> <span class='ocrx_word' id='word_1_220' title='bbox 1874 1833 2205 1899; x_wconf 64' lang='lat' dir='ltr'>profecturum.</span> <span class='ocrx_word' id='word_1_221' title='bbox 2239 1839 2333 1885; x_wconf 84' lang='lat' dir='ltr'>uti-</span> 
     </span>
     <span class='ocr_line' id='line_1_23' title="bbox 112 1894 2334 1962; baseline 0.001 -14"><span class='ocrx_word' id='word_1_222' title='bbox 112 1916 215 1948; x_wconf 88' lang='lat' dir='ltr'>nam</span> <span class='ocrx_word' id='word_1_223' title='bbox 250 1899 319 1947; x_wconf 90' lang='lat' dir='ltr'>tui</span> <span class='ocrx_word' id='word_1_224' title='bbox 352 1897 602 1945; x_wconf 83' lang='lat' dir='ltr'>simillimos</span> <span class='ocrx_word' id='word_1_225' title='bbox 634 1898 857 1961; x_wconf 86' lang='lat' dir='ltr'>plurimos</span> <span class='ocrx_word' id='word_1_226' title='bbox 893 1895 1159 1943; x_wconf 86' lang='lat' dir='ltr'>haberemus</span> <span class='ocrx_word' id='word_1_227' title='bbox 1177 1894 1410 1943; x_wconf 86' lang='lat' dir='ltr'>antistites.</span> <span class='ocrx_word' id='word_1_228' title='bbox 1441 1897 1619 1960; x_wconf 86' lang='lat' dir='ltr'>optime</span> <span class='ocrx_word' id='word_1_229' title='bbox 1644 1898 1765 1944; x_wconf 91' lang='lat' dir='ltr'>enim</span> <span class='ocrx_word' id='word_1_230' title='bbox 1791 1913 2000 1962; x_wconf 84' lang='lat' dir='ltr'>ageretur</span> <span class='ocrx_word' id='word_1_231' title='bbox 2032 1901 2081 1947; x_wconf 85' lang='lat' dir='ltr'>in</span> <span class='ocrx_word' id='word_1_232' title='bbox 2113 1901 2334 1951; x_wconf 84' lang='lat' dir='ltr'>humanis.</span> 
     </span>
     <span class='ocr_line' id='line_1_24' title="bbox 178 1960 2334 2028; baseline 0.001 -16"><span class='ocrx_word' id='word_1_233' title='bbox 178 1966 261 2012; x_wconf 93' lang='lat' dir='ltr'>Tu</span> <span class='ocrx_word' id='word_1_234' title='bbox 295 1979 490 2027; x_wconf 89' lang='lat' dir='ltr'>namque</span> <span class='ocrx_word' id='word_1_235' title='bbox 522 1980 566 2011; x_wconf 91' lang='lat' dir='ltr'>es</span> <span class='ocrx_word' id='word_1_236' title='bbox 601 1962 887 2026; x_wconf 88' lang='lat' dir='ltr'>temporibus</span> <span class='ocrx_word' id='word_1_237' title='bbox 922 1961 1082 2009; x_wconf 86' lang='lat' dir='ltr'>nostris</span> <span class='ocrx_word' id='word_1_238' title='bbox 1118 1961 1374 2026; x_wconf 84' lang='lat' dir='ltr'>probitate,</span> <span class='ocrx_word' id='word_1_239' title='bbox 1407 1962 1568 2009; x_wconf 87' lang='lat' dir='ltr'>tertius</span> <span class='ocrx_word' id='word_1_240' title='bbox 1604 1960 1740 2011; x_wconf 86' lang='lat' dir='ltr'>Cato.</span> <span class='ocrx_word' id='word_1_241' title='bbox 1780 1965 1862 2011; x_wconf 90' lang='lat' dir='ltr'>Tu</span> <span class='ocrx_word' id='word_1_242' title='bbox 1897 1963 2119 2028; x_wconf 82' lang='lat' dir='ltr'>consilio,</span> <span class='ocrx_word' id='word_1_243' title='bbox 2142 1967 2334 2017; x_wconf 84' lang='lat' dir='ltr'>Nestor.</span> 
     </span>
     <span class='ocr_line' id='line_1_25' title="bbox 113 2027 1109 2095; baseline -0.005 -17"><span class='ocrx_word' id='word_1_244' title='bbox 113 2030 169 2078; x_wconf 89' lang='lat' dir='ltr'>de</span> <span class='ocrx_word' id='word_1_245' title='bbox 201 2047 294 2095; x_wconf 92' lang='lat' dir='ltr'>quo</span> <span class='ocrx_word' id='word_1_246' title='bbox 331 2030 652 2095; x_wconf 85' lang='lat' dir='ltr'>Agamemnon</span> <span class='ocrx_word' id='word_1_247' title='bbox 685 2027 806 2093; x_wconf 87' lang='lat' dir='ltr'>apud</span> <span class='ocrx_word' id='word_1_248' title='bbox 831 2029 1109 2075; x_wconf 90' lang='lat' dir='ltr'>Homerum.</span> 
     </span>
    </p>
   </div>
   <div class='ocr_carea' id='block_1_6' title="bbox 114 852 467 1180">
    <p class='ocr_par' dir='ltr' id='par_1_6' title="bbox 114 852 467 1180">
     <span class='ocr_line' id='line_1_26' title="bbox 114 852 467 1180; baseline 0 2241"><span class='ocrx_word' id='word_1_249' title='bbox 114 852 467 1180; x_wconf 95' lang='lat' dir='ltr'> </span> 
     </span>
    </p>
   </div>
   <div class='ocr_carea' id='block_1_7' title="bbox 614 2134 1681 2390">
    <p class='ocr_par' dir='ltr' id='par_1_7' title="bbox 614 2134 1681 2390">
     <span class='ocr_line' id='line_1_27' title="bbox 614 2134 1557 2203; baseline -0.002 -19"><span class='ocrx_word' id='word_1_250' title='bbox 614 2137 659 2184; x_wconf 65' lang='lat' dir='ltr'>A?</span> <span class='ocrx_word' id='word_1_251' title='bbox 691 2137 732 2196; x_wconf 48' lang='grc' dir='ltr'>’ᾗ</span> <span class='ocrx_word' id='word_1_252' title='bbox 756 2135 881 2184; x_wconf 59' lang='grc' dir='ltr'>Ζόΐῗτε</span> <span class='ocrx_word' id='word_1_253' title='bbox 913 2134 1039 2197; x_wconf 61' lang='grc' dir='ltr'>πάτερ</span> <span class='ocrx_word' id='word_1_254' title='bbox 1063 2140 1094 2201; x_wconf 61' lang='lat'>2}</span> <span class='ocrx_word' id='word_1_255' title='bbox 1124 2135 1290 2189; x_wconf 66' lang='grc' dir='ltr'>Αθηναίη</span> <span class='ocrx_word' id='word_1_256' title='bbox 1326 2139 1358 2203; x_wconf 60' lang='lat'>2}</span> <span class='ocrx_word' id='word_1_257' title='bbox 1397 2147 1557 2183; x_wconf 57' lang='grc' dir='ltr'>Αποῇκσν</span> 
     </span>
     <span class='ocr_line' id='line_1_28' title="bbox 615 2198 1644 2262; baseline -0.002 -13"><span class='ocrx_word' id='word_1_258' title='bbox 615 2208 766 2249; x_wconf 60' lang='lat' dir='ltr'>Tatii-ot</span> <span class='ocrx_word' id='word_1_259' title='bbox 803 2205 908 2249; x_wconf 65' lang='grc' dir='ltr'><strong><em>δέκα.</em></strong></span> <span class='ocrx_word' id='word_1_260' title='bbox 944 2222 1013 2262; x_wconf 80' lang='grc' dir='ltr'>μοι</span> <span class='ocrx_word' id='word_1_261' title='bbox 1046 2200 1337 2262; x_wconf 59' lang='grc' dir='ltr'>συφξρέδμονες</span> <span class='ocrx_word' id='word_1_262' title='bbox 1369 2198 1439 2246; x_wconf 66' lang='grc' dir='ltr'>εἷεν</span> <span class='ocrx_word' id='word_1_263' title='bbox 1475 2209 1644 2261; x_wconf 77' lang='grc' dir='ltr'>Λχοιιῶν</span> 
     </span>
     <span class='ocr_line' id='line_1_29' title="bbox 616 2265 1681 2327; baseline -0.001 -14"><span class='ocrx_word' id='word_1_264' title='bbox 616 2273 682 2327; x_wconf 71' lang='grc' dir='ltr'>Τῷ</span> <span class='ocrx_word' id='word_1_265' title='bbox 714 2286 756 2313; x_wconf 76' lang='grc' dir='ltr'>κε</span> <span class='ocrx_word' id='word_1_266' title='bbox 783 2268 882 2327; x_wconf 72' lang='grc' dir='ltr'>τάχ’</span> <span class='ocrx_word' id='word_1_267' title='bbox 915 2266 1071 2327; x_wconf 60' lang='grc' dir='ltr'>η’μόζεαε</span> <span class='ocrx_word' id='word_1_268' title='bbox 1107 2266 1224 2313; x_wconf 72' lang='grc' dir='ltr'>πάλις</span> <span class='ocrx_word' id='word_1_269' title='bbox 1258 2265 1468 2326; x_wconf 55' lang='grc' dir='ltr'>Πμάμοιο</span> <span class='ocrx_word' id='word_1_270' title='bbox 1500 2265 1681 2323; x_wconf 58' lang='grc' dir='ltr'>εἶναικἹΘ*</span> 
     </span>
     <span class='ocr_line' id='line_1_30' title="bbox 615 2328 1670 2390; baseline 0.005 -17"><span class='ocrx_word' id='word_1_271' title='bbox 615 2335 748 2389; x_wconf 68' lang='grc' dir='ltr'>Χερσὶν</span> <span class='ocrx_word' id='word_1_272' title='bbox 781 2333 848 2384; x_wconf 73' lang='grc' dir='ltr'>ὑφ’</span> <span class='ocrx_word' id='word_1_273' title='bbox 879 2333 1105 2390; x_wconf 61' lang='grc' dir='ltr'>ἡμετέρῃσιν</span> <span class='ocrx_word' id='word_1_274' title='bbox 1139 2328 1358 2387; x_wconf 50' lang='lat' dir='ltr'>angnia,</span> <span class='ocrx_word' id='word_1_275' title='bbox 1393 2332 1670 2390; x_wconf 74' lang='grc' dir='ltr'>περθομένητε.</span> 
     </span>
    </p>
   </div>
   <div class='ocr_carea' id='block_1_8' title="bbox 121 2432 2258 2501">
    <p class='ocr_par' dir='ltr' id='par_1_8' title="bbox 121 2432 2258 2501">
     <span class='ocr_line' id='line_1_31' title="bbox 121 2432 2258 2501; baseline 0.001 -14"><span class='ocrx_word' id='word_1_276' title='bbox 121 2440 202 2487; x_wconf 91' lang='lat' dir='ltr'>Tu</span> <span class='ocrx_word' id='word_1_277' title='bbox 231 2437 367 2485; x_wconf 82' lang='lat' dir='ltr'>etiam</span> <span class='ocrx_word' id='word_1_278' title='bbox 400 2436 569 2501; x_wconf 87' lang='lat' dir='ltr'>pietate</span> <span class='ocrx_word' id='word_1_279' title='bbox 590 2434 779 2481; x_wconf 77' lang='lat' dir='ltr'>Aeneas.</span> <span class='ocrx_word' id='word_1_280' title='bbox 812 2432 867 2479; x_wconf 91' lang='lat' dir='ltr'>de</span> <span class='ocrx_word' id='word_1_281' title='bbox 894 2449 988 2497; x_wconf 89' lang='lat' dir='ltr'>quo</span> <span class='ocrx_word' id='word_1_282' title='bbox 1010 2434 1155 2480; x_wconf 85' lang='lat' dir='ltr'>Poe&#39;ta</span> <span class='ocrx_word' id='word_1_283' title='bbox 1187 2433 1363 2493; x_wconf 90' lang='lat' dir='ltr'>noster,</span> <span class='ocrx_word' id='word_1_284' title='bbox 1401 2434 1654 2483; x_wconf 88' lang='lat' dir='ltr'>Homerica</span> <span class='ocrx_word' id='word_1_285' title='bbox 1688 2437 1800 2485; x_wconf 82' lang='lat' dir='ltr'>haec</span> <span class='ocrx_word' id='word_1_286' title='bbox 1832 2438 2061 2501; x_wconf 88' lang='lat' dir='ltr'>imitatus,</span> <span class='ocrx_word' id='word_1_287' title='bbox 2097 2440 2158 2489; x_wconf 84' lang='lat' dir='ltr'>fic</span> <span class='ocrx_word' id='word_1_288' title='bbox 2181 2444 2258 2490; x_wconf 73' lang='lat' dir='ltr'>ait⁴</span> 
     </span>
    </p>
   </div>
   <div class='ocr_carea' id='block_1_9' title="bbox 603 2540 1743 2736">
    <p class='ocr_par' dir='ltr' id='par_1_9' title="bbox 603 2540 1743 2736">
     <span class='ocr_line' id='line_1_32' title="bbox 612 2540 1505 2604; baseline 0 -17"><span class='ocrx_word' id='word_1_289' title='bbox 612 2543 661 2588; x_wconf 88' lang='lat' dir='ltr'>Si</span> <span class='ocrx_word' id='word_1_290' title='bbox 692 2543 771 2589; x_wconf 87' lang='lat' dir='ltr'>duo</span> <span class='ocrx_word' id='word_1_291' title='bbox 796 2551 1017 2602; x_wconf 79' lang='lat' dir='ltr'>praeterea</span> <span class='ocrx_word' id='word_1_292' title='bbox 1049 2543 1155 2588; x_wconf 84' lang='lat' dir='ltr'>tales</span> <span class='ocrx_word' id='word_1_293' title='bbox 1188 2540 1317 2588; x_wconf 86' lang='lat' dir='ltr'>Idaea</span> <span class='ocrx_word' id='word_1_294' title='bbox 1350 2544 1505 2604; x_wconf 78' lang='lat' dir='ltr'>tultffet</span> 
     </span>
     <span class='ocr_line' id='line_1_33' title="bbox 610 2603 1743 2669; baseline 0.004 -15"><span class='ocrx_word' id='word_1_295' title='bbox 610 2603 742 2654; x_wconf 77' lang='lat' dir='ltr'>Terra</span> <span class='ocrx_word' id='word_1_296' title='bbox 773 2610 919 2653; x_wconf 82' lang='lat' dir='ltr'>viros:</span> <span class='ocrx_word' id='word_1_297' title='bbox 951 2609 1061 2654; x_wconf 83' lang='lat' dir='ltr'>ultro</span> <span class='ocrx_word' id='word_1_298' title='bbox 1095 2605 1295 2653; x_wconf 77' lang='lat' dir='ltr'>Inachias</span> <span class='ocrx_word' id='word_1_299' title='bbox 1329 2610 1502 2669; x_wconf 72' lang='lat' dir='ltr'>‘vem&#39;ffet</span> <span class='ocrx_word' id='word_1_300' title='bbox 1534 2609 1594 2655; x_wconf 80' lang='lat' dir='ltr'>ad</span> <span class='ocrx_word' id='word_1_301' title='bbox 1624 2611 1743 2658; x_wconf 80' lang='lat' dir='ltr'>urbes</span> 
     </span>
     <span class='ocr_line' id='line_1_34' title="bbox 603 2672 1654 2736; baseline 0.001 -16"><span class='ocrx_word' id='word_1_302' title='bbox 603 2673 874 2720; x_wconf 78' lang='lat' dir='ltr'>Dardanus:</span> <span class='ocrx_word' id='word_1_303' title='bbox 908 2672 963 2724; x_wconf 66' lang='lat'>[9²</span> <span class='ocrx_word' id='word_1_304' title='bbox 987 2677 1117 2734; x_wconf 77' lang='lat' dir='ltr'>versts</span> <span class='ocrx_word' id='word_1_305' title='bbox 1148 2673 1304 2736; x_wconf 73' lang='lat' dir='ltr'>lugeret</span> <span class='ocrx_word' id='word_1_306' title='bbox 1327 2675 1504 2721; x_wconf 74' lang='lat' dir='ltr'>Graecia</span> <span class='ocrx_word' id='word_1_307' title='bbox 1524 2674 1654 2735; x_wconf 80' lang='lat' dir='ltr'>fatis.</span> 
     </span>
    </p>
   </div>
   <div class='ocr_carea' id='block_1_10' title="bbox 600 2738 1857 2866">
    <p class='ocr_par' dir='ltr' id='par_1_10' title="bbox 600 2738 1857 2866">
     <span class='ocr_line' id='line_1_35' title="bbox 605 2738 1857 2802; baseline 0.002 -18"><span class='ocrx_word' id='word_1_308' title='bbox 605 2738 831 2802; x_wconf 59' lang='lat' dir='ltr'>,Quidquid</span> <span class='ocrx_word' id='word_1_309' title='bbox 860 2738 973 2798; x_wconf 82' lang='lat' dir='ltr'>apud</span> <span class='ocrx_word' id='word_1_310' title='bbox 1002 2738 1131 2784; x_wconf 79' lang='lat' dir='ltr'>durae</span> <span class='ocrx_word' id='word_1_311' title='bbox 1173 2740 1368 2800; x_wconf 78' lang='lat' dir='ltr'>cefflztum</span> <span class='ocrx_word' id='word_1_312' title='bbox 1400 2739 1452 2800; x_wconf 85' lang='lat' dir='ltr'>est</span> <span class='ocrx_word' id='word_1_313' title='bbox 1485 2744 1642 2786; x_wconf 81' lang='lat' dir='ltr'>moenia</span> <span class='ocrx_word' id='word_1_314' title='bbox 1677 2741 1857 2801; x_wconf 78' lang='lat' dir='ltr'>Trojae:</span> 
     </span>
     <span class='ocr_line' id='line_1_36' title="bbox 600 2805 1686 2866; baseline 0.001 -16"><span class='ocrx_word' id='word_1_315' title='bbox 600 2805 822 2862; x_wconf 71' lang='lat' dir='ltr'>Heft&#39;oris,</span> <span class='ocrx_word' id='word_1_316' title='bbox 859 2806 1103 2865; x_wconf 79' lang='lat' dir='ltr'>Aeneaeque</span> <span class='ocrx_word' id='word_1_317' title='bbox 1138 2819 1265 2850; x_wconf 73' lang='lat' dir='ltr'>manu</span> <span class='ocrx_word' id='word_1_318' title='bbox 1294 2807 1472 2850; x_wconf 63' lang='lat' dir='ltr'>vifft&#39;oria</span> <span class='ocrx_word' id='word_1_319' title='bbox 1507 2806 1686 2866; x_wconf 61' lang='lat' dir='ltr'>ijdm</span> 
     </span>
    </p>
   </div>
   <div class='ocr_carea' id='block_1_11' title="bbox 601 2869 2328 3114">
    <p class='ocr_par' dir='ltr' id='par_1_11' title="bbox 601 2869 2328 3114">
     <span class='ocr_line' id='line_1_37' title="bbox 607 2869 1779 2932; baseline 0.003 -18"><span class='ocrx_word' id='word_1_320' title='bbox 607 2869 786 2929; x_wconf 83' lang='lat' dir='ltr'>Haestt,</span> <span class='ocrx_word' id='word_1_321' title='bbox 821 2869 874 2921; x_wconf 54' lang='grc' dir='ltr'>δέ</span> <span class='ocrx_word' id='word_1_322' title='bbox 896 2871 939 2914; x_wconf 85' lang='lat' dir='ltr'>in</span> <span class='ocrx_word' id='word_1_323' title='bbox 971 2869 1172 2915; x_wconf 80' lang='lat' dir='ltr'>decimum</span> <span class='ocrx_word' id='word_1_324' title='bbox 1204 2869 1376 2932; x_wconf 78' lang='lat' dir='ltr'>vestigia</span> <span class='ocrx_word' id='word_1_325' title='bbox 1409 2873 1575 2916; x_wconf 78' lang='lat' dir='ltr'>rettulit</span> <span class='ocrx_word' id='word_1_326' title='bbox 1608 2887 1779 2917; x_wconf 74' lang='lat' dir='ltr'>annum.</span> 
     </span>
     <span class='ocr_line' id='line_1_38' title="bbox 601 2934 1778 2999; baseline 0.003 -21"><span class='ocrx_word' id='word_1_327' title='bbox 601 2934 745 2979; x_wconf 84' lang='lat' dir='ltr'>Ambo</span> <span class='ocrx_word' id='word_1_328' title='bbox 767 2936 941 2992; x_wconf 79' lang='lat' dir='ltr'>animis,</span> <span class='ocrx_word' id='word_1_329' title='bbox 975 2935 1094 2982; x_wconf 83' lang='lat' dir='ltr'>ambo</span> <span class='ocrx_word' id='word_1_330' title='bbox 1113 2937 1279 2999; x_wconf 78' lang='lat' dir='ltr'>infignes</span> <span class='ocrx_word' id='word_1_331' title='bbox 1292 2935 1602 2997; x_wconf 82' lang='lat' dir='ltr'>praestantibus</span> <span class='ocrx_word' id='word_1_332' title='bbox 1622 2939 1754 2982; x_wconf 81' lang='lat' dir='ltr'>armis</span> <span class='ocrx_word' id='word_1_333' title='bbox 1764 2956 1778 2981; x_wconf 81' lang='lat'>.-</span> 
     </span>
     <span class='ocr_line' id='line_1_39' title="bbox 602 2998 1029 3060; baseline 0.007 -16"><span class='ocrx_word' id='word_1_334' title='bbox 602 2998 687 3045; x_wconf 86' lang='lat' dir='ltr'>Hic</span> <span class='ocrx_word' id='word_1_335' title='bbox 711 3000 872 3059; x_wconf 83' lang='lat' dir='ltr'>pietate</span> <span class='ocrx_word' id='word_1_336' title='bbox 897 3003 1029 3060; x_wconf 81' lang='lat' dir='ltr'>prior.</span> 
     </span>
     <span class='ocr_line' id='line_1_40' title="bbox 1559 3067 2328 3114; baseline 0.001 -1"><span class='ocrx_word' id='word_1_337' title='bbox 1559 3068 1585 3094; x_wconf 65' lang='lat'>’⁸</span> <span class='ocrx_word' id='word_1_338' title='bbox 2231 3067 2328 3114; x_wconf 79' lang='lat' dir='ltr'>Cu·</span> 
     </span>
    </p>
   </div>
  </div>
 </body>
</html>
