2516 3509
229 114 404 176 VAL.
446 110 638 167 MAX.
683 109 812 168 Lu.
853 110 956 168 IX.
1003 112 1145 170 CAP·
1186 110 1260 167 11.
1303 112 1409 168 DE
1451 112 1619 173 cau
1637 113 1899 172 DELIT.
1973 135 2086 192 799·

837 278 1192 334 CAPUT
1266 277 1343 330 II.

379 407 541 469 DE
638 404 1775 472 CRUDELITATE.

97 569 136 601 1.
170 552 226 598 L.
261 550 438 597 Cornelii
467 551 606 597 Sullae
638 550 738 596 dici.

91 633 136 666 2.
173 620 222 663 C.
255 616 404 661 Marii
437 613 527 677 Cos.
559 628 604 676 7.

93 698 134 747 3.
169 684 225 729 L.
257 682 388 740 Junii
424 680 673 742 Damastppi
698 691 768 739 pr.

90 768 136 811 4.
173 747 376 792 Munatii
412 746 562 790 Flacci.

231 811 274 856 E
310 826 343 856 x
379 826 410 856 T
452 826 482 854 Ε
519 825 554 855 R
592 823 628 854 N
662 823 691 855 o
728 823 764 855 R
798 823 832 853 U
871 820 924 854 M.

96 894 136 924 1.
174 875 588 937 Carthaginienssum.

92 959 135 989 2.
166 939 390 989 Annibalis
426 940 560 985 Poeni.

97 1024 137 1069 3.
174 1003 451 1051 Mithridatis
485 1004 602 1065 regis.

1113 562 1157 610 4,
1191 547 1538 594 Nurnulizinthis
1573 546 1779 595 Thraciae
1811 554 1932 613 regis.

1119 627 1158 672 5.
1197 613 1416 658 Ptolemaei
1450 612 1682 673 Physcontis
1715 616 1833 676 regis.

1116 685 1159 723 6.
1195 679 1329 722 Darii
1361 677 1467 723 Ochi
1503 678 1724 739 Persarum
1757 682 1876 743 regis.

1117 757 1163 804 7.
1199 745 1464 788 Artaxerxes
1496 744 1603 789 Ochi
1634 746 1750 805 regis.

1119 807 1159 853 8.
1201 807 1529 867 Athenienstum.

1119 887 1164 928 9.
1199 873 1343 917 Perilli
1377 874 1519 918 Siculi.

1126 949 1196 981 10.
1232 937 1516 994 Etruseorum.

1125 1014 1141 1044 1
1159 1014 1195 1046 ι.
1230 1000 1511 1065 Qoruna'am
1543 1002 1829 1049 barbarorum.

98 1142 109 1162 ¹
159 1135 358 1248 Haec
400 1129 584 1178 societas
628 1129 849 1179 vitiorum
893 1125 1041 1175 lascivi
1074 1127 1228 1175 vultus
1253 1161 1269 1187 ,
1319 1129 1368 1177 &
1403 1146 1548 1180 novae
1578 1130 1821 1195 cupiditati
1855 1134 2086 1182 inhaeren-

283 1214 402 1262 tium
436 1213 706 1272 oculorum,
744 1218 761 1239 ²
795 1227 851 1258 ac
880 1209 1076 1257 delicato
1110 1209 1240 1256 cultu
1273 1209 1526 1271 affluentis,
1559 1228 1730 1276 perque
1762 1215 1907 1261 varios
1942 1215 2092 1265 illece-

95 1297 280 1345 brarum
315 1305 468 1340 motus
499 1291 730 1341 volitantis
763 1291 916 1337 animi.
983 1287 1278 1335 crudelitatis
1310 1306 1417 1337 vero
1453 1290 1660 1338 horridus
1695 1292 1900 1352 habitus,
1938 1301 1955 1331 3
1993 1308 2090 1343 tru-

100 1374 283 1422 culenta
321 1371 518 1436 species,
554 1369 746 1418 violenti
778 1367 989 1432 spiritus,
1025 1383 1119 1414 vox
1154 1366 1389 1427 terribilis,
1432 1375 1453 1407 4
1484 1369 1638 1416 omnia
1667 1369 1800 1416 minis
1834 1370 2096 1422 &cruentis

99 1448 300 1514 imperiis
333 1448 520 1496 referta:
554 1447 630 1494 cui
664 1444 891 1493 filentium
924 1445 1089 1493 donare
1111 1480 1127 1506 ,
1171 1446 1504 1494 incrementum
1540 1448 1604 1495 est
1633 1448 1841 1512 adjicere.
1907 1453 2092 1499 Etenim

101 1542 238 1590 quem
274 1527 464 1574 modum
502 1525 583 1573 fibi
618 1523 708 1590 ipsa
742 1525 903 1572 statuet
923 1558 939 1584 ‚
984 1523 1016 1571 fi
1051 1539 1107 1570 ne
1139 1523 1435 1587 sugillationis
1469 1522 1653 1587 quidem
1689 1523 1823 1570 frenis
1857 1523 1992 1572 fuerit
2026 1542 2096 1572 re-

102 1606 298 1653 vocata?
336 1606 409 1652 Ad
443 1605 684 1664 summam,
718 1620 825 1651 cum
861 1618 996 1666 penes
1031 1602 1152 1649 illam
1186 1602 1241 1649 fit
1276 1603 1454 1661 timeri,
1489 1618 1624 1666 penes
1659 1618 1739 1649 nos
1774 1601 1829 1649 fit
1865 1603 2016 1650 odiffe.

167 1686 227 1733 L.
262 1685 412 1744 Sulla,
448 1700 584 1747 quem
623 1691 636 1721 5
675 1698 822 1746 neque
856 1681 1058 1741 laudare,
1094 1696 1241 1743 neque
1274 1682 1530 1744 vituperare
1560 1681 1793 1744 quisquam
1827 1679 1930 1728 satis
1959 1682 2096 1747 digne

2012 1782 2094 1829 PO-

155 1907 187 1932 ῐ.
216 1897 309 1931 Haec
322 1893 463 1942 societas
483 1893 645 1930 vitiorum
668 1899 741 1929 &a
767 1889 966 1940 volitantis]
990 1889 1074 1928 To·
1126 1888 1189 1925 cies
1209 1888 1351 1927 violenti
1362 1890 1506 1941 spiritus
1522 1918 1532 1934 ‚
1557 1903 1628 1927 vox
1647 1889 1808 1928 terribilis
1821 1919 1838 1934 ‚.
1857 1905 1913 1929 ora
1934 1892 2034 1930 minis
2052 1899 2098 1931 Θ

104 1954 141 1983 ta
164 1946 255 1982 haec
272 1945 446 1993 periodus
464 1945 502 1981 in
523 1943 631 1981 MSS.
646 1944 821 1981 cohaeret
842 1942 950 1990 capiti
972 1953 1074 1989 prae·
1127 1942 1269 1976 cruentis
1298 1943 1446 1987 imperiis
1474 1944 1609 1987 referta.
1637 1941 1776 1979 PIGH.
1803 1944 1836 1978 T
1831 1945 2000 1980 ruculenta
2017 1949 2097 1992 spe-

106 1996 254 2033 cedenti
274 2003 312 2032 ut
335 1995 510 2031 edebatur
537 2002 621 2031 ante
640 1994 835 2042 Pighium3
865 1993 928 2041 qui
960 1993 1071 2030 etiam
1126 1993 1202 2027 cies.
1228 1991 1374 2039 Pighius
1396 2003 1441 2029 ex
1462 1994 1546 2030 cod.
1562 1993 1693 2040 Camp.
1717 1993 1857 2030 mavult
1875 1993 1996 2043 legere
2013 1987 2095 2034 truc.

104 2047 183 2096 post
206 2047 349 2093 societas
370 2044 507 2082 delevit
538 2048 604 2091 est,
627 2043 836 2092 jubentibus
863 2044 938 2079 hoc
960 2043 1073 2080 etiam
1120 2043 1240 2086 facies.
1268 2042 1338 2079 Sed
1361 2042 1515 2081 alterum
1538 2044 1576 2080 ὃς
1597 2051 1738 2080 veteres
1767 2045 1863 2092 typis
1883 2045 2032 2094 expreffi
2054 2048 2092 2085 &

104 2096 232 2135 nostris
253 2095 359 2133 MSS.
384 2097 421 2132 &
442 2095 510 2132 Ed.
540 2096 648 2141 Mog.
1125 2091 1259 2129 Brand.
1297 2093 1404 2130 MSS.
1440 2093 1589 2131 habent.
1640 2094 1688 2131 Et
1724 2106 1861 2132 vocem
1890 2097 2012 2144 speciei
2049 2096 2094 2135 ad

156 2161 189 2186 2.
227 2153 294 2188 :Ac
313 2146 453 2182 delicato
483 2146 582 2182 vultu
614 2143 781 2193 affluentis
814 2154 937 2192 perque
962 2145 1075 2179 varios
1124 2143 1239 2191 ipsum
1269 2155 1423 2193 quoque
1450 2144 1614 2182 habitum
1644 2145 1751 2182 faciei
1776 2146 1904 2184 referri
1923 2147 2012 2197 quid
2030 2159 2095 2185 ve-

104 2198 333 2236 illecebrarum
361 2208 468 2233 motus
495 2197 672 2231 volitantis
701 2193 824 2243 animi]
870 2194 912 2230 In
942 2206 1073 2232 manu-
1123 2191 1411 2232 tat?VORST.
1433 2197 1579 2242 Species,
1599 2204 1779 2244 quantum
1801 2196 1936 2241 video,
1961 2209 2092 2236 omnes

103 2250 240 2299 scriptis
265 2249 359 2285 haec
389 2246 586 2284 correffius
617 2247 688 2289 ita,
715 2249 782 2286 esic
806 2244 948 2281 delicato
979 2247 1071 2281 cultu
1123 2244 1230 2281 MSS.
1263 2246 1475 2292 praeferunt
1485 2260 1501 2289 :-
1528 2245 1573 2283 de
1602 2245 1852 2285 Parifienfibus
1882 2256 2009 2286 tamen
2038 2250 2092 2287 ni-

104 2301 281 2350 affluente,
313 2311 369 2345 per
393 2299 505 2333 νανίοε
524 2296 752 2333 illecebrarum
766 2308 872 2331 motus
891 2297 1071 2332 volitantis

105 2354 225 2388 animi.
252 2349 392 2387 PIGH.
420 2349 578 2384 Delicato
597 2349 687 2383 cultu
712 2346 889 2396 affluentis.
924 2346 1071 2394 Pighius

107 2404 198 2440 cultu
217 2398 389 2448 rescripsit
418 2411 484 2448 pro
507 2400 616 2434 vultu.
669 2399 813 2435 Verum
844 2409 906 2434 cur
928 2408 995 2445 pro
1015 2400 1070 2444 af-

104 2455 239 2500 fluentis
261 2451 433 2488 scriberet
446 2449 598 2498 affluente
612 2477 621 2492 ,
649 2449 751 2487 causa
772 2459 849 2486 non
871 2456 956 2485 erat.
979 2448 1070 2486 Non

108 2505 181 2553 ipse
208 2502 384 2540 delicatus
412 2501 528 2539 cultus
557 2499 693 2548 affluens
714 2514 724 2542 ;
760 2499 818 2537 sed
847 2500 989 2536 animus
1018 2498 1070 2535 de-

106 2559 207 2592 licato
241 2554 330 2589 cultu
370 2552 506 2602 affluens
543 2551 675 2588 dicitur
704 2550 870 2588 Valerio.
926 2550 967 2587 In
992 2561 1070 2588 uno

110 2606 194 2644 cod.
221 2603 351 2641 Brand.
373 2604 505 2652 legitur
527 2601 717 2639 manifeste
744 2602 884 2638 delicato
913 2602 1004 2638 cultu
1020 2604 1076 2647 af-

102 2657 265 2706 fluentis;
289 2655 327 2692 δί
347 2655 508 2702 sequitur
521 2665 665 2704 perque:
690 2661 732 2690 ut
752 2653 809 2690 vel
829 2665 874 2689 ex
897 2652 1075 2700 copulati-

110 2721 156 2746 va
176 2704 307 2755 syllaba
329 2719 389 2754 que
412 2712 608 2753 appareat,
628 2703 794 2752 affluentis
819 2715 904 2741 cum
921 2704 1073 2752 sequen-

109 2769 148 2797 te
175 2759 354 2795 volitantis
375 2756 455 2792 casu
484 2766 687 2803 congruere
707 2754 850 2792 debere.
876 2754 1071 2793 VORST.

109 2813 212 2847 Cultu
239 2806 345 2844 MSS.
373 2814 526 2847 omnes,
551 2807 641 2844 item
663 2806 770 2854 Mog.

158 2873 192 2910 3.
217 2858 416 2895 Truculenta
427 2858 548 2905 species
561 2885 576 2901 ,.
598 2858 742 2893 violenti
757 2856 899 2906 spiritus
917 2870 985 2892 vox
1001 2866 1071 2893 ter*-

106 2911 217 2949 ribalis
231 2938 241 2955 ‚
269 2909 379 2944 omm'a
407 2909 507 2944 minis
525 2916 571 2944 φ’
592 2908 733 2944 cruentis
753 2908 898 2957 imperiis
925 2907 1073 2957 referta]

110 2958 428 3009 Prosopographia
459 2957 508 2996 est
535 2958 765 2996 crudelitatis.
802 2958 972 3006 praefero
1003 2959 1071 2997 ita·

108 3026 181 3064 que
200 3008 413 3060 Campensis
437 3008 517 3048 libri
544 3009 744 3049 leffiionem
760 3039 769 3055 ,
792 3012 825 3046 T
820 3010 989 3049 rusulum
1010 3012 1070 3057 fa-

1121 2294 1176 2333 hil'
1200 2294 1370 2333 adfirmo.

1172 2357 1206 2391 4.
1242 2348 1363 2382 Omnia
1391 2347 1490 2383 minis
1518 2354 1565 2384 <9⁹
1594 2349 1736 2384 cruentis
1764 2349 1912 2399 imperiis
1946 2349 2085 2398 referta]

1121 2395 1229 2433 Malo
1254 2396 1376 2445 legere
1403 2399 1535 2442 omnia,
1579 2406 1620 2436 ut
1649 2408 1792 2438 veteres
1819 2401 1913 2449 typis
1938 2400 2085 2447 expressi

1123 2448 1161 2484 ὃς
1181 2447 1360 2485 Brandeb.
1391 2449 1499 2486 MSS.
1529 2449 1688 2494 habent,
1721 2463 1834 2501 quam
1864 2459 1902 2488 ut
1934 2462 1977 2487 ex
2006 2462 2081 2487 uno

1124 2497 1257 2546 Camp.
1290 2499 1437 2548 Pighius
1467 2499 1624 2548 scripfit,
1652 2515 1720 2538 ora.
1751 2500 1938 2538 VORST.
1963 2502 2084 2536 Omnia

1121 2548 1259 2587 habent
1286 2551 1399 2588 etiam
1428 2562 1448 2588 e
1474 2551 1603 2588 nostris
1632 2551 1743 2599 longe
1779 2550 1933 2599 plurimi.
1987 2550 2082 2587 Tres

1127 2600 1237 2647 paulo
1265 2608 1349 2639 ante
1379 2601 1546 2638 violemus
1567 2604 1728 2651 spiritus:
1755 2613 1821 2649 pro
1850 2601 1966 2636 etenim
1992 2611 2086 2638 unus

1126 2651 1258 2700 Ultraj.
1285 2653 1322 2691 δί
1343 2652 1453 2691 Leid.
1479 2653 1568 2692 duo.
1598 2655 1777 2690 Enimvero.
1803 2651 1878 2688 duo
1907 2649 1965 2687 alii
1990 2665 2085 2700 quem

1124 2717 1222 2741 enlm·

1176 2767 1209 2802 ς.
1236 2757 1360 2804 Neque
1385 2752 1542 2803 laudare]
1570 2751 1776 2790 P'aterculus
1795 2749 1885 2788 libro
1907 2751 2082 2790 secundo.

1124 2808 1165 2842 L.
1191 2808 1362 2842 Cornelius
1381 2806 1503 2849 Sulla,
1530 2805 1604 2844 vir,
1631 2804 1690 2852 qui
1712 2815 1814 2851 neque
1843 2801 1887 2838 ad
1899 2803 2003 2849 finem
2024 2806 2080 2838 vi.

1121 2855 1243 2893 &oriae
1263 2857 1354 2904 fiatis
1375 2856 1529 2898 laudari,
1556 2867 1658 2902 neque
1678 2855 1750 2900 post
1781 2854 1956 2890 vic‘loriam
1975 2855 2080 2891 abun·

1118 2905 1159 2942 de
1186 2909 1375 2955 vituperari
1391 2909 1506 2957 potest.
1532 2903 1723 2942 COLER.

1171 2958 1206 2996 6.
1235 2961 1330 2995 Dum
1355 2959 1485 3008 quaerit
1512 2955 1671 2992 vifforias
1692 2981 1703 2998 ,
1737 2954 1919 3002 Sripionem
1939 2958 1980 3002 se
2001 2965 2076 3002 pop.

1118 3012 1212 3059 Rom.
1230 3008 1306 3047 dum
1324 3019 1469 3054 exercet,
1492 3003 1716 3051 winnibalem·
1725 3004 2004 3055 repraesentavit]
2035 3005 2075 3041 lii

1968 3055 2082 3092 Cain*
