<?xml version="1.0" encoding="UTF-8"?>
<!DOCTYPE html PUBLIC "-//W3C//DTD XHTML 1.0 Transitional//EN"
    "http://www.w3.org/TR/xhtml1/DTD/xhtml1-transitional.dtd">
<html xmlns="http://www.w3.org/1999/xhtml" xml:lang="en" lang="en">
 <head>
  <title>
</title>
<meta http-equiv="Content-Type" content="text/html;charset=utf-8" />
  <meta name='ocr-system' content='tesseract 3.04.00' />
  <meta name='ocr-capabilities' content='ocr_page ocr_carea ocr_par ocr_line ocrx_word'/>
</head>
<body>
  <div class='ocr_page' id='page_1' title='image "./librinovemfactor00valeuoft_0781.png"; bbox 0 0 2516 3509; ppageno 0'>
   <div class='ocr_carea' id='block_1_1' title="bbox 0 2738 22 3509">
    <p class='ocr_par' dir='ltr' id='par_1_1' title="bbox 0 2738 22 3509">
     <span class='ocr_line' id='line_1_1' title="bbox 0 2738 22 3509; baseline 0 0"><span class='ocrx_word' id='word_1_1' title='bbox 0 2738 22 3509; x_wconf 95' lang='lat' dir='ltr'> </span> 
     </span>
    </p>
   </div>
   <div class='ocr_carea' id='block_1_2' title="bbox 302 116 2143 202">
    <p class='ocr_par' dir='ltr' id='par_1_2' title="bbox 302 116 2143 202">
     <span class='ocr_line' id='line_1_2' title="bbox 302 116 2143 202; baseline 0.005 -26"><span class='ocrx_word' id='word_1_2' title='bbox 302 119 433 176; x_wconf 90' lang='lat' dir='ltr'>DE</span> <span class='ocrx_word' id='word_1_3' title='bbox 508 116 958 174; x_wconf 89' lang='lat' dir='ltr'>STUDIO</span> <span class='ocrx_word' id='word_1_4' title='bbox 1040 117 1173 174; x_wconf 92' lang='lat' dir='ltr'>ET</span> <span class='ocrx_word' id='word_1_5' title='bbox 1247 118 1943 183; x_wconf 87' lang='lat' dir='ltr'>INDUSTRIA.</span> <span class='ocrx_word' id='word_1_6' title='bbox 2031 144 2143 202; x_wconf 89' lang='lat'>727</span> 
     </span>
    </p>
   </div>
   <div class='ocr_carea' id='block_1_3' title="bbox 129 218 2136 617">
    <p class='ocr_par' dir='ltr' id='par_1_3' title="bbox 129 218 2136 449">
     <span class='ocr_line' id='line_1_3' title="bbox 129 218 2135 290; baseline 0.003 -16"><span class='ocrx_word' id='word_1_7' title='bbox 129 225 375 287; x_wconf 84' lang='lat' dir='ltr'>liffirnaque</span> <span class='ocrx_word' id='word_1_8' title='bbox 421 218 587 268; x_wconf 86' lang='lat' dir='ltr'><strong>discere</strong></span> <span class='ocrx_word' id='word_1_9' title='bbox 631 218 677 266; x_wconf 93' lang='lat' dir='ltr'>id</span> <span class='ocrx_word' id='word_1_10' title='bbox 713 220 1004 286; x_wconf 88' lang='lat' dir='ltr'>cupientibus</span> <span class='ocrx_word' id='word_1_11' title='bbox 1047 233 1344 270; x_wconf 86' lang='lat' dir='ltr'>monumenta</span> <span class='ocrx_word' id='word_1_12' title='bbox 1380 225 1655 290; x_wconf 87' lang='lat' dir='ltr'>composuit.</span> <span class='ocrx_word' id='word_1_13' title='bbox 1725 231 1854 278; x_wconf 89' lang='lat' dir='ltr'>Nam</span> <span class='ocrx_word' id='word_1_14' title='bbox 1899 244 1953 280; x_wconf 94' lang='lat' dir='ltr'>ut</span> <span class='ocrx_word' id='word_1_15' title='bbox 1987 231 2135 282; x_wconf 92' lang='lat' dir='ltr'>senem</span> 
     </span>
     <span class='ocr_line' id='line_1_4' title="bbox 129 297 2136 381; baseline 0.003 -24"><span class='ocrx_word' id='word_1_16' title='bbox 129 310 260 357; x_wconf 87' lang='lat' dir='ltr'>illum</span> <span class='ocrx_word' id='word_1_17' title='bbox 294 316 478 363; x_wconf 82' lang='lat' dir='ltr'>natura,</span> <span class='ocrx_word' id='word_1_18' title='bbox 515 301 559 330; x_wconf 83' lang='lat'>¹⁶</span> <span class='ocrx_word' id='word_1_19' title='bbox 595 297 783 351; x_wconf 84' lang='lat' dir='ltr'>caecum</span> <span class='ocrx_word' id='word_1_20' title='bbox 818 305 1003 352; x_wconf 85' lang='lat' dir='ltr'>fortuna</span> <span class='ocrx_word' id='word_1_21' title='bbox 1036 304 1183 352; x_wconf 81' lang='lat' dir='ltr'>facere</span> <span class='ocrx_word' id='word_1_22' title='bbox 1221 307 1378 370; x_wconf 89' lang='lat' dir='ltr'>potuit</span> <span class='ocrx_word' id='word_1_23' title='bbox 1400 340 1418 366; x_wconf 76' lang='lat'>,</span> <span class='ocrx_word' id='word_1_24' title='bbox 1464 311 1527 357; x_wconf 84' lang='lat' dir='ltr'>ita</span> <span class='ocrx_word' id='word_1_25' title='bbox 1562 325 1719 360; x_wconf 84' lang='lat' dir='ltr'>neutra</span> <span class='ocrx_word' id='word_1_26' title='bbox 1771 320 1805 348; x_wconf 88' lang='lat'>¹⁷</span> <span class='ocrx_word' id='word_1_27' title='bbox 1852 315 2136 381; x_wconf 87' lang='lat' dir='ltr'>interpellare</span> 
     </span>
     <span class='ocr_line' id='line_1_5' title="bbox 129 383 1298 449; baseline -0.001 -16"><span class='ocrx_word' id='word_1_28' title='bbox 129 384 296 446; x_wconf 86' lang='lat' dir='ltr'>valuit,</span> <span class='ocrx_word' id='word_1_29' title='bbox 331 399 388 431; x_wconf 92' lang='lat' dir='ltr'>ne</span> <span class='ocrx_word' id='word_1_30' title='bbox 423 400 516 430; x_wconf 89' lang='lat' dir='ltr'>non</span> <span class='ocrx_word' id='word_1_31' title='bbox 548 384 699 430; x_wconf 83' lang='lat' dir='ltr'>anim-0</span> <span class='ocrx_word' id='word_1_32' title='bbox 733 383 782 430; x_wconf 87' lang='lat'>&amp;</span> <span class='ocrx_word' id='word_1_33' title='bbox 818 384 990 432; x_wconf 84' lang='lat' dir='ltr'>videret</span> <span class='ocrx_word' id='word_1_34' title='bbox 1024 384 1071 431; x_wconf 57' lang='grc' dir='ltr'>ἃ</span> <span class='ocrx_word' id='word_1_35' title='bbox 1107 387 1298 449; x_wconf 78' lang='lat' dir='ltr'><strong>vigeret.</strong></span> 
     </span>
    </p>

    <p class='ocr_par' dir='ltr' id='par_1_4' title="bbox 130 465 2134 617">
     <span class='ocr_line' id='line_1_6' title="bbox 201 465 2133 534; baseline 0.001 -20"><span class='ocrx_word' id='word_1_36' title='bbox 201 465 245 495; x_wconf 76' lang='lat'>¹3</span> <span class='ocrx_word' id='word_1_37' title='bbox 280 465 469 514; x_wconf 87' lang='lat' dir='ltr'>Publius</span> <span class='ocrx_word' id='word_1_38' title='bbox 503 482 612 513; x_wconf 90' lang='lat' dir='ltr'>vero</span> <span class='ocrx_word' id='word_1_39' title='bbox 647 465 854 526; x_wconf 82' lang='lat' dir='ltr'>senator,</span> <span class='ocrx_word' id='word_1_40' title='bbox 898 465 945 513; x_wconf 63' lang='grc' dir='ltr'>ὃς</span> <span class='ocrx_word' id='word_1_41' title='bbox 983 468 1173 515; x_wconf 90' lang='lat' dir='ltr'>Pontius</span> <span class='ocrx_word' id='word_1_42' title='bbox 1209 468 1372 531; x_wconf 87' lang='lat' dir='ltr'>Lupus</span> <span class='ocrx_word' id='word_1_43' title='bbox 1406 485 1539 533; x_wconf 85' lang='lat' dir='ltr'><strong>eques</strong></span> <span class='ocrx_word' id='word_1_44' title='bbox 1571 473 1812 521; x_wconf 84' lang='lat' dir='ltr'>Romanus</span> <span class='ocrx_word' id='word_1_45' title='bbox 1835 509 1850 534; x_wconf 84' lang='lat'>‚</span> <span class='ocrx_word' id='word_1_46' title='bbox 1898 476 1983 525; x_wconf 85' lang='lat' dir='ltr'>suis</span> <span class='ocrx_word' id='word_1_47' title='bbox 2017 492 2133 527; x_wconf 77' lang='lat' dir='ltr'>tem-</span> 
     </span>
     <span class='ocr_line' id='line_1_7' title="bbox 130 547 2134 617; baseline 0.004 -20"><span class='ocrx_word' id='word_1_48' title='bbox 130 548 319 617; x_wconf 91' lang='lat' dir='ltr'>poribus</span> <span class='ocrx_word' id='word_1_49' title='bbox 354 547 550 595; x_wconf 81' lang='lat' dir='ltr'><strong>celebres</strong></span> <span class='ocrx_word' id='word_1_50' title='bbox 585 548 833 595; x_wconf 74' lang='lat' dir='ltr'>caussarum</span> <span class='ocrx_word' id='word_1_51' title='bbox 868 548 1039 596; x_wconf 42' lang='lat' dir='ltr'>&amp;tores</span> <span class='ocrx_word' id='word_1_52' title='bbox 1063 584 1078 609; x_wconf 83' lang='lat'>,</span> <span class='ocrx_word' id='word_1_53' title='bbox 1126 548 1373 596; x_wconf 80' lang='lat' dir='ltr'>luminibus</span> <span class='ocrx_word' id='word_1_54' title='bbox 1407 552 1568 613; x_wconf 83' lang='lat' dir='ltr'>capti,</span> <span class='ocrx_word' id='word_1_55' title='bbox 1621 553 1776 600; x_wconf 79' lang='lat' dir='ltr'>eadem</span> <span class='ocrx_word' id='word_1_56' title='bbox 1813 555 2030 604; x_wconf 85' lang='lat' dir='ltr'>industria</span> <span class='ocrx_word' id='word_1_57' title='bbox 2063 558 2134 605; x_wconf 88' lang='lat' dir='ltr'>fo·</span> 
     </span>
    </p>
   </div>
   <div class='ocr_carea' id='block_1_4' title="bbox 130 627 894 693">
    <p class='ocr_par' dir='ltr' id='par_1_5' title="bbox 130 627 894 693">
     <span class='ocr_line' id='line_1_8' title="bbox 130 627 894 693; baseline -0.003 -17"><span class='ocrx_word' id='word_1_58' title='bbox 130 627 273 676; x_wconf 85' lang='lat' dir='ltr'>renfia</span> <span class='ocrx_word' id='word_1_59' title='bbox 309 628 527 693; x_wconf 89' lang='lat' dir='ltr'>stipendia</span> <span class='ocrx_word' id='word_1_60' title='bbox 561 629 745 674; x_wconf 80' lang='lat' dir='ltr'><strong>executi</strong></span> <span class='ocrx_word' id='word_1_61' title='bbox 780 627 894 674; x_wconf 90' lang='lat' dir='ltr'>sunt.</span> 
     </span>
    </p>
   </div>
   <div class='ocr_carea' id='block_1_5' title="bbox 964 628 2136 695">
    <p class='ocr_par' dir='ltr' id='par_1_6' title="bbox 964 628 2136 695">
     <span class='ocr_line' id='line_1_9' title="bbox 964 628 2136 695; baseline 0.009 -22"><span class='ocrx_word' id='word_1_62' title='bbox 964 630 1125 692; x_wconf 80' lang='lat' dir='ltr'>Itaque</span> <span class='ocrx_word' id='word_1_63' title='bbox 1169 628 1449 692; x_wconf 84' lang='lat' dir='ltr'>frequentius</span> <span class='ocrx_word' id='word_1_64' title='bbox 1493 632 1628 678; x_wconf 84' lang='lat' dir='ltr'>etiam</span> <span class='ocrx_word' id='word_1_65' title='bbox 1664 633 1988 695; x_wconf 86' lang='lat' dir='ltr'>audiebantur,</span> <span class='ocrx_word' id='word_1_66' title='bbox 2025 654 2136 684; x_wconf 89' lang='lat' dir='ltr'>con-</span> 
     </span>
    </p>
   </div>
   <div class='ocr_carea' id='block_1_6' title="bbox 133 710 2136 780">
    <p class='ocr_par' dir='ltr' id='par_1_7' title="bbox 133 710 2136 780">
     <span class='ocr_line' id='line_1_10' title="bbox 133 710 2136 780; baseline 0.006 -25"><span class='ocrx_word' id='word_1_67' title='bbox 133 711 421 758; x_wconf 85' lang='lat' dir='ltr'>currentibus</span> <span class='ocrx_word' id='word_1_68' title='bbox 454 712 575 771; x_wconf 84' lang='lat' dir='ltr'>aliis‚</span> <span class='ocrx_word' id='word_1_69' title='bbox 612 711 717 774; x_wconf 84' lang='lat' dir='ltr'>quia</span> <span class='ocrx_word' id='word_1_70' title='bbox 751 710 938 774; x_wconf 82' lang='lat' dir='ltr'>ingenio</span> <span class='ocrx_word' id='word_1_71' title='bbox 974 728 1133 758; x_wconf 86' lang='lat' dir='ltr'>eorum</span> <span class='ocrx_word' id='word_1_72' title='bbox 1169 710 1536 770; x_wconf 59' lang='lat' dir='ltr'>delcetabantum</span> <span class='ocrx_word' id='word_1_73' title='bbox 1562 715 1680 775; x_wconf 74' lang='lat' dir='ltr'>aliis,</span> <span class='ocrx_word' id='word_1_74' title='bbox 1711 717 1818 780; x_wconf 84' lang='lat' dir='ltr'>quia</span> <span class='ocrx_word' id='word_1_75' title='bbox 1837 718 2136 768; x_wconf 84' lang='lat' dir='ltr'>constantiam</span> 
     </span>
    </p>
   </div>
   <div class='ocr_carea' id='block_1_7' title="bbox 133 787 485 837">
    <p class='ocr_par' dir='ltr' id='par_1_8' title="bbox 133 787 485 837">
     <span class='ocr_line' id='line_1_11' title="bbox 133 787 485 837; baseline 0.006 -4"><span class='ocrx_word' id='word_1_76' title='bbox 133 787 485 837; x_wconf 80' lang='lat' dir='ltr'>admirabantur.</span> 
     </span>
    </p>
   </div>
   <div class='ocr_carea' id='block_1_8' title="bbox 562 790 2137 862">
    <p class='ocr_par' dir='ltr' id='par_1_9' title="bbox 562 790 2137 862">
     <span class='ocr_line' id='line_1_12' title="bbox 562 790 2137 862; baseline 0.008 -27"><span class='ocrx_word' id='word_1_77' title='bbox 562 795 597 823; x_wconf 87' lang='lat'>¹9</span> <span class='ocrx_word' id='word_1_78' title='bbox 644 790 865 852; x_wconf 76' lang='lat' dir='ltr'>Namque</span> <span class='ocrx_word' id='word_1_79' title='bbox 911 791 985 836; x_wconf 87' lang='lat' dir='ltr'>alii</span> <span class='ocrx_word' id='word_1_80' title='bbox 1030 806 1085 836; x_wconf 88' lang='lat' dir='ltr'>co</span> <span class='ocrx_word' id='word_1_81' title='bbox 1132 791 1433 838; x_wconf 88' lang='lat' dir='ltr'>incommodo</span> <span class='ocrx_word' id='word_1_82' title='bbox 1469 794 1663 855; x_wconf 83' lang='lat' dir='ltr'>perculsi</span> <span class='ocrx_word' id='word_1_83' title='bbox 1703 794 1913 843; x_wconf 78' lang='lat' dir='ltr'>secessum</span> <span class='ocrx_word' id='word_1_84' title='bbox 1946 813 2137 862; x_wconf 79' lang='lat' dir='ltr'>petunt,</span> 
     </span>
    </p>
   </div>
   <div class='ocr_carea' id='block_1_9' title="bbox 135 869 2136 1020">
    <p class='ocr_par' dir='ltr' id='par_1_10' title="bbox 135 869 2136 1020">
     <span class='ocr_line' id='line_1_13' title="bbox 135 869 1667 937; baseline 0.004 -21"><span class='ocrx_word' id='word_1_85' title='bbox 135 869 465 935; x_wconf 88' lang='lat' dir='ltr'>duplicantque</span> <span class='ocrx_word' id='word_1_86' title='bbox 498 869 727 929; x_wconf 79' lang='lat' dir='ltr'>tenebraS,</span> <span class='ocrx_word' id='word_1_87' title='bbox 770 876 809 895; x_wconf 70' lang='lat'>²³</span> <span class='ocrx_word' id='word_1_88' title='bbox 845 870 1046 918; x_wconf 83' lang='lat' dir='ltr'>fortuitis</span> <span class='ocrx_word' id='word_1_89' title='bbox 1082 873 1356 919; x_wconf 81' lang='lat' dir='ltr'>voluntarias</span> <span class='ocrx_word' id='word_1_90' title='bbox 1391 873 1667 937; x_wconf 84' lang='lat' dir='ltr'>adjicientes.</span> 
     </span>
     <span class='ocr_line' id='line_1_14' title="bbox 198 950 2136 1020; baseline 0.006 -23"><span class='ocrx_word' id='word_1_91' title='bbox 198 951 299 1012; x_wconf 86' lang='lat' dir='ltr'>Jam</span> <span class='ocrx_word' id='word_1_92' title='bbox 333 953 386 998; x_wconf 88' lang='lat' dir='ltr'>P.</span> <span class='ocrx_word' id='word_1_93' title='bbox 408 951 586 998; x_wconf 85' lang='lat' dir='ltr'>Craffus</span> <span class='ocrx_word' id='word_1_94' title='bbox 606 985 620 1010; x_wconf 79' lang='lat'>‚</span> <span class='ocrx_word' id='word_1_95' title='bbox 649 966 757 996; x_wconf 88' lang='lat' dir='ltr'>cum</span> <span class='ocrx_word' id='word_1_96' title='bbox 792 952 838 997; x_wconf 92' lang='lat' dir='ltr'>in</span> <span class='ocrx_word' id='word_1_97' title='bbox 874 950 1026 998; x_wconf 84' lang='lat' dir='ltr'>Afiam</span> <span class='ocrx_word' id='word_1_98' title='bbox 1061 953 1115 999; x_wconf 80' lang='lat' dir='ltr'>ad</span> <span class='ocrx_word' id='word_1_99' title='bbox 1139 952 1452 1001; x_wconf 81' lang='lat' dir='ltr'>Aristonicum</span> <span class='ocrx_word' id='word_1_100' title='bbox 1484 971 1639 1020; x_wconf 84' lang='lat' dir='ltr'>regem</span> <span class='ocrx_word' id='word_1_101' title='bbox 1674 956 1989 1007; x_wconf 87' lang='lat' dir='ltr'>debellandum</span> <span class='ocrx_word' id='word_1_102' title='bbox 2025 978 2136 1010; x_wconf 80' lang='lat' dir='ltr'>con-</span> 
     </span>
    </p>
   </div>
   <div class='ocr_carea' id='block_1_10' title="bbox 130 1160 1117 3100">
    <p class='ocr_par' dir='ltr' id='par_1_11' title="bbox 138 1160 1112 1265">
     <span class='ocr_line' id='line_1_15' title="bbox 140 1160 1112 1213; baseline 0.005 -14"><span class='ocrx_word' id='word_1_103' title='bbox 140 1162 265 1205; x_wconf 83' lang='lat' dir='ltr'>viam‚</span> <span class='ocrx_word' id='word_1_104' title='bbox 286 1161 493 1199; x_wconf 81' lang='lat' dir='ltr'>&amp;matrem</span> <span class='ocrx_word' id='word_1_105' title='bbox 509 1160 649 1200; x_wconf 85' lang='lat' dir='ltr'>Tiberii</span> <span class='ocrx_word' id='word_1_106' title='bbox 664 1162 812 1199; x_wconf 80' lang='lat' dir='ltr'>Liviam</span> <span class='ocrx_word' id='word_1_107' title='bbox 833 1162 939 1211; x_wconf 86' lang='lat' dir='ltr'>hujus</span> <span class='ocrx_word' id='word_1_108' title='bbox 958 1172 1112 1213; x_wconf 83' lang='lat' dir='ltr'>neptem</span> 
     </span>
     <span class='ocr_line' id='line_1_16' title="bbox 138 1210 994 1265; baseline 0.001 -14"><span class='ocrx_word' id='word_1_109' title='bbox 138 1210 255 1251; x_wconf 85' lang='lat' dir='ltr'>fuiffe.</span> <span class='ocrx_word' id='word_1_110' title='bbox 286 1212 384 1249; x_wconf 87' lang='lat' dir='ltr'><strong>Vide</strong></span> <span class='ocrx_word' id='word_1_111' title='bbox 403 1214 480 1262; x_wconf 86' lang='lat' dir='ltr'>ejus</span> <span class='ocrx_word' id='word_1_112' title='bbox 501 1214 601 1250; x_wconf 78' lang='lat' dir='ltr'>Anu.</span> <span class='ocrx_word' id='word_1_113' title='bbox 628 1213 674 1250; x_wconf 82' lang='lat' dir='ltr'>ad</span> <span class='ocrx_word' id='word_1_114' title='bbox 694 1215 742 1250; x_wconf 84' lang='lat' dir='ltr'>A.</span> <span class='ocrx_word' id='word_1_115' title='bbox 764 1214 814 1250; x_wconf 85' lang='lat' dir='ltr'>U.</span> <span class='ocrx_word' id='word_1_116' title='bbox 838 1215 879 1251; x_wconf 90' lang='lat' dir='ltr'>C.</span> <span class='ocrx_word' id='word_1_117' title='bbox 908 1215 994 1265; x_wconf 82' lang='lat'>623.</span> 
     </span>
    </p>

    <p class='ocr_par' dir='ltr' id='par_1_12' title="bbox 137 1263 1115 1414">
     <span class='ocr_line' id='line_1_17' title="bbox 193 1263 1115 1313; baseline 0.009 -16"><span class='ocrx_word' id='word_1_118' title='bbox 193 1277 250 1310; x_wconf 83' lang='lat'>15.</span> <span class='ocrx_word' id='word_1_119' title='bbox 288 1263 359 1308; x_wconf 76' lang='lat' dir='ltr'>Jus</span> <span class='ocrx_word' id='word_1_120' title='bbox 392 1264 509 1313; x_wconf 66' lang='lat' dir='ltr'>civile]</span> <span class='ocrx_word' id='word_1_121' title='bbox 541 1265 705 1306; x_wconf 81' lang='lat' dir='ltr'>Mirum,</span> <span class='ocrx_word' id='word_1_122' title='bbox 741 1264 841 1301; x_wconf 90' lang='lat' dir='ltr'>hunc</span> <span class='ocrx_word' id='word_1_123' title='bbox 877 1266 1031 1304; x_wconf 85' lang='lat' dir='ltr'>Livium</span> <span class='ocrx_word' id='word_1_124' title='bbox 1060 1268 1115 1305; x_wconf 88' lang='lat' dir='ltr'>in-</span> 
     </span>
     <span class='ocr_line' id='line_1_18' title="bbox 140 1313 1112 1356; baseline 0.007 -6"><span class='ocrx_word' id='word_1_125' title='bbox 140 1321 197 1351; x_wconf 88' lang='lat' dir='ltr'>ter</span> <span class='ocrx_word' id='word_1_126' title='bbox 236 1315 502 1352; x_wconf 80' lang='lat' dir='ltr'>lureconsultos</span> <span class='ocrx_word' id='word_1_127' title='bbox 528 1327 607 1352; x_wconf 89' lang='lat' dir='ltr'>non</span> <span class='ocrx_word' id='word_1_128' title='bbox 639 1313 742 1352; x_wconf 83' lang='lat' dir='ltr'>fuiffe</span> <span class='ocrx_word' id='word_1_129' title='bbox 767 1315 922 1354; x_wconf 77' lang='lat' dir='ltr'>relatum</span> <span class='ocrx_word' id='word_1_130' title='bbox 956 1317 976 1355; x_wconf 65' lang='lat' dir='ltr'>a</span> <span class='ocrx_word' id='word_1_131' title='bbox 996 1318 1112 1356; x_wconf 87' lang='lat' dir='ltr'>Pom-</span> 
     </span>
     <span class='ocr_line' id='line_1_19' title="bbox 137 1366 490 1414; baseline 0.003 -12"><span class='ocrx_word' id='word_1_132' title='bbox 137 1366 268 1414; x_wconf 90' lang='lat' dir='ltr'>ponio.</span> <span class='ocrx_word' id='word_1_133' title='bbox 298 1366 490 1403; x_wconf 68' lang='lat' dir='ltr'>COLER.</span> 
     </span>
    </p>

    <p class='ocr_par' dir='ltr' id='par_1_13' title="bbox 139 1416 1116 1568">
     <span class='ocr_line' id='line_1_20' title="bbox 197 1416 1113 1468; baseline 0.004 -14"><span class='ocrx_word' id='word_1_134' title='bbox 197 1418 251 1454; x_wconf 89' lang='lat'>16.</span> <span class='ocrx_word' id='word_1_135' title='bbox 292 1420 430 1453; x_wconf 55' lang='lat' dir='ltr'>Caeam</span> <span class='ocrx_word' id='word_1_136' title='bbox 452 1416 612 1466; x_wconf 80' lang='lat' dir='ltr'>fortuna]</span> <span class='ocrx_word' id='word_1_137' title='bbox 651 1417 745 1460; x_wconf 81' lang='lat' dir='ltr'>Edd,</span> <span class='ocrx_word' id='word_1_138' title='bbox 767 1426 910 1466; x_wconf 80' lang='lat' dir='ltr'>praeter</span> <span class='ocrx_word' id='word_1_139' title='bbox 931 1421 1038 1468; x_wconf 81' lang='lat' dir='ltr'>Mog.</span> <span class='ocrx_word' id='word_1_140' title='bbox 1067 1420 1113 1458; x_wconf 83' lang='lat' dir='ltr'>ad</span> 
     </span>
     <span class='ocr_line' id='line_1_21' title="bbox 139 1467 1116 1517; baseline 0.004 -12"><span class='ocrx_word' id='word_1_141' title='bbox 139 1467 312 1516; x_wconf 84' lang='lat' dir='ltr'>Pighium</span> <span class='ocrx_word' id='word_1_142' title='bbox 351 1469 485 1517; x_wconf 72' lang='lat' dir='ltr'>usque,</span> <span class='ocrx_word' id='word_1_143' title='bbox 523 1472 567 1505; x_wconf 72' lang='lat' dir='ltr'>El</span> <span class='ocrx_word' id='word_1_144' title='bbox 594 1483 718 1505; x_wconf 67' lang='lat' dir='ltr'>caetum</span> <span class='ocrx_word' id='word_1_145' title='bbox 744 1473 896 1515; x_wconf 80' lang='lat' dir='ltr'>fortuna.</span> <span class='ocrx_word' id='word_1_146' title='bbox 951 1471 1023 1509; x_wconf 85' lang='lat' dir='ltr'>Sed</span> <span class='ocrx_word' id='word_1_147' title='bbox 1052 1483 1116 1509; x_wconf 89' lang='lat' dir='ltr'>co-</span> 
     </span>
     <span class='ocr_line' id='line_1_22' title="bbox 139 1519 607 1568; baseline 0 -12"><span class='ocrx_word' id='word_1_148' title='bbox 139 1520 265 1568; x_wconf 76' lang='lat' dir='ltr'>pulam</span> <span class='ocrx_word' id='word_1_149' title='bbox 293 1520 474 1556; x_wconf 83' lang='lat' dir='ltr'>omittunt</span> <span class='ocrx_word' id='word_1_150' title='bbox 499 1519 607 1556; x_wconf 79' lang='lat' dir='ltr'>MSS.</span> 
     </span>
    </p>

    <p class='ocr_par' dir='ltr' id='par_1_14' title="bbox 137 1572 1117 1973">
     <span class='ocr_line' id='line_1_23' title="bbox 196 1572 1113 1619; baseline 0.004 -13"><span class='ocrx_word' id='word_1_151' title='bbox 196 1583 249 1616; x_wconf 82' lang='lat'>17.</span> <span class='ocrx_word' id='word_1_152' title='bbox 281 1572 495 1619; x_wconf 72' lang='lat' dir='ltr'>Interpellare</span> <span class='ocrx_word' id='word_1_153' title='bbox 526 1572 639 1606; x_wconf 69' lang='lat' dir='ltr'>valuit</span> <span class='ocrx_word' id='word_1_154' title='bbox 659 1600 670 1613; x_wconf 90' lang='lat'><em>‚</em></span> <span class='ocrx_word' id='word_1_155' title='bbox 708 1586 747 1606; x_wconf 83' lang='lat' dir='ltr'>ne</span> <span class='ocrx_word' id='word_1_156' title='bbox 772 1586 835 1607; x_wconf 88' lang='lat' dir='ltr'>non</span> <span class='ocrx_word' id='word_1_157' title='bbox 862 1573 973 1608; x_wconf 70' lang='lat' dir='ltr'>animo</span> <span class='ocrx_word' id='word_1_158' title='bbox 995 1581 1040 1610; x_wconf 58' lang='lat'>(5⁹</span> <span class='ocrx_word' id='word_1_159' title='bbox 1060 1575 1113 1610; x_wconf 61' lang='lat' dir='ltr'>vi-</span> 
     </span>
     <span class='ocr_line' id='line_1_24' title="bbox 140 1619 1112 1671; baseline 0.006 -15"><span class='ocrx_word' id='word_1_160' title='bbox 140 1619 230 1657; x_wconf 77' lang='lat' dir='ltr'>deret</span> <span class='ocrx_word' id='word_1_161' title='bbox 250 1620 456 1671; x_wconf 49' lang='lat' dir='ltr'>&amp;vigereffl</span> <span class='ocrx_word' id='word_1_162' title='bbox 485 1623 702 1669; x_wconf 77' lang='lat' dir='ltr'>Interpellare</span> <span class='ocrx_word' id='word_1_163' title='bbox 722 1634 790 1670; x_wconf 77' lang='lat' dir='ltr'>pto</span> <span class='ocrx_word' id='word_1_164' title='bbox 810 1624 1001 1670; x_wconf 75' lang='lat' dir='ltr'>impedire.</span> <span class='ocrx_word' id='word_1_165' title='bbox 1023 1626 1112 1662; x_wconf 81' lang='lat' dir='ltr'>Bru-</span> 
     </span>
     <span class='ocr_line' id='line_1_25' title="bbox 141 1672 1114 1721; baseline 0.004 -13"><span class='ocrx_word' id='word_1_166' title='bbox 141 1680 198 1708; x_wconf 85' lang='lat' dir='ltr'>tus</span> <span class='ocrx_word' id='word_1_167' title='bbox 229 1673 266 1707; x_wconf 90' lang='lat' dir='ltr'>in</span> <span class='ocrx_word' id='word_1_168' title='bbox 295 1683 352 1719; x_wconf 87' lang='lat' dir='ltr'>ep.</span> <span class='ocrx_word' id='word_1_169' title='bbox 387 1672 431 1707; x_wconf 78' lang='lat' dir='ltr'>ad</span> <span class='ocrx_word' id='word_1_170' title='bbox 462 1672 541 1709; x_wconf 88' lang='lat' dir='ltr'>Cic.</span> <span class='ocrx_word' id='word_1_171' title='bbox 578 1684 673 1721; x_wconf 75' lang='lat' dir='ltr'>quae</span> <span class='ocrx_word' id='word_1_172' title='bbox 712 1673 759 1710; x_wconf 86' lang='lat' dir='ltr'>est</span> <span class='ocrx_word' id='word_1_173' title='bbox 797 1674 942 1711; x_wconf 83' lang='lat' dir='ltr'>decima</span> <span class='ocrx_word' id='word_1_174' title='bbox 972 1675 1030 1712; x_wconf 88' lang='lat' dir='ltr'>lib.</span> <span class='ocrx_word' id='word_1_175' title='bbox 1055 1687 1114 1712; x_wconf 81' lang='lat' dir='ltr'>xr.</span> 
     </span>
     <span class='ocr_line' id='line_1_26' title="bbox 137 1722 1115 1771; baseline 0.005 -15"><span class='ocrx_word' id='word_1_176' title='bbox 137 1722 356 1771; x_wconf 76' lang='lat' dir='ltr'>Interpellent</span> <span class='ocrx_word' id='word_1_177' title='bbox 384 1736 433 1756; x_wconf 85' lang='lat' dir='ltr'>me</span> <span class='ocrx_word' id='word_1_178' title='bbox 459 1737 520 1771; x_wconf 74' lang='lat' dir='ltr'>quo</span> <span class='ocrx_word' id='word_1_179' title='bbox 552 1726 663 1759; x_wconf 73' lang='lat' dir='ltr'>minus</span> <span class='ocrx_word' id='word_1_180' title='bbox 687 1724 864 1760; x_wconf 73' lang='lat' dir='ltr'>honoratus</span> <span class='ocrx_word' id='word_1_181' title='bbox 883 1725 948 1771; x_wconf 87' lang='lat' dir='ltr'>fim</span> <span class='ocrx_word' id='word_1_182' title='bbox 966 1754 973 1766; x_wconf 87' lang='lat'>‚</span> <span class='ocrx_word' id='word_1_183' title='bbox 996 1725 1115 1762; x_wconf 74' lang='lat' dir='ltr'>dumne</span> 
     </span>
     <span class='ocr_line' id='line_1_27' title="bbox 139 1774 1115 1824; baseline 0.004 -16"><span class='ocrx_word' id='word_1_184' title='bbox 139 1774 351 1820; x_wconf 81' lang='lat' dir='ltr'>interpellent</span> <span class='ocrx_word' id='word_1_185' title='bbox 380 1786 445 1822; x_wconf 76' lang='lat' dir='ltr'>quo</span> <span class='ocrx_word' id='word_1_186' title='bbox 472 1775 584 1809; x_wconf 78' lang='lat' dir='ltr'>minus</span> <span class='ocrx_word' id='word_1_187' title='bbox 607 1778 689 1824; x_wconf 64' lang='lat' dir='ltr'>reJJtJ.</span> <span class='ocrx_word' id='word_1_188' title='bbox 729 1774 750 1810; x_wconf 73' lang='grc' dir='ltr'>ἶι</span> <span class='ocrx_word' id='word_1_189' title='bbox 789 1789 837 1810; x_wconf 87' lang='lat' dir='ltr'>me</span> <span class='ocrx_word' id='word_1_190' title='bbox 864 1776 1024 1812; x_wconf 66' lang='lat' dir='ltr'>commode</span> <span class='ocrx_word' id='word_1_191' title='bbox 1053 1776 1115 1812; x_wconf 80' lang='lat' dir='ltr'>ad-</span> 
     </span>
     <span class='ocr_line' id='line_1_28' title="bbox 139 1823 1116 1875; baseline 0.005 -16"><span class='ocrx_word' id='word_1_192' title='bbox 139 1825 325 1871; x_wconf 80' lang='lat' dir='ltr'>ministrari</span> <span class='ocrx_word' id='word_1_193' title='bbox 356 1823 459 1871; x_wconf 66' lang='lat' dir='ltr'>poffit.</span> <span class='ocrx_word' id='word_1_194' title='bbox 511 1824 628 1861; x_wconf 83' lang='lat' dir='ltr'>Porro</span> <span class='ocrx_word' id='word_1_195' title='bbox 665 1839 704 1860; x_wconf 76' lang='lat' dir='ltr'>ne</span> <span class='ocrx_word' id='word_1_196' title='bbox 739 1840 803 1862; x_wconf 80' lang='lat' dir='ltr'>non</span> <span class='ocrx_word' id='word_1_197' title='bbox 833 1826 881 1863; x_wconf 83' lang='lat' dir='ltr'>est</span> <span class='ocrx_word' id='word_1_198' title='bbox 912 1839 979 1875; x_wconf 76' lang='lat' dir='ltr'>pro</span> <span class='ocrx_word' id='word_1_199' title='bbox 1007 1842 1046 1863; x_wconf 85' lang='lat' dir='ltr'>ne</span> <span class='ocrx_word' id='word_1_200' title='bbox 1078 1829 1116 1864; x_wconf 85' lang='lat'>&amp;</span> 
     </span>
     <span class='ocr_line' id='line_1_29' title="bbox 137 1875 1117 1925; baseline 0.005 -14"><span class='ocrx_word' id='word_1_201' title='bbox 137 1886 206 1923; x_wconf 89' lang='lat' dir='ltr'>pro</span> <span class='ocrx_word' id='word_1_202' title='bbox 237 1889 300 1924; x_wconf 75' lang='lat' dir='ltr'>quo</span> <span class='ocrx_word' id='word_1_203' title='bbox 331 1877 467 1910; x_wconf 79' lang='lat' dir='ltr'>minus:</span> <span class='ocrx_word' id='word_1_204' title='bbox 515 1875 714 1923; x_wconf 88' lang='lat' dir='ltr'>quomodo</span> <span class='ocrx_word' id='word_1_205' title='bbox 744 1877 895 1925; x_wconf 81' lang='lat' dir='ltr'>&amp;post</span> <span class='ocrx_word' id='word_1_206' title='bbox 925 1878 1036 1916; x_wconf 82' lang='lat' dir='ltr'>verba</span> <span class='ocrx_word' id='word_1_207' title='bbox 1071 1879 1117 1916; x_wconf 85' lang='lat' dir='ltr'>ti-</span> 
     </span>
     <span class='ocr_line' id='line_1_30' title="bbox 139 1925 721 1973; baseline 0.002 -10"><span class='ocrx_word' id='word_1_208' title='bbox 139 1926 268 1963; x_wconf 86' lang='lat' dir='ltr'>mendi</span> <span class='ocrx_word' id='word_1_209' title='bbox 297 1925 497 1973; x_wconf 76' lang='lat' dir='ltr'>usurpatur.</span> <span class='ocrx_word' id='word_1_210' title='bbox 527 1926 721 1964; x_wconf 85' lang='lat' dir='ltr'>VORST.</span> 
     </span>
    </p>

    <p class='ocr_par' dir='ltr' id='par_1_15' title="bbox 130 1976 1112 3100">
     <span class='ocr_line' id='line_1_31' title="bbox 192 1976 1112 2022; baseline 0.004 -9"><span class='ocrx_word' id='word_1_211' title='bbox 192 1976 247 2014; x_wconf 71' lang='lat'>18.</span> <span class='ocrx_word' id='word_1_212' title='bbox 289 1976 426 2012; x_wconf 70' lang='lat' dir='ltr'>Publtus</span> <span class='ocrx_word' id='word_1_213' title='bbox 455 1991 533 2013; x_wconf 66' lang='lat' dir='ltr'>‘vero</span> <span class='ocrx_word' id='word_1_214' title='bbox 556 1979 716 2022; x_wconf 83' lang='lat' dir='ltr'>senator,</span> <span class='ocrx_word' id='word_1_215' title='bbox 753 1986 798 2013; x_wconf 75' lang='lat'>(9’</span> <span class='ocrx_word' id='word_1_216' title='bbox 822 1980 944 2015; x_wconf 82' lang='lat' dir='ltr'>Lucius</span> <span class='ocrx_word' id='word_1_217' title='bbox 972 1980 1112 2017; x_wconf 68' lang='lat' dir='ltr'>Pontius</span> 
     </span>
     <span class='ocr_line' id='line_1_32' title="bbox 135 2026 1109 2077; baseline 0.005 -15"><span class='ocrx_word' id='word_1_218' title='bbox 135 2040 232 2076; x_wconf 82' lang='lat' dir='ltr'>eques</span> <span class='ocrx_word' id='word_1_219' title='bbox 260 2026 445 2075; x_wconf 72' lang='lat' dir='ltr'>Romanus]</span> <span class='ocrx_word' id='word_1_220' title='bbox 483 2027 635 2074; x_wconf 84' lang='lat' dir='ltr'>Propria</span> <span class='ocrx_word' id='word_1_221' title='bbox 663 2030 817 2066; x_wconf 77' lang='lat' dir='ltr'>nomina</span> <span class='ocrx_word' id='word_1_222' title='bbox 843 2055 853 2071; x_wconf 90' lang='lat'>,</span> <span class='ocrx_word' id='word_1_223' title='bbox 894 2038 933 2066; x_wconf 88' lang='lat' dir='ltr'>ut</span> <span class='ocrx_word' id='word_1_224' title='bbox 958 2030 1082 2077; x_wconf 82' lang='lat' dir='ltr'>passim</span> <span class='ocrx_word' id='word_1_225' title='bbox 1100 2059 1109 2074; x_wconf 93' lang='lat'>,</span> 
     </span>
     <span class='ocr_line' id='line_1_33' title="bbox 137 2078 1110 2129; baseline 0.005 -15"><span class='ocrx_word' id='word_1_226' title='bbox 137 2078 188 2115; x_wconf 86' lang='lat' dir='ltr'>ita</span> <span class='ocrx_word' id='word_1_227' title='bbox 213 2078 250 2114; x_wconf 64' lang='grc' dir='ltr'>δέ</span> <span class='ocrx_word' id='word_1_228' title='bbox 267 2078 326 2114; x_wconf 80' lang='lat' dir='ltr'>hic</span> <span class='ocrx_word' id='word_1_229' title='bbox 354 2078 433 2114; x_wconf 89' lang='lat' dir='ltr'>sunt</span> <span class='ocrx_word' id='word_1_230' title='bbox 464 2078 740 2126; x_wconf 80' lang='lat' dir='ltr'>corruptiffima.</span> <span class='ocrx_word' id='word_1_231' title='bbox 795 2080 837 2116; x_wconf 88' lang='lat' dir='ltr'>In</span> <span class='ocrx_word' id='word_1_232' title='bbox 860 2080 1110 2129; x_wconf 75' lang='lat' dir='ltr'>manuscriptis</span> 
     </span>
     <span class='ocr_line' id='line_1_34' title="bbox 137 2127 1108 2178; baseline 0.002 -13"><span class='ocrx_word' id='word_1_233' title='bbox 137 2137 298 2178; x_wconf 83' lang='lat' dir='ltr'>quatuor</span> <span class='ocrx_word' id='word_1_234' title='bbox 319 2127 611 2175; x_wconf 71' lang='lat' dir='ltr'>exemplaribus,</span> <span class='ocrx_word' id='word_1_235' title='bbox 642 2131 677 2166; x_wconf 87' lang='lat' dir='ltr'>P.</span> <span class='ocrx_word' id='word_1_236' title='bbox 702 2144 778 2165; x_wconf 61' lang='lat' dir='ltr'>vero</span> <span class='ocrx_word' id='word_1_237' title='bbox 797 2132 928 2176; x_wconf 73' lang='lat' dir='ltr'>senator</span> <span class='ocrx_word' id='word_1_238' title='bbox 944 2157 953 2172; x_wconf 93' lang='lat'>‚</span> <span class='ocrx_word' id='word_1_239' title='bbox 982 2140 1026 2166; x_wconf 74' lang='lat'>&lt;9⁸</span> <span class='ocrx_word' id='word_1_240' title='bbox 1042 2136 1108 2169; x_wconf 78' lang='lat' dir='ltr'>Lu-</span> 
     </span>
     <span class='ocr_line' id='line_1_35' title="bbox 130 2179 1109 2229; baseline 0.005 -15"><span class='ocrx_word' id='word_1_241' title='bbox 130 2191 199 2229; x_wconf 79' lang='lat' dir='ltr'>pus</span> <span class='ocrx_word' id='word_1_242' title='bbox 219 2182 369 2216; x_wconf 75' lang='lat' dir='ltr'>Pontius.</span> <span class='ocrx_word' id='word_1_243' title='bbox 423 2179 493 2215; x_wconf 87' lang='lat' dir='ltr'>Sed</span> <span class='ocrx_word' id='word_1_244' title='bbox 515 2180 578 2228; x_wconf 88' lang='lat' dir='ltr'>qui</span> <span class='ocrx_word' id='word_1_245' title='bbox 599 2180 677 2217; x_wconf 81' lang='lat' dir='ltr'>solo</span> <span class='ocrx_word' id='word_1_246' title='bbox 698 2182 942 2229; x_wconf 79' lang='lat' dir='ltr'>praenomine</span> <span class='ocrx_word' id='word_1_247' title='bbox 966 2192 1109 2229; x_wconf 81' lang='lat' dir='ltr'>cogno-</span> 
     </span>
     <span class='ocr_line' id='line_1_36' title="bbox 135 2230 1106 2281; baseline 0.003 -13"><span class='ocrx_word' id='word_1_248' title='bbox 135 2231 183 2268; x_wconf 86' lang='lat' dir='ltr'>sci</span> <span class='ocrx_word' id='word_1_249' title='bbox 202 2231 350 2267; x_wconf 81' lang='lat' dir='ltr'>senator</span> <span class='ocrx_word' id='word_1_250' title='bbox 372 2230 431 2266; x_wconf 88' lang='lat' dir='ltr'>ille</span> <span class='ocrx_word' id='word_1_251' title='bbox 454 2231 615 2277; x_wconf 87' lang='lat' dir='ltr'>poterit,</span> <span class='ocrx_word' id='word_1_252' title='bbox 633 2233 733 2279; x_wconf 86' lang='lat' dir='ltr'>cujus</span> <span class='ocrx_word' id='word_1_253' title='bbox 755 2244 802 2268; x_wconf 89' lang='lat' dir='ltr'>ne</span> <span class='ocrx_word' id='word_1_254' title='bbox 822 2231 932 2268; x_wconf 85' lang='lat' dir='ltr'>semel</span> <span class='ocrx_word' id='word_1_255' title='bbox 953 2232 1106 2281; x_wconf 88' lang='lat' dir='ltr'>quidem</span> 
     </span>
     <span class='ocr_line' id='line_1_37' title="bbox 137 2281 1106 2322; baseline 0.004 -4"><span class='ocrx_word' id='word_1_256' title='bbox 137 2289 246 2319; x_wconf 84' lang='lat' dir='ltr'>antea</span> <span class='ocrx_word' id='word_1_257' title='bbox 275 2281 519 2318; x_wconf 85' lang='lat' dir='ltr'>meminerit?</span> <span class='ocrx_word' id='word_1_258' title='bbox 565 2281 634 2318; x_wconf 87' lang='lat' dir='ltr'>Sed</span> <span class='ocrx_word' id='word_1_259' title='bbox 666 2283 714 2319; x_wconf 83' lang='lat' dir='ltr'>ita</span> <span class='ocrx_word' id='word_1_260' title='bbox 744 2290 886 2319; x_wconf 87' lang='lat' dir='ltr'>temere</span> <span class='ocrx_word' id='word_1_261' title='bbox 912 2283 1106 2322; x_wconf 84' lang='lat' dir='ltr'>detrunca-</span> 
     </span>
     <span class='ocr_line' id='line_1_38' title="bbox 137 2332 1103 2382; baseline 0.003 -12"><span class='ocrx_word' id='word_1_262' title='bbox 137 2341 222 2370; x_wconf 82' lang='lat' dir='ltr'>runt</span> <span class='ocrx_word' id='word_1_263' title='bbox 251 2332 442 2370; x_wconf 62' lang='lat' dir='ltr'>auetorem</span> <span class='ocrx_word' id='word_1_264' title='bbox 472 2332 570 2369; x_wconf 88' lang='lat' dir='ltr'>hunc</span> <span class='ocrx_word' id='word_1_265' title='bbox 589 2332 745 2370; x_wconf 84' lang='lat' dir='ltr'>Librarii</span> <span class='ocrx_word' id='word_1_266' title='bbox 776 2333 821 2370; x_wconf 88' lang='lat' dir='ltr'>de</span> <span class='ocrx_word' id='word_1_267' title='bbox 843 2334 955 2382; x_wconf 77' lang='lat' dir='ltr'>reipsa</span> <span class='ocrx_word' id='word_1_268' title='bbox 975 2346 1103 2381; x_wconf 80' lang='lat' dir='ltr'>parum</span> 
     </span>
     <span class='ocr_line' id='line_1_39' title="bbox 135 2382 1105 2432; baseline 0.002 -11"><span class='ocrx_word' id='word_1_269' title='bbox 135 2384 277 2421; x_wconf 85' lang='lat' dir='ltr'>soliciti.</span> <span class='ocrx_word' id='word_1_270' title='bbox 328 2383 369 2420; x_wconf 87' lang='lat' dir='ltr'>In</span> <span class='ocrx_word' id='word_1_271' title='bbox 399 2382 696 2428; x_wconf 81' lang='lat' dir='ltr'>Pulmanniano,</span> <span class='ocrx_word' id='word_1_272' title='bbox 725 2387 850 2421; x_wconf 69' lang='lat' dir='ltr'>Paulus</span> <span class='ocrx_word' id='word_1_273' title='bbox 881 2385 1105 2432; x_wconf 83' lang='lat' dir='ltr'>appellatur,</span> 
     </span>
     <span class='ocr_line' id='line_1_40' title="bbox 136 2434 1104 2485; baseline 0.003 -13"><span class='ocrx_word' id='word_1_274' title='bbox 136 2447 181 2472; x_wconf 82' lang='lat' dir='ltr'>cx</span> <span class='ocrx_word' id='word_1_275' title='bbox 202 2447 279 2483; x_wconf 87' lang='lat' dir='ltr'>quo</span> <span class='ocrx_word' id='word_1_276' title='bbox 298 2434 343 2471; x_wconf 87' lang='lat' dir='ltr'>ad</span> <span class='ocrx_word' id='word_1_277' title='bbox 365 2435 486 2471; x_wconf 84' lang='lat' dir='ltr'>minus</span> <span class='ocrx_word' id='word_1_278' title='bbox 505 2435 732 2483; x_wconf 82' lang='lat' dir='ltr'>colligimus,</span> <span class='ocrx_word' id='word_1_279' title='bbox 746 2447 790 2472; x_wconf 81' lang='lat' dir='ltr'>ex</span> <span class='ocrx_word' id='word_1_280' title='bbox 804 2436 964 2473; x_wconf 72' lang='lat' dir='ltr'>Aemilia</span> <span class='ocrx_word' id='word_1_281' title='bbox 984 2437 1104 2485; x_wconf 87' lang='lat' dir='ltr'>ipsum</span> 
     </span>
     <span class='ocr_line' id='line_1_41' title="bbox 135 2485 1102 2534; baseline 0.002 -12"><span class='ocrx_word' id='word_1_282' title='bbox 135 2485 239 2522; x_wconf 83' lang='lat' dir='ltr'>fuiffe</span> <span class='ocrx_word' id='word_1_283' title='bbox 269 2493 392 2534; x_wconf 82' lang='lat' dir='ltr'>gente.</span> <span class='ocrx_word' id='word_1_284' title='bbox 418 2486 560 2523; x_wconf 88' lang='lat' dir='ltr'>PIGH.</span> <span class='ocrx_word' id='word_1_285' title='bbox 607 2488 748 2522; x_wconf 77' lang='lat' dir='ltr'>Paullus</span> <span class='ocrx_word' id='word_1_286' title='bbox 783 2501 861 2523; x_wconf 71' lang='lat' dir='ltr'>‘vero</span> <span class='ocrx_word' id='word_1_287' title='bbox 889 2490 1027 2534; x_wconf 79' lang='lat' dir='ltr'>senator</span> <span class='ocrx_word' id='word_1_288' title='bbox 1057 2496 1102 2524; x_wconf 74' lang='lat'>&lt;9⁴</span> 
     </span>
     <span class='ocr_line' id='line_1_42' title="bbox 135 2536 1100 2586; baseline 0.005 -14"><span class='ocrx_word' id='word_1_289' title='bbox 135 2538 279 2573; x_wconf 74' lang='lat' dir='ltr'>Pontius</span> <span class='ocrx_word' id='word_1_290' title='bbox 304 2541 427 2583; x_wconf 76' lang='lat' dir='ltr'>Lupus.</span> <span class='ocrx_word' id='word_1_291' title='bbox 481 2537 535 2574; x_wconf 80' lang='lat' dir='ltr'>Ita</span> <span class='ocrx_word' id='word_1_292' title='bbox 562 2537 709 2586; x_wconf 83' lang='lat' dir='ltr'>Pighius</span> <span class='ocrx_word' id='word_1_293' title='bbox 741 2536 761 2574; x_wconf 78' lang='grc' dir='ltr'>ὲ</span> <span class='ocrx_word' id='word_1_294' title='bbox 793 2537 876 2575; x_wconf 90' lang='lat' dir='ltr'>cod.</span> <span class='ocrx_word' id='word_1_295' title='bbox 908 2538 1100 2579; x_wconf 86' lang='lat' dir='ltr'>Pulmann.</span> 
     </span>
     <span class='ocr_line' id='line_1_43' title="bbox 134 2587 1103 2633; baseline 0.004 -9"><span class='ocrx_word' id='word_1_296' title='bbox 134 2587 252 2624; x_wconf 83' lang='lat' dir='ltr'>Aldus</span> <span class='ocrx_word' id='word_1_297' title='bbox 279 2587 442 2625; x_wconf 73' lang='lat' dir='ltr'>ediderat</span> <span class='ocrx_word' id='word_1_298' title='bbox 475 2589 613 2624; x_wconf 67' lang='lat' dir='ltr'>Publius</span> <span class='ocrx_word' id='word_1_299' title='bbox 645 2603 721 2624; x_wconf 74' lang='lat' dir='ltr'>‘vero</span> <span class='ocrx_word' id='word_1_300' title='bbox 749 2591 882 2633; x_wconf 71' lang='lat' dir='ltr'>senator</span> <span class='ocrx_word' id='word_1_301' title='bbox 913 2597 957 2625; x_wconf 66' lang='lat'>(9⁸</span> <span class='ocrx_word' id='word_1_302' title='bbox 982 2592 1103 2628; x_wconf 78' lang='lat' dir='ltr'>Lucius</span> 
     </span>
     <span class='ocr_line' id='line_1_44' title="bbox 133 2639 1106 2686; baseline 0.003 -11"><span class='ocrx_word' id='word_1_303' title='bbox 133 2640 287 2675; x_wconf 81' lang='lat' dir='ltr'>Pontius.</span> <span class='ocrx_word' id='word_1_304' title='bbox 342 2639 502 2676; x_wconf 84' lang='lat' dir='ltr'>Codices</span> <span class='ocrx_word' id='word_1_305' title='bbox 524 2640 615 2676; x_wconf 87' lang='lat' dir='ltr'>item</span> <span class='ocrx_word' id='word_1_306' title='bbox 636 2639 766 2677; x_wconf 84' lang='lat' dir='ltr'>Brand.</span> <span class='ocrx_word' id='word_1_307' title='bbox 793 2641 929 2678; x_wconf 75' lang='lat' dir='ltr'>habent</span> <span class='ocrx_word' id='word_1_308' title='bbox 947 2643 1106 2686; x_wconf 85' lang='lat' dir='ltr'>Pontius,</span> 
     </span>
     <span class='ocr_line' id='line_1_45' title="bbox 137 2690 1101 2739; baseline 0.003 -12"><span class='ocrx_word' id='word_1_309' title='bbox 137 2690 178 2727; x_wconf 86' lang='lat'>&amp;</span> <span class='ocrx_word' id='word_1_310' title='bbox 209 2700 278 2737; x_wconf 89' lang='lat' dir='ltr'>pro</span> <span class='ocrx_word' id='word_1_311' title='bbox 303 2691 446 2726; x_wconf 75' lang='lat' dir='ltr'>Paullus</span> <span class='ocrx_word' id='word_1_312' title='bbox 471 2691 625 2728; x_wconf 89' lang='lat' dir='ltr'>unicum</span> <span class='ocrx_word' id='word_1_313' title='bbox 652 2691 691 2728; x_wconf 88' lang='grc' dir='ltr'>Ρ.</span> <span class='ocrx_word' id='word_1_314' title='bbox 723 2692 827 2739; x_wconf 90' lang='lat' dir='ltr'>quod</span> <span class='ocrx_word' id='word_1_315' title='bbox 852 2691 953 2729; x_wconf 90' lang='lat' dir='ltr'>idem</span> <span class='ocrx_word' id='word_1_316' title='bbox 984 2693 1022 2730; x_wconf 88' lang='lat'>&amp;</span> <span class='ocrx_word' id='word_1_317' title='bbox 1042 2693 1101 2731; x_wconf 93' lang='lat' dir='ltr'>Pi-</span> 
     </span>
     <span class='ocr_line' id='line_1_46' title="bbox 135 2740 1102 2792; baseline 0.004 -14"><span class='ocrx_word' id='word_1_318' title='bbox 135 2740 240 2789; x_wconf 86' lang='lat' dir='ltr'>ghius</span> <span class='ocrx_word' id='word_1_319' title='bbox 261 2740 297 2776; x_wconf 89' lang='lat' dir='ltr'>in</span> <span class='ocrx_word' id='word_1_320' title='bbox 318 2748 479 2789; x_wconf 87' lang='lat' dir='ltr'>quatuor</span> <span class='ocrx_word' id='word_1_321' title='bbox 507 2742 616 2779; x_wconf 90' lang='lat' dir='ltr'>codd.</span> <span class='ocrx_word' id='word_1_322' title='bbox 640 2741 894 2790; x_wconf 87' lang='lat' dir='ltr'>deprehendit.</span> <span class='ocrx_word' id='word_1_323' title='bbox 923 2743 1013 2781; x_wconf 92' lang='lat' dir='ltr'>Non</span> <span class='ocrx_word' id='word_1_324' title='bbox 1034 2756 1102 2792; x_wconf 92' lang='lat' dir='ltr'>pu-</span> 
     </span>
     <span class='ocr_line' id='line_1_47' title="bbox 134 2790 1099 2843; baseline 0.005 -14"><span class='ocrx_word' id='word_1_325' title='bbox 134 2800 190 2830; x_wconf 85' lang='lat' dir='ltr'>tat</span> <span class='ocrx_word' id='word_1_326' title='bbox 217 2798 365 2834; x_wconf 78' lang='lat' dir='ltr'>autem,</span> <span class='ocrx_word' id='word_1_327' title='bbox 390 2790 591 2839; x_wconf 85' lang='lat' dir='ltr'>legendum</span> <span class='ocrx_word' id='word_1_328' title='bbox 621 2790 692 2830; x_wconf 88' lang='lat' dir='ltr'>effe</span> <span class='ocrx_word' id='word_1_329' title='bbox 722 2793 885 2830; x_wconf 76' lang='lat' dir='ltr'>Publius:</span> <span class='ocrx_word' id='word_1_330' title='bbox 910 2794 996 2843; x_wconf 88' lang='lat' dir='ltr'>quia</span> <span class='ocrx_word' id='word_1_331' title='bbox 1020 2795 1099 2834; x_wconf 93' lang='lat' dir='ltr'>solo</span> 
     </span>
     <span class='ocr_line' id='line_1_48' title="bbox 134 2841 1098 2894; baseline 0.006 -15"><span class='ocrx_word' id='word_1_332' title='bbox 134 2842 382 2890; x_wconf 84' lang='lat' dir='ltr'>praenomine</span> <span class='ocrx_word' id='word_1_333' title='bbox 414 2841 557 2880; x_wconf 88' lang='lat' dir='ltr'>senator</span> <span class='ocrx_word' id='word_1_334' title='bbox 599 2843 773 2892; x_wconf 83' lang='lat' dir='ltr'>cognosci</span> <span class='ocrx_word' id='word_1_335' title='bbox 809 2856 887 2882; x_wconf 89' lang='lat' dir='ltr'>non</span> <span class='ocrx_word' id='word_1_336' title='bbox 919 2848 1098 2894; x_wconf 89' lang='lat' dir='ltr'>potuerit.</span> 
     </span>
     <span class='ocr_line' id='line_1_49' title="bbox 133 2893 1098 2941; baseline 0.007 -11"><span class='ocrx_word' id='word_1_337' title='bbox 133 2893 332 2931; x_wconf 84' lang='lat' dir='ltr'>VORST.</span> <span class='ocrx_word' id='word_1_338' title='bbox 361 2894 501 2929; x_wconf 81' lang='lat' dir='ltr'>Paullus</span> <span class='ocrx_word' id='word_1_339' title='bbox 530 2907 607 2930; x_wconf 65' lang='lat' dir='ltr'>vero</span> <span class='ocrx_word' id='word_1_340' title='bbox 626 2897 775 2941; x_wconf 81' lang='lat' dir='ltr'>senator.</span> <span class='ocrx_word' id='word_1_341' title='bbox 809 2896 924 2934; x_wconf 60' lang='lat' dir='ltr'>Paulli</span> <span class='ocrx_word' id='word_1_342' title='bbox 952 2897 1098 2936; x_wconf 68' lang='lat' dir='ltr'>l&#39;n‘RO-</span> 
     </span>
     <span class='ocr_line' id='line_1_50' title="bbox 135 2944 1100 2993; baseline 0.005 -11"><span class='ocrx_word' id='word_1_343' title='bbox 135 2957 249 2982; x_wconf 78' lang='lat' dir='ltr'>mana</span> <span class='ocrx_word' id='word_1_344' title='bbox 286 2945 380 2993; x_wconf 89' lang='lat' dir='ltr'>Rep.</span> <span class='ocrx_word' id='word_1_345' title='bbox 416 2956 494 2982; x_wconf 87' lang='lat' dir='ltr'>non</span> <span class='ocrx_word' id='word_1_346' title='bbox 521 2944 629 2982; x_wconf 83' lang='lat' dir='ltr'>multi</span> <span class='ocrx_word' id='word_1_347' title='bbox 657 2947 760 2983; x_wconf 90' lang='lat' dir='ltr'>fuere</span> <span class='ocrx_word' id='word_1_348' title='bbox 780 2974 791 2989; x_wconf 92' lang='lat'><strong><em>‚</em></strong></span> <span class='ocrx_word' id='word_1_349' title='bbox 830 2959 900 2984; x_wconf 90' lang='lat' dir='ltr'>nec</span> <span class='ocrx_word' id='word_1_350' title='bbox 928 2948 993 2985; x_wconf 84' lang='lat' dir='ltr'>nili</span> <span class='ocrx_word' id='word_1_351' title='bbox 1020 2949 1100 2987; x_wconf 86' lang='lat' dir='ltr'>illu-</span> 
     </span>
     <span class='ocr_line' id='line_1_51' title="bbox 132 2995 1100 3038; baseline 0.004 -5"><span class='ocrx_word' id='word_1_352' title='bbox 132 2996 286 3034; x_wconf 77' lang='lat' dir='ltr'>striffimi</span> <span class='ocrx_word' id='word_1_353' title='bbox 306 2996 381 3033; x_wconf 80' lang='lat' dir='ltr'>viti.</span> <span class='ocrx_word' id='word_1_354' title='bbox 395 2995 508 3033; x_wconf 80' lang='lat' dir='ltr'>Forte</span> <span class='ocrx_word' id='word_1_355' title='bbox 525 2996 703 3033; x_wconf 81' lang='lat' dir='ltr'>Publilius.</span> <span class='ocrx_word' id='word_1_356' title='bbox 726 2996 969 3037; x_wconf 86' lang='lat' dir='ltr'>PERIZON.</span> <span class='ocrx_word' id='word_1_357' title='bbox 992 3003 1100 3038; x_wconf 86' lang='lat' dir='ltr'>Paul-</span> 
     </span>
     <span class='ocr_line' id='line_1_52' title="bbox 130 3046 1100 3100; baseline 0.007 -16"><span class='ocrx_word' id='word_1_358' title='bbox 130 3049 184 3085; x_wconf 74' lang='lat' dir='ltr'>lus</span> <span class='ocrx_word' id='word_1_359' title='bbox 204 3060 224 3086; x_wconf 77' lang='lat' dir='ltr'>a</span> <span class='ocrx_word' id='word_1_360' title='bbox 242 3047 376 3096; x_wconf 79' lang='lat' dir='ltr'>Pighio</span> <span class='ocrx_word' id='word_1_361' title='bbox 396 3046 455 3085; x_wconf 79' lang='lat' dir='ltr'>est.</span> <span class='ocrx_word' id='word_1_362' title='bbox 504 3047 629 3086; x_wconf 87' lang='lat' dir='ltr'>Ceteri</span> <span class='ocrx_word' id='word_1_363' title='bbox 650 3047 804 3086; x_wconf 76' lang='lat' dir='ltr'>Publius.</span> <span class='ocrx_word' id='word_1_364' title='bbox 830 3050 938 3100; x_wconf 89' lang='lat' dir='ltr'>Mog.</span> <span class='ocrx_word' id='word_1_365' title='bbox 965 3053 1004 3091; x_wconf 86' lang='lat' dir='ltr'>C.</span> <span class='ocrx_word' id='word_1_366' title='bbox 1030 3055 1100 3091; x_wconf 74' lang='lat' dir='ltr'>Pu-</span> 
     </span>
    </p>
   </div>
   <div class='ocr_carea' id='block_1_11' title="bbox 2075 1041 2139 1090">
    <p class='ocr_par' dir='ltr' id='par_1_16' title="bbox 2075 1041 2139 1090">
     <span class='ocr_line' id='line_1_53' title="bbox 2075 1041 2139 1090; baseline 0 -1"><span class='ocrx_word' id='word_1_367' title='bbox 2075 1041 2139 1090; x_wconf 79' lang='lat' dir='ltr'>sul</span> 
     </span>
    </p>
   </div>
   <div class='ocr_carea' id='block_1_12' title="bbox 1150 1162 2142 3140">
    <p class='ocr_par' dir='ltr' id='par_1_17' title="bbox 1164 1162 2139 1611">
     <span class='ocr_line' id='line_1_54' title="bbox 1164 1162 2131 1220; baseline 0.011 -20"><span class='ocrx_word' id='word_1_368' title='bbox 1164 1162 1251 1200; x_wconf 80' lang='lat' dir='ltr'>blius</span> <span class='ocrx_word' id='word_1_369' title='bbox 1272 1163 1332 1201; x_wconf 86' lang='lat' dir='ltr'>vel</span> <span class='ocrx_word' id='word_1_370' title='bbox 1354 1166 1395 1201; x_wconf 90' lang='lat' dir='ltr'>P.</span> <span class='ocrx_word' id='word_1_371' title='bbox 1424 1164 1536 1203; x_wconf 78' lang='lat' dir='ltr'>exstat</span> <span class='ocrx_word' id='word_1_372' title='bbox 1554 1165 1591 1202; x_wconf 92' lang='lat' dir='ltr'>in</span> <span class='ocrx_word' id='word_1_373' title='bbox 1611 1165 1753 1216; x_wconf 85' lang='lat' dir='ltr'>aliquot</span> <span class='ocrx_word' id='word_1_374' title='bbox 1774 1168 1882 1206; x_wconf 87' lang='lat' dir='ltr'>MSS.</span> <span class='ocrx_word' id='word_1_375' title='bbox 1908 1171 2039 1220; x_wconf 82' lang='lat' dir='ltr'>Ultraj.</span> <span class='ocrx_word' id='word_1_376' title='bbox 2060 1172 2131 1211; x_wconf 82' lang='lat' dir='ltr'>see.</span> 
     </span>
     <span class='ocr_line' id='line_1_55' title="bbox 1166 1215 2132 1269; baseline 0.009 -18"><span class='ocrx_word' id='word_1_377' title='bbox 1166 1217 1204 1252; x_wconf 93' lang='lat' dir='ltr'>T.</span> <span class='ocrx_word' id='word_1_378' title='bbox 1233 1217 1364 1251; x_wconf 76' lang='lat' dir='ltr'>Paulus</span> <span class='ocrx_word' id='word_1_379' title='bbox 1392 1215 1438 1252; x_wconf 82' lang='lat' dir='ltr'>est</span> <span class='ocrx_word' id='word_1_380' title='bbox 1471 1217 1507 1252; x_wconf 83' lang='lat' dir='ltr'>in</span> <span class='ocrx_word' id='word_1_381' title='bbox 1539 1216 1644 1254; x_wconf 78' lang='lat' dir='ltr'>Leid.</span> <span class='ocrx_word' id='word_1_382' title='bbox 1681 1219 1752 1254; x_wconf 78' lang='lat' dir='ltr'>sex.</span> <span class='ocrx_word' id='word_1_383' title='bbox 1789 1221 1897 1269; x_wconf 83' lang='lat' dir='ltr'>Lupus</span> <span class='ocrx_word' id='word_1_384' title='bbox 1929 1222 2066 1258; x_wconf 66' lang='lat' dir='ltr'>Pontius</span> <span class='ocrx_word' id='word_1_385' title='bbox 2094 1225 2132 1261; x_wconf 77' lang='lat' dir='ltr'>in</span> 
     </span>
     <span class='ocr_line' id='line_1_56' title="bbox 1164 1266 2134 1322; baseline 0.01 -20"><span class='ocrx_word' id='word_1_386' title='bbox 1164 1266 1344 1314; x_wconf 74' lang='lat' dir='ltr'>plerisque</span> <span class='ocrx_word' id='word_1_387' title='bbox 1377 1266 1481 1304; x_wconf 86' lang='lat' dir='ltr'>MSS.</span> <span class='ocrx_word' id='word_1_388' title='bbox 1513 1268 1550 1304; x_wconf 89' lang='lat'>&amp;</span> <span class='ocrx_word' id='word_1_389' title='bbox 1572 1268 1682 1316; x_wconf 82' lang='lat' dir='ltr'>Mog.</span> <span class='ocrx_word' id='word_1_390' title='bbox 1710 1280 1788 1305; x_wconf 89' lang='lat' dir='ltr'>non</span> <span class='ocrx_word' id='word_1_391' title='bbox 1817 1273 1952 1310; x_wconf 73' lang='lat' dir='ltr'>Lucius.</span> <span class='ocrx_word' id='word_1_392' title='bbox 1978 1274 2134 1322; x_wconf 86' lang='lat' dir='ltr'>Optime</span> 
     </span>
     <span class='ocr_line' id='line_1_57' title="bbox 1166 1317 2134 1366; baseline 0.008 -11"><span class='ocrx_word' id='word_1_393' title='bbox 1166 1330 1257 1355; x_wconf 80' lang='lat' dir='ltr'>vcro</span> <span class='ocrx_word' id='word_1_394' title='bbox 1288 1318 1393 1355; x_wconf 78' lang='lat' dir='ltr'>Ihust.</span> <span class='ocrx_word' id='word_1_395' title='bbox 1422 1317 1688 1366; x_wconf 68' lang='lat' dir='ltr'>Bynltershoek</span> <span class='ocrx_word' id='word_1_396' title='bbox 1715 1320 1774 1356; x_wconf 90' lang='lat' dir='ltr'>hic</span> <span class='ocrx_word' id='word_1_397' title='bbox 1806 1323 1947 1358; x_wconf 66' lang='lat' dir='ltr'>Publius</span> <span class='ocrx_word' id='word_1_398' title='bbox 1978 1326 2134 1363; x_wconf 77' lang='lat' dir='ltr'>retinen-</span> 
     </span>
     <span class='ocr_line' id='line_1_58' title="bbox 1166 1368 2133 1418; baseline 0.005 -11"><span class='ocrx_word' id='word_1_399' title='bbox 1166 1368 1254 1407; x_wconf 87' lang='lat' dir='ltr'>dum</span> <span class='ocrx_word' id='word_1_400' title='bbox 1286 1368 1415 1406; x_wconf 84' lang='lat' dir='ltr'>docuit</span> <span class='ocrx_word' id='word_1_401' title='bbox 1437 1397 1446 1412; x_wconf 93' lang='lat'>‚</span> <span class='ocrx_word' id='word_1_402' title='bbox 1501 1381 1617 1418; x_wconf 88' lang='lat' dir='ltr'>quum</span> <span class='ocrx_word' id='word_1_403' title='bbox 1659 1370 1818 1406; x_wconf 72' lang='lat' dir='ltr'>Publium</span> <span class='ocrx_word' id='word_1_404' title='bbox 1854 1376 1992 1411; x_wconf 80' lang='lat' dir='ltr'>Caecum</span> <span class='ocrx_word' id='word_1_405' title='bbox 2023 1378 2133 1413; x_wconf 69' lang='lat' dir='ltr'>Nonii</span> 
     </span>
     <span class='ocr_line' id='line_1_59' title="bbox 1164 1423 2134 1475; baseline 0.012 -22"><span class='ocrx_word' id='word_1_406' title='bbox 1164 1423 1383 1468; x_wconf 57' lang='lat' dir='ltr'>,Asprenatis</span> <span class='ocrx_word' id='word_1_407' title='bbox 1405 1431 1536 1469; x_wconf 81' lang='lat' dir='ltr'>patrem</span> <span class='ocrx_word' id='word_1_408' title='bbox 1566 1430 1843 1459; x_wconf 82' lang='lat' dir='ltr'>commemoret</span> <span class='ocrx_word' id='word_1_409' title='bbox 1873 1425 1984 1463; x_wconf 71' lang='lat' dir='ltr'>etiam</span> <span class='ocrx_word' id='word_1_410' title='bbox 2004 1427 2134 1475; x_wconf 78' lang='lat' dir='ltr'>Ulpia-</span> 
     </span>
     <span class='ocr_line' id='line_1_60' title="bbox 1164 1470 2133 1521; baseline 0.009 -14"><span class='ocrx_word' id='word_1_411' title='bbox 1164 1483 1255 1513; x_wconf 67' lang='lat' dir='ltr'>nus,</span> <span class='ocrx_word' id='word_1_412' title='bbox 1285 1473 1322 1508; x_wconf 67' lang='grc' dir='ltr'>ὃς</span> <span class='ocrx_word' id='word_1_413' title='bbox 1342 1470 1387 1508; x_wconf 91' lang='lat' dir='ltr'>de</span> <span class='ocrx_word' id='word_1_414' title='bbox 1415 1483 1462 1508; x_wconf 88' lang='lat' dir='ltr'>eo</span> <span class='ocrx_word' id='word_1_415' title='bbox 1491 1472 1628 1517; x_wconf 77' lang='lat' dir='ltr'>tradat,</span> <span class='ocrx_word' id='word_1_416' title='bbox 1661 1485 1756 1521; x_wconf 73' lang='lat' dir='ltr'>quac</span> <span class='ocrx_word' id='word_1_417' title='bbox 1781 1473 1817 1509; x_wconf 89' lang='lat' dir='ltr'>in</span> <span class='ocrx_word' id='word_1_418' title='bbox 1844 1474 1943 1511; x_wconf 86' lang='lat' dir='ltr'>hunc</span> <span class='ocrx_word' id='word_1_419' title='bbox 1973 1480 2133 1516; x_wconf 86' lang='lat' dir='ltr'>omnino</span> 
     </span>
     <span class='ocr_line' id='line_1_61' title="bbox 1165 1521 2139 1573; baseline 0.009 -14"><span class='ocrx_word' id='word_1_420' title='bbox 1165 1523 1404 1560; x_wconf 80' lang='lat' dir='ltr'>conveniant.</span> <span class='ocrx_word' id='word_1_421' title='bbox 1431 1521 1530 1559; x_wconf 85' lang='lat' dir='ltr'>Vide</span> <span class='ocrx_word' id='word_1_422' title='bbox 1562 1523 1667 1561; x_wconf 87' lang='lat' dir='ltr'>Illust.</span> <span class='ocrx_word' id='word_1_423' title='bbox 1696 1523 1776 1560; x_wconf 86' lang='lat' dir='ltr'>Viri</span> <span class='ocrx_word' id='word_1_424' title='bbox 1798 1524 1986 1564; x_wconf 90' lang='lat' dir='ltr'>Observat.</span> <span class='ocrx_word' id='word_1_425' title='bbox 2010 1529 2056 1573; x_wconf 78' lang='lat' dir='ltr'>L.</span> <span class='ocrx_word' id='word_1_426' title='bbox 2081 1542 2139 1568; x_wconf 81' lang='lat' dir='ltr'>tv.</span> 
     </span>
     <span class='ocr_line' id='line_1_62' title="bbox 1170 1586 1228 1611; baseline -0.017 0"><span class='ocrx_word' id='word_1_427' title='bbox 1170 1586 1228 1611; x_wconf 88' lang='lat'>12.</span> 
     </span>
    </p>

    <p class='ocr_par' dir='ltr' id='par_1_18' title="bbox 1154 1624 2142 2739">
     <span class='ocr_line' id='line_1_63' title="bbox 1229 1624 2141 1677; baseline 0.004 -16"><span class='ocrx_word' id='word_1_428' title='bbox 1229 1637 1285 1672; x_wconf 86' lang='lat'>19.</span> <span class='ocrx_word' id='word_1_429' title='bbox 1324 1628 1488 1674; x_wconf 73' lang='lat' dir='ltr'>Namque</span> <span class='ocrx_word' id='word_1_430' title='bbox 1519 1625 1584 1660; x_wconf 74' lang='lat' dir='ltr'>alii</span> <span class='ocrx_word' id='word_1_431' title='bbox 1611 1624 1806 1661; x_wconf 67' lang='lat' dir='ltr'>incommodo</span> <span class='ocrx_word' id='word_1_432' title='bbox 1828 1628 1968 1675; x_wconf 80' lang='lat' dir='ltr'>perculsi</span> <span class='ocrx_word' id='word_1_433' title='bbox 1991 1631 2141 1677; x_wconf 61' lang='lat' dir='ltr'>seceffitm</span> 
     </span>
     <span class='ocr_line' id='line_1_64' title="bbox 1163 1674 2142 1724; baseline 0.009 -15"><span class='ocrx_word' id='word_1_434' title='bbox 1163 1674 1302 1723; x_wconf 78' lang='lat' dir='ltr'>petunt]</span> <span class='ocrx_word' id='word_1_435' title='bbox 1357 1675 1429 1712; x_wconf 90' lang='lat' dir='ltr'>Sed</span> <span class='ocrx_word' id='word_1_436' title='bbox 1458 1687 1626 1724; x_wconf 67' lang='lat' dir='ltr'>quonam</span> <span class='ocrx_word' id='word_1_437' title='bbox 1656 1677 1909 1715; x_wconf 84' lang='lat' dir='ltr'>incommodo</span> <span class='ocrx_word' id='word_1_438' title='bbox 1937 1691 2013 1716; x_wconf 90' lang='lat' dir='ltr'>non</span> <span class='ocrx_word' id='word_1_439' title='bbox 2043 1680 2142 1718; x_wconf 74' lang='lat' dir='ltr'>dicit.</span> 
     </span>
     <span class='ocr_line' id='line_1_65' title="bbox 1169 1725 2140 1777; baseline 0.007 -16"><span class='ocrx_word' id='word_1_440' title='bbox 1169 1725 1394 1772; x_wconf 78' lang='lat' dir='ltr'>Legendum</span> <span class='ocrx_word' id='word_1_441' title='bbox 1431 1726 1586 1775; x_wconf 82' lang='lat' dir='ltr'>itaque;</span> <span class='ocrx_word' id='word_1_442' title='bbox 1637 1730 1793 1777; x_wconf 67' lang='lat' dir='ltr'>Namque</span> <span class='ocrx_word' id='word_1_443' title='bbox 1835 1731 1901 1765; x_wconf 78' lang='lat' dir='ltr'>tali</span> <span class='ocrx_word' id='word_1_444' title='bbox 1941 1732 2140 1767; x_wconf 79' lang='lat' dir='ltr'>incommodo</span> 
     </span>
     <span class='ocr_line' id='line_1_66' title="bbox 1164 1776 2138 1830; baseline 0.009 -19"><span class='ocrx_word' id='word_1_445' title='bbox 1164 1776 1314 1825; x_wconf 80' lang='lat' dir='ltr'>perculfi.</span> <span class='ocrx_word' id='word_1_446' title='bbox 1343 1777 1400 1813; x_wconf 92' lang='lat' dir='ltr'>Sic</span> <span class='ocrx_word' id='word_1_447' title='bbox 1430 1779 1532 1815; x_wconf 88' lang='lat' dir='ltr'>enim</span> <span class='ocrx_word' id='word_1_448' title='bbox 1565 1778 1600 1813; x_wconf 85' lang='lat' dir='ltr'>in</span> <span class='ocrx_word' id='word_1_449' title='bbox 1625 1777 1846 1827; x_wconf 78' lang='lat' dir='ltr'>Campenfi‚</span> <span class='ocrx_word' id='word_1_450' title='bbox 1877 1781 1914 1818; x_wconf 92' lang='lat' dir='ltr'>in</span> <span class='ocrx_word' id='word_1_451' title='bbox 1942 1794 2017 1830; x_wconf 88' lang='lat' dir='ltr'>quo</span> <span class='ocrx_word' id='word_1_452' title='bbox 2047 1783 2138 1821; x_wconf 84' lang='lat' dir='ltr'>item</span> 
     </span>
     <span class='ocr_line' id='line_1_67' title="bbox 1165 1827 2139 1882; baseline 0.007 -19"><span class='ocrx_word' id='word_1_453' title='bbox 1165 1827 1332 1875; x_wconf 89' lang='lat' dir='ltr'>sequenti</span> <span class='ocrx_word' id='word_1_454' title='bbox 1363 1827 1478 1865; x_wconf 87' lang='lat' dir='ltr'>verbo</span> <span class='ocrx_word' id='word_1_455' title='bbox 1508 1828 1651 1866; x_wconf 79' lang='lat' dir='ltr'>additur</span> <span class='ocrx_word' id='word_1_456' title='bbox 1681 1830 1813 1878; x_wconf 83' lang='lat' dir='ltr'>copula</span> <span class='ocrx_word' id='word_1_457' title='bbox 1834 1832 1882 1877; x_wconf 85' lang='lat' dir='ltr'>fic</span> <span class='ocrx_word' id='word_1_458' title='bbox 1906 1860 1915 1876; x_wconf 91' lang='lat'>‚</span> <span class='ocrx_word' id='word_1_459' title='bbox 1952 1832 2139 1882; x_wconf 59' lang='lat' dir='ltr'>duplicant-</span> 
     </span>
     <span class='ocr_line' id='line_1_68' title="bbox 1167 1879 2138 1929; baseline 0.01 -17"><span class='ocrx_word' id='word_1_460' title='bbox 1167 1892 1230 1927; x_wconf 83' lang='lat' dir='ltr'>que</span> <span class='ocrx_word' id='word_1_461' title='bbox 1256 1879 1417 1915; x_wconf 76' lang='lat' dir='ltr'>tenebras.</span> <span class='ocrx_word' id='word_1_462' title='bbox 1454 1879 1595 1917; x_wconf 87' lang='lat' dir='ltr'>PIGH.</span> <span class='ocrx_word' id='word_1_463' title='bbox 1645 1884 1801 1929; x_wconf 78' lang='lat' dir='ltr'>Namque</span> <span class='ocrx_word' id='word_1_464' title='bbox 1819 1885 1896 1919; x_wconf 77' lang='lat' dir='ltr'>tali.</span> <span class='ocrx_word' id='word_1_465' title='bbox 1929 1883 2009 1920; x_wconf 70' lang='lat' dir='ltr'>Lib.</span> <span class='ocrx_word' id='word_1_466' title='bbox 2036 1893 2138 1922; x_wconf 80' lang='lat' dir='ltr'>vetus</span> 
     </span>
     <span class='ocr_line' id='line_1_69' title="bbox 1167 1931 2138 1980; baseline 0.006 -14"><span class='ocrx_word' id='word_1_467' title='bbox 1167 1940 1280 1966; x_wconf 88' lang='lat' dir='ltr'>unus:</span> <span class='ocrx_word' id='word_1_468' title='bbox 1305 1934 1467 1980; x_wconf 75' lang='lat' dir='ltr'>Namque</span> <span class='ocrx_word' id='word_1_469' title='bbox 1485 1931 1562 1967; x_wconf 87' lang='lat' dir='ltr'>alii.</span> <span class='ocrx_word' id='word_1_470' title='bbox 1589 1932 1679 1968; x_wconf 91' lang='lat' dir='ltr'>Non</span> <span class='ocrx_word' id='word_1_471' title='bbox 1702 1931 1830 1968; x_wconf 78' lang='lat' dir='ltr'>dubito</span> <span class='ocrx_word' id='word_1_472' title='bbox 1849 1934 1994 1980; x_wconf 79' lang='lat' dir='ltr'>legere;</span> <span class='ocrx_word' id='word_1_473' title='bbox 2028 1939 2138 1972; x_wconf 75' lang='lat' dir='ltr'>Nam-</span> 
     </span>
     <span class='ocr_line' id='line_1_70' title="bbox 1162 1981 2137 2035; baseline 0.008 -21"><span class='ocrx_word' id='word_1_474' title='bbox 1162 1993 1226 2029; x_wconf 75' lang='lat' dir='ltr'>que</span> <span class='ocrx_word' id='word_1_475' title='bbox 1252 1981 1318 2016; x_wconf 72' lang='lat' dir='ltr'>alii</span> <span class='ocrx_word' id='word_1_476' title='bbox 1349 1982 1413 2016; x_wconf 71' lang='lat' dir='ltr'>tali</span> <span class='ocrx_word' id='word_1_477' title='bbox 1442 1981 1666 2026; x_wconf 75' lang='lat' dir='ltr'>incommodo,</span> <span class='ocrx_word' id='word_1_478' title='bbox 1685 1982 1837 2030; x_wconf 75' lang='lat' dir='ltr'>seteffum</span> <span class='ocrx_word' id='word_1_479' title='bbox 1863 1995 2000 2031; x_wconf 68' lang='lat' dir='ltr'>petunt,</span> <span class='ocrx_word' id='word_1_480' title='bbox 2024 1985 2137 2035; x_wconf 75' lang='lat' dir='ltr'>dupli-</span> 
     </span>
     <span class='ocr_line' id='line_1_71' title="bbox 1162 2030 2138 2083; baseline 0.008 -18"><span class='ocrx_word' id='word_1_481' title='bbox 1162 2041 1238 2066; x_wconf 81' lang='lat' dir='ltr'>cant</span> <span class='ocrx_word' id='word_1_482' title='bbox 1276 2030 1426 2068; x_wconf 83' lang='lat' dir='ltr'>tenebras</span> <span class='ocrx_word' id='word_1_483' title='bbox 1450 2057 1459 2073; x_wconf 94' lang='lat'>,</span> <span class='ocrx_word' id='word_1_484' title='bbox 1495 2034 1653 2076; x_wconf 68' lang='lat' dir='ltr'>fortuitis</span> <span class='ocrx_word' id='word_1_485' title='bbox 1690 2035 1900 2070; x_wconf 61' lang='lat' dir='ltr'>voluntarias</span> <span class='ocrx_word' id='word_1_486' title='bbox 1930 2035 2138 2083; x_wconf 62' lang='lat' dir='ltr'>adiicientes,</span> 
     </span>
     <span class='ocr_line' id='line_1_72' title="bbox 1164 2081 2132 2132; baseline 0.005 -14"><span class='ocrx_word' id='word_1_487' title='bbox 1164 2081 1358 2120; x_wconf 80' lang='lat' dir='ltr'>COLER.</span> <span class='ocrx_word' id='word_1_488' title='bbox 1387 2087 1548 2132; x_wconf 72' lang='lat' dir='ltr'>lv‘amque</span> <span class='ocrx_word' id='word_1_489' title='bbox 1579 2085 1642 2119; x_wconf 73' lang='lat' dir='ltr'>tali</span> <span class='ocrx_word' id='word_1_490' title='bbox 1663 2084 1860 2119; x_wconf 61' lang='lat' dir='ltr'>incommodo</span> <span class='ocrx_word' id='word_1_491' title='bbox 1882 2087 2026 2131; x_wconf 62' lang='lat' dir='ltr'>perasclfi.</span> <span class='ocrx_word' id='word_1_492' title='bbox 2054 2091 2132 2124; x_wconf 62' lang='lat' dir='ltr'>Tall</span> 
     </span>
     <span class='ocr_line' id='line_1_73' title="bbox 1163 2132 2131 2185; baseline 0.007 -17"><span class='ocrx_word' id='word_1_493' title='bbox 1163 2132 1338 2179; x_wconf 71' lang='lat' dir='ltr'>rescripsit</span> <span class='ocrx_word' id='word_1_494' title='bbox 1367 2133 1465 2170; x_wconf 63' lang='lat' dir='ltr'>reete</span> <span class='ocrx_word' id='word_1_495' title='bbox 1485 2134 1631 2182; x_wconf 79' lang='lat' dir='ltr'>Pighius</span> <span class='ocrx_word' id='word_1_496' title='bbox 1658 2146 1702 2183; x_wconf 77' lang='lat' dir='ltr'>ex</span> <span class='ocrx_word' id='word_1_497' title='bbox 1731 2134 1816 2172; x_wconf 88' lang='lat' dir='ltr'>cod.</span> <span class='ocrx_word' id='word_1_498' title='bbox 1844 2136 2051 2185; x_wconf 79' lang='lat' dir='ltr'>Campenfi.</span> <span class='ocrx_word' id='word_1_499' title='bbox 2079 2140 2131 2176; x_wconf 80' lang='lat' dir='ltr'>A.</span> 
     </span>
     <span class='ocr_line' id='line_1_74' title="bbox 1159 2182 2130 2237; baseline 0.006 -17"><span class='ocrx_word' id='word_1_500' title='bbox 1159 2182 1197 2220; x_wconf 68' lang='lat' dir='ltr'>lli</span> <span class='ocrx_word' id='word_1_501' title='bbox 1218 2184 1354 2221; x_wconf 67' lang='lat' dir='ltr'>habent</span> <span class='ocrx_word' id='word_1_502' title='bbox 1365 2189 1525 2234; x_wconf 66' lang='lat' dir='ltr'>[Vanaque</span> <span class='ocrx_word' id='word_1_503' title='bbox 1543 2187 1607 2219; x_wconf 76' lang='lat' dir='ltr'>alti</span> <span class='ocrx_word' id='word_1_504' title='bbox 1627 2185 1824 2221; x_wconf 71' lang='lat' dir='ltr'>incommodo</span> <span class='ocrx_word' id='word_1_505' title='bbox 1840 2189 1987 2234; x_wconf 58' lang='lat' dir='ltr'>perculsi.</span> <span class='ocrx_word' id='word_1_506' title='bbox 2013 2191 2130 2237; x_wconf 77' lang='lat' dir='ltr'>QUOd</span> 
     </span>
     <span class='ocr_line' id='line_1_75' title="bbox 1161 2235 2128 2283; baseline 0.007 -12"><span class='ocrx_word' id='word_1_507' title='bbox 1161 2245 1246 2271; x_wconf 88' lang='lat' dir='ltr'>cum</span> <span class='ocrx_word' id='word_1_508' title='bbox 1277 2247 1354 2272; x_wconf 90' lang='lat' dir='ltr'>non</span> <span class='ocrx_word' id='word_1_509' title='bbox 1384 2235 1463 2272; x_wconf 84' lang='lat' dir='ltr'>satis</span> <span class='ocrx_word' id='word_1_510' title='bbox 1494 2235 1644 2283; x_wconf 86' lang='lat' dir='ltr'>plenum</span> <span class='ocrx_word' id='word_1_511' title='bbox 1678 2236 1848 2281; x_wconf 81' lang='lat' dir='ltr'>videtur,</span> <span class='ocrx_word' id='word_1_512' title='bbox 1875 2239 1911 2275; x_wconf 86' lang='lat' dir='ltr'>in</span> <span class='ocrx_word' id='word_1_513' title='bbox 1941 2252 2016 2277; x_wconf 86' lang='lat' dir='ltr'>uno</span> <span class='ocrx_word' id='word_1_514' title='bbox 2046 2241 2128 2278; x_wconf 79' lang='lat' dir='ltr'>cod&gt;</span> 
     </span>
     <span class='ocr_line' id='line_1_76' title="bbox 1158 2285 2127 2338; baseline 0.007 -17"><span class='ocrx_word' id='word_1_515' title='bbox 1158 2285 1291 2323; x_wconf 86' lang='lat' dir='ltr'>Brand.</span> <span class='ocrx_word' id='word_1_516' title='bbox 1312 2286 1485 2333; x_wconf 87' lang='lat' dir='ltr'>scriptum</span> <span class='ocrx_word' id='word_1_517' title='bbox 1514 2288 1673 2334; x_wconf 74' lang='lat' dir='ltr'>superius</span> <span class='ocrx_word' id='word_1_518' title='bbox 1702 2287 1749 2324; x_wconf 83' lang='lat' dir='ltr'>est</span> <span class='ocrx_word' id='word_1_519' title='bbox 1771 2291 1855 2335; x_wconf 52' lang='grc' dir='ltr'>ψη</span> <span class='ocrx_word' id='word_1_520' title='bbox 1889 2298 1927 2327; x_wconf 88' lang='lat' dir='ltr'>ut</span> <span class='ocrx_word' id='word_1_521' title='bbox 1948 2291 2053 2338; x_wconf 85' lang='lat' dir='ltr'>plene</span> <span class='ocrx_word' id='word_1_522' title='bbox 2077 2292 2127 2328; x_wconf 86' lang='lat' dir='ltr'>le-</span> 
     </span>
     <span class='ocr_line' id='line_1_77' title="bbox 1156 2338 2127 2387; baseline 0.008 -17"><span class='ocrx_word' id='word_1_523' title='bbox 1156 2344 1262 2384; x_wconf 74' lang='lat' dir='ltr'>gatur</span> <span class='ocrx_word' id='word_1_524' title='bbox 1292 2338 1385 2376; x_wconf 48' lang='lat' dir='ltr'>dlii</span> <span class='ocrx_word' id='word_1_525' title='bbox 1421 2338 1620 2373; x_wconf 64' lang='lat' dir='ltr'>incommodo</span> <span class='ocrx_word' id='word_1_526' title='bbox 1655 2340 1713 2384; x_wconf 76' lang='lat' dir='ltr'>isto</span> <span class='ocrx_word' id='word_1_527' title='bbox 1750 2341 1897 2387; x_wconf 67' lang='lat' dir='ltr'>perculsi.</span> <span class='ocrx_word' id='word_1_528' title='bbox 1935 2343 2127 2379; x_wconf 62' lang='lat' dir='ltr'>VORST.</span> 
     </span>
     <span class='ocr_line' id='line_1_78' title="bbox 1157 2388 2124 2440; baseline 0.008 -19"><span class='ocrx_word' id='word_1_529' title='bbox 1157 2389 1318 2437; x_wconf 75' lang='lat' dir='ltr'>Namque</span> <span class='ocrx_word' id='word_1_530' title='bbox 1343 2388 1409 2422; x_wconf 80' lang='lat' dir='ltr'>alti</span> <span class='ocrx_word' id='word_1_531' title='bbox 1441 2388 1599 2425; x_wconf 76' lang='lat' dir='ltr'>retinent</span> <span class='ocrx_word' id='word_1_532' title='bbox 1617 2389 1725 2426; x_wconf 82' lang='lat' dir='ltr'>MSS.</span> <span class='ocrx_word' id='word_1_533' title='bbox 1746 2392 2003 2429; x_wconf 60' lang='lat' dir='ltr'>omnesssarb.</span> <span class='ocrx_word' id='word_1_534' title='bbox 2020 2393 2124 2440; x_wconf 76' lang='lat' dir='ltr'>prim,</span> 
     </span>
     <span class='ocr_line' id='line_1_79' title="bbox 1156 2437 2125 2492; baseline 0.005 -19"><span class='ocrx_word' id='word_1_535' title='bbox 1156 2451 1190 2472; x_wconf 88' lang='lat' dir='ltr'>eo</span> <span class='ocrx_word' id='word_1_536' title='bbox 1209 2437 1417 2474; x_wconf 79' lang='lat' dir='ltr'>incommodo.</span> <span class='ocrx_word' id='word_1_537' title='bbox 1431 2438 1562 2487; x_wconf 74' lang='lat' dir='ltr'>Ultraj.</span> <span class='ocrx_word' id='word_1_538' title='bbox 1583 2442 1652 2475; x_wconf 78' lang='lat' dir='ltr'>alio</span> <span class='ocrx_word' id='word_1_539' title='bbox 1674 2441 1884 2479; x_wconf 77' lang='lat' dir='ltr'>incommodo.</span> <span class='ocrx_word' id='word_1_540' title='bbox 1911 2444 2010 2492; x_wconf 74' lang='lat' dir='ltr'>quod</span> <span class='ocrx_word' id='word_1_541' title='bbox 2033 2454 2125 2479; x_wconf 73' lang='lat' dir='ltr'>Con-</span> 
     </span>
     <span class='ocr_line' id='line_1_80' title="bbox 1156 2488 2120 2541; baseline 0.005 -16"><span class='ocrx_word' id='word_1_542' title='bbox 1156 2488 1315 2526; x_wconf 65' lang='lat' dir='ltr'>tractum</span> <span class='ocrx_word' id='word_1_543' title='bbox 1346 2488 1518 2528; x_wconf 86' lang='lat' dir='ltr'>videlicet</span> <span class='ocrx_word' id='word_1_544' title='bbox 1547 2491 1595 2527; x_wconf 91' lang='lat' dir='ltr'>est</span> <span class='ocrx_word' id='word_1_545' title='bbox 1622 2503 1666 2528; x_wconf 73' lang='lat' dir='ltr'>ex</span> <span class='ocrx_word' id='word_1_546' title='bbox 1695 2494 1757 2528; x_wconf 74' lang='lat' dir='ltr'>alu</span> <span class='ocrx_word' id='word_1_547' title='bbox 1792 2509 1836 2530; x_wconf 69' lang='lat' dir='ltr'>eo.</span> <span class='ocrx_word' id='word_1_548' title='bbox 1873 2495 1911 2530; x_wconf 83' lang='lat'>&amp;</span> <span class='ocrx_word' id='word_1_549' title='bbox 1939 2493 1985 2528; x_wconf 81' lang='lat' dir='ltr'>lic</span> <span class='ocrx_word' id='word_1_550' title='bbox 2014 2494 2120 2541; x_wconf 76' lang='lat' dir='ltr'>Mog.</span> 
     </span>
     <span class='ocr_line' id='line_1_81' title="bbox 1158 2539 2119 2590; baseline 0.004 -14"><span class='ocrx_word' id='word_1_551' title='bbox 1158 2540 1253 2588; x_wconf 91' lang='lat' dir='ltr'>Cop.</span> <span class='ocrx_word' id='word_1_552' title='bbox 1289 2539 1487 2576; x_wconf 82' lang='lat' dir='ltr'>incommodo</span> <span class='ocrx_word' id='word_1_553' title='bbox 1514 2544 1602 2586; x_wconf 78' lang='lat' dir='ltr'>isto..</span> <span class='ocrx_word' id='word_1_554' title='bbox 1637 2542 1850 2581; x_wconf 78' lang='lat' dir='ltr'>Perizonius</span> <span class='ocrx_word' id='word_1_555' title='bbox 1880 2543 2119 2590; x_wconf 71' lang='lat' dir='ltr'>conjiciebat⁹</span> 
     </span>
     <span class='ocr_line' id='line_1_82' title="bbox 1157 2592 2120 2644; baseline 0.003 -17"><span class='ocrx_word' id='word_1_556' title='bbox 1157 2594 1250 2627; x_wconf 83' lang='lat' dir='ltr'>Nam</span> <span class='ocrx_word' id='word_1_557' title='bbox 1275 2592 1364 2635; x_wconf 82' lang='lat' dir='ltr'>alii,</span> <span class='ocrx_word' id='word_1_558' title='bbox 1398 2594 1467 2642; x_wconf 71' lang='lat' dir='ltr'>qui.</span> <span class='ocrx_word' id='word_1_559' title='bbox 1499 2593 1580 2637; x_wconf 85' lang='lat' dir='ltr'>vel,</span> <span class='ocrx_word' id='word_1_560' title='bbox 1614 2608 1755 2644; x_wconf 68' lang='lat' dir='ltr'>namque</span> <span class='ocrx_word' id='word_1_561' title='bbox 1786 2594 1849 2628; x_wconf 73' lang='lat' dir='ltr'>alii</span> <span class='ocrx_word' id='word_1_562' title='bbox 1876 2595 1950 2629; x_wconf 76' lang='lat' dir='ltr'>tali.</span> <span class='ocrx_word' id='word_1_563' title='bbox 2005 2595 2120 2631; x_wconf 72' lang='lat' dir='ltr'>Resti-</span> 
     </span>
     <span class='ocr_line' id='line_1_83' title="bbox 1155 2642 2118 2693; baseline 0.003 -14"><span class='ocrx_word' id='word_1_564' title='bbox 1155 2642 1209 2679; x_wconf 85' lang='lat' dir='ltr'>tui</span> <span class='ocrx_word' id='word_1_565' title='bbox 1239 2657 1381 2692; x_wconf 83' lang='lat' dir='ltr'>namque</span> <span class='ocrx_word' id='word_1_566' title='bbox 1409 2644 1474 2679; x_wconf 83' lang='lat' dir='ltr'>alii</span> <span class='ocrx_word' id='word_1_567' title='bbox 1505 2660 1562 2689; x_wconf 88' lang='lat' dir='ltr'>eo,</span> <span class='ocrx_word' id='word_1_568' title='bbox 1598 2646 1699 2693; x_wconf 86' lang='lat' dir='ltr'>quod</span> <span class='ocrx_word' id='word_1_569' title='bbox 1722 2645 1809 2681; x_wconf 85' lang='lat' dir='ltr'>mihi</span> <span class='ocrx_word' id='word_1_570' title='bbox 1833 2643 1876 2679; x_wconf 79' lang='lat' dir='ltr'>ad</span> <span class='ocrx_word' id='word_1_571' title='bbox 1899 2643 2002 2680; x_wconf 79' lang='lat' dir='ltr'>MSS.</span> <span class='ocrx_word' id='word_1_572' title='bbox 2030 2656 2118 2692; x_wconf 52' lang='lat' dir='ltr'>pto«</span> 
     </span>
     <span class='ocr_line' id='line_1_84' title="bbox 1154 2693 2082 2739; baseline 0.003 -9"><span class='ocrx_word' id='word_1_573' title='bbox 1154 2694 1256 2731; x_wconf 82' lang='lat' dir='ltr'>xime</span> <span class='ocrx_word' id='word_1_574' title='bbox 1276 2694 1454 2732; x_wconf 83' lang='lat' dir='ltr'>accedere</span> <span class='ocrx_word' id='word_1_575' title='bbox 1467 2723 1477 2739; x_wconf 91' lang='lat'>‚</span> <span class='ocrx_word' id='word_1_576' title='bbox 1502 2697 1541 2733; x_wconf 90' lang='lat'>&amp;</span> <span class='ocrx_word' id='word_1_577' title='bbox 1559 2695 1859 2732; x_wconf 67' lang='lat' dir='ltr'>verisimillimum</span> <span class='ocrx_word' id='word_1_578' title='bbox 1881 2693 2082 2733; x_wconf 62' lang='lat' dir='ltr'>videbatur.</span> 
     </span>
    </p>

    <p class='ocr_par' dir='ltr' id='par_1_19' title="bbox 1150 2743 2118 3106">
     <span class='ocr_line' id='line_1_85' title="bbox 1205 2743 2118 2793; baseline 0.002 -11"><span class='ocrx_word' id='word_1_579' title='bbox 1205 2757 1263 2783; x_wconf 87' lang='lat'>20.</span> <span class='ocrx_word' id='word_1_580' title='bbox 1291 2747 1454 2782; x_wconf 70' lang='lat' dir='ltr'>fortuitis</span> <span class='ocrx_word' id='word_1_581' title='bbox 1478 2748 1688 2782; x_wconf 69' lang='lat' dir='ltr'>‘voluntarias</span> <span class='ocrx_word' id='word_1_582' title='bbox 1707 2743 1916 2793; x_wconf 79' lang='lat' dir='ltr'>adjicientes]</span> <span class='ocrx_word' id='word_1_583' title='bbox 1953 2745 2010 2782; x_wconf 78' lang='lat' dir='ltr'>Sic</span> <span class='ocrx_word' id='word_1_584' title='bbox 2032 2748 2118 2783; x_wconf 82' lang='lat' dir='ltr'>Me-</span> 
     </span>
     <span class='ocr_line' id='line_1_86' title="bbox 1153 2793 2115 2845; baseline 0.003 -13"><span class='ocrx_word' id='word_1_585' title='bbox 1153 2793 1242 2834; x_wconf 87' lang='lat' dir='ltr'>diol.</span> <span class='ocrx_word' id='word_1_586' title='bbox 1281 2797 1319 2834; x_wconf 72' lang='grc' dir='ltr'>δε</span> <span class='ocrx_word' id='word_1_587' title='bbox 1348 2797 1495 2834; x_wconf 84' lang='lat' dir='ltr'>Ascens.</span> <span class='ocrx_word' id='word_1_588' title='bbox 1542 2797 1663 2833; x_wconf 78' lang='lat' dir='ltr'>Ceteri</span> <span class='ocrx_word' id='word_1_589' title='bbox 1693 2807 1776 2832; x_wconf 88' lang='lat' dir='ltr'>cum</span> <span class='ocrx_word' id='word_1_590' title='bbox 1808 2794 1986 2845; x_wconf 85' lang='lat' dir='ltr'>plerisque</span> <span class='ocrx_word' id='word_1_591' title='bbox 2007 2797 2115 2835; x_wconf 86' lang='lat' dir='ltr'>MSS.</span> 
     </span>
     <span class='ocr_line' id='line_1_87' title="bbox 1153 2847 2117 2885; baseline 0.003 -3"><span class='ocrx_word' id='word_1_592' title='bbox 1153 2848 1313 2884; x_wconf 73' lang='lat' dir='ltr'>fortuitis</span> <span class='ocrx_word' id='word_1_593' title='bbox 1339 2850 1547 2884; x_wconf 65' lang='lat' dir='ltr'>voluntaria.</span> <span class='ocrx_word' id='word_1_594' title='bbox 1584 2847 1802 2883; x_wconf 84' lang='lat' dir='ltr'>Voluntarias</span> <span class='ocrx_word' id='word_1_595' title='bbox 1830 2848 2019 2885; x_wconf 82' lang='lat' dir='ltr'>revocavit</span> <span class='ocrx_word' id='word_1_596' title='bbox 2038 2847 2117 2885; x_wconf 80' lang='lat' dir='ltr'>Co-</span> 
     </span>
     <span class='ocr_line' id='line_1_88' title="bbox 1151 2895 2111 2948; baseline 0 -12"><span class='ocrx_word' id='word_1_597' title='bbox 1151 2895 1269 2942; x_wconf 86' lang='lat' dir='ltr'>lerus;</span> <span class='ocrx_word' id='word_1_598' title='bbox 1310 2900 1348 2937; x_wconf 91' lang='lat'>&amp;</span> <span class='ocrx_word' id='word_1_599' title='bbox 1378 2899 1475 2937; x_wconf 71' lang='lat' dir='ltr'>recste</span> <span class='ocrx_word' id='word_1_600' title='bbox 1504 2897 1664 2948; x_wconf 85' lang='lat' dir='ltr'>quidem.</span> <span class='ocrx_word' id='word_1_601' title='bbox 1724 2897 1764 2934; x_wconf 86' lang='lat' dir='ltr'>Id</span> <span class='ocrx_word' id='word_1_602' title='bbox 1792 2897 1890 2933; x_wconf 83' lang='lat' dir='ltr'>enim</span> <span class='ocrx_word' id='word_1_603' title='bbox 1924 2898 2001 2935; x_wconf 82' lang='lat' dir='ltr'>vult</span> <span class='ocrx_word' id='word_1_604' title='bbox 2031 2900 2111 2936; x_wconf 77' lang='lat' dir='ltr'>Au-</span> 
     </span>
     <span class='ocr_line' id='line_1_89' title="bbox 1154 2947 2111 2997; baseline 0.002 -12"><span class='ocrx_word' id='word_1_605' title='bbox 1154 2947 1257 2995; x_wconf 68' lang='grc' dir='ltr'><em>ἑὶοῑ,</em></span> <span class='ocrx_word' id='word_1_606' title='bbox 1291 2949 1373 2988; x_wconf 80' lang='lat' dir='ltr'>illos</span> <span class='ocrx_word' id='word_1_607' title='bbox 1399 2949 1582 2997; x_wconf 81' lang='lat' dir='ltr'>duplicare</span> <span class='ocrx_word' id='word_1_608' title='bbox 1607 2948 1799 2988; x_wconf 73' lang='lat' dir='ltr'>tenebras.</span> <span class='ocrx_word' id='word_1_609' title='bbox 1834 2947 1922 2986; x_wconf 87' lang='lat' dir='ltr'>dum</span> <span class='ocrx_word' id='word_1_610' title='bbox 1954 2950 2111 2987; x_wconf 78' lang='lat' dir='ltr'>caecita-</span> 
     </span>
     <span class='ocr_line' id='line_1_90' title="bbox 1152 2998 2110 3049; baseline 0.001 -13"><span class='ocrx_word' id='word_1_611' title='bbox 1152 2999 1202 3042; x_wconf 86' lang='lat' dir='ltr'>ti,</span> <span class='ocrx_word' id='word_1_612' title='bbox 1226 3013 1322 3049; x_wconf 83' lang='lat' dir='ltr'>quae</span> <span class='ocrx_word' id='word_1_613' title='bbox 1348 3003 1429 3038; x_wconf 82' lang='lat' dir='ltr'>casu</span> <span class='ocrx_word' id='word_1_614' title='bbox 1453 3001 1519 3037; x_wconf 84' lang='lat' dir='ltr'>illis</span> <span class='ocrx_word' id='word_1_615' title='bbox 1548 2999 1724 3047; x_wconf 83' lang='lat' dir='ltr'>contigit,</span> <span class='ocrx_word' id='word_1_616' title='bbox 1752 2998 1892 3036; x_wconf 85' lang='lat' dir='ltr'>addunt</span> <span class='ocrx_word' id='word_1_617' title='bbox 1912 2999 2005 3037; x_wconf 82' lang='lat' dir='ltr'>ultro</span> <span class='ocrx_word' id='word_1_618' title='bbox 2028 3000 2110 3037; x_wconf 64' lang='lat' dir='ltr'>alia»,</span> 
     </span>
     <span class='ocr_line' id='line_1_91' title="bbox 1150 3050 2110 3106; baseline 0 -18"><span class='ocrx_word' id='word_1_619' title='bbox 1150 3052 1318 3091; x_wconf 89' lang='lat' dir='ltr'>tenebras</span> <span class='ocrx_word' id='word_1_620' title='bbox 1336 3080 1349 3098; x_wconf 91' lang='lat'>,</span> <span class='ocrx_word' id='word_1_621' title='bbox 1378 3053 1501 3090; x_wconf 89' lang='lat' dir='ltr'>lucem</span> <span class='ocrx_word' id='word_1_622' title='bbox 1535 3051 1733 3089; x_wconf 83' lang='lat' dir='ltr'>hominum</span> <span class='ocrx_word' id='word_1_623' title='bbox 1764 3050 1943 3098; x_wconf 78' lang='lat' dir='ltr'>fugientes</span> <span class='ocrx_word' id='word_1_624' title='bbox 1966 3079 1976 3095; x_wconf 82' lang='lat'>,</span> <span class='ocrx_word' id='word_1_625' title='bbox 2013 3052 2049 3088; x_wconf 61' lang='grc' dir='ltr'>ἃ·</span> <span class='ocrx_word' id='word_1_626' title='bbox 2073 3053 2110 3106; x_wconf 77' lang='lat' dir='ltr'>in</span> 
     </span>
    </p>

    <p class='ocr_par' dir='ltr' id='par_1_20' title="bbox 2052 3107 2126 3140">
     <span class='ocr_line' id='line_1_92' title="bbox 2052 3107 2126 3140; baseline 0.027 -2"><span class='ocrx_word' id='word_1_627' title='bbox 2052 3107 2126 3140; x_wconf 39' lang='lat' dir='ltr'>ub*</span> 
     </span>
    </p>
   </div>
  </div>
 </body>
</html>
