2516 3509
605 63 744 120 DE
821 66 1661 132 SEVERITATE.
2028 79 2132 152 561

140 162 249 210 strui
282 159 458 225 potest,
494 170 646 209 tamen
679 177 863 213 externa
896 166 1155 239 summatim
1191 171 1465 235 cognoscere
1500 173 1542 208 8³
1576 172 1753 220 fastidio
1789 188 1882 221 non
1918 171 1986 222 fit.
2046 178 2137 225 La-
2154 195 2275 265 matr.

139 241 417 288 cedaemonii
451 242 575 289 libros
604 243 845 291 Archilochi
888 264 909 293 e
941 251 1116 296 civitate
1145 250 1232 311 suu
1266 255 1475 311 exportari
1503 253 1765 314 jufferunt3
1816 253 1942 316 quod
1975 269 2133 302 corum
2155 257 2280 317 Apoiffi.

140 320 187 361 84
217 338 379 385 parum
413 322 712 371 verecundam
755 341 806 372 ac
841 327 1052 391 pudicam
1090 329 1332 378 levitionem
1367 330 1710 378 arbitrabantur.
1781 332 1834 378 N
1840 332 2052 381 oluerunt
2086 350 2132 381 e-

137 401 232 447 nim
266 415 316 446 ea
349 399 596 449 liberorum
632 403 814 455 suorum
849 410 1020 458 animos
1054 412 1232 474 imbui,
1264 430 1322 461 ne
1353 414 1453 478 plus
1487 414 1690 461 moribus
1725 428 1910 461 noceret
1934 449 1949 474 ,
1995 432 2131 478 quam

93 509 98 513 -
133 479 322 542 ingeniis
354 479 591 542 prodesset.
638 485 799 549 Itaque
835 487 874 526 35
912 491 1165 539 maximum
1201 495 1416 556 poetam,
1456 506 1534 539 aut
1569 504 1691 539 certe
1727 489 1773 519 3⁶
1807 492 1983 541 summo
2019 513 2127 559 pro-

110 560 342 617 ‘Ximum‚
390 556 432 592 3⁷
466 561 572 622 quia
604 562 793 612 domum
831 566 911 614 fibi
945 568 1128 617 invisam
1166 569 1366 618 obscenis
1401 570 1648 637 malediffis
1683 571 1950 619 laceraverat
1975 607 1990 633 ,
2033 592 2128 622 car-

133 639 308 686 minum
340 639 478 686 exilio
513 642 778 692 multarunt.

199 716 492 764 Athenienses
527 732 678 767 autem
711 723 1011 786 Timagoran]
1047 726 1165 774 inter
1197 727 1404 776 officium
1439 728 1711 776 salutationis
1747 727 1791 757 38
1828 732 2021 779 Darium
2057 751 2125 781 re·
2146 747 2335 817 Ptutzam-

132 809 238 858 gem
274 810 401 840 more
433 796 580 859 gentis
615 798 732 844 illius
766 800 1026 861 adulatum,
1062 805 1241 868 capitali
1275 806 1499 869 supplicio
1535 806 1811 866 affecerunt3
1847 812 1978 859 unius
2014 815 2123 862 civis
2142 808 2251 897 Jerx'e·
2286 808 2342 857 Us-

130 873 377 920 humilibus
411 873 639 920 blanditiis
675 879 817 924 totius
859 879 981 927 urbis
1039 880 1137 928 suae
1170 882 1306 930 decus
1341 883 1543 931 Persicae
1577 886 1878 935 dominationi
1914 890 2118 939 fliminis·
2144 872 2314 946 32¹{6ffnu‘

130 952 226 999 sum
262 952 460 1015 graviter
493 951 696 1001 ferentes.

186 1029 289 1089 Jam
324 1028 563 1092 Cambyses
598 1031 829 1094 inusitatae
861 1034 1102 1084 severitatis
1127 1072 1141 1098 ,
1184 1040 1262 1102 qui
1298 1043 1399 1087 muli
1431 1042 1644 1103 cujusdam
1673 1045 1824 1104 judicis
1870 1043 1914 1085 39
1954 1065 2003 1094 ex
2034 1066 2119 1096 cor·
2218 1065 2251 1103 3·

2142 1103 2302 1137 Herodot,

2021 1143 2120 1188 pore
2144 1156 2212 1178 111.

127 1246 171 1269 re.
226 1232 296 1270 Sed
316 1233 418 1272 aliter
437 1236 544 1274 MSS.
572 1238 610 1275 δε
631 1238 725 1276 Edd.
753 1241 1021 1282 vetustissimae.
1155 1246 1235 1284 lore
1265 1248 1377 1285 vitam
1405 1248 1541 1298 laqueo
1568 1249 1698 1289 finiret.
1762 1252 1918 1290 Ovidius
1954 1255 1992 1292 in
2022 1255 2120 1294 Ibin:

179 1282 237 1320 82.
270 1287 391 1332 Instrui
418 1287 540 1337 potest]
571 1289 677 1327 Leid.
703 1291 790 1329 sext.
817 1295 962 1340 [nstitui.
987 1295 1106 1341 Οόἶο,
1154 1298 1328 1344 Postmodo
1350 1299 1536 1351 fiperges‚
1564 1302 1601 1336 in
1620 1312 1651 1337 te
1674 1300 1754 1337 mili
1776 1303 1857 1340 liber
1886 1305 2017 1341 Iambus
2038 1310 2123 1343 Tin-

132 1335 298 1382 qugnoffb.
1156 1350 1207 1384 {Ia
1231 1350 1407 1397 Lycambeo
1429 1354 1597 1400 sanguine
1628 1353 1695 1387 tela
1723 1350 1830 1390 dabit.
1878 1354 2054 1393 Horatius
2081 1359 2119 1395 in

181 1385 244 1433 83.
271 1386 413 1433 Fastidio
432 1402 497 1424 non
516 1388 597 1438 erit]
631 1389 688 1427 Sic
710 1391 877 1441 Pighius,
901 1407 1017 1444 quum
1039 1409 1104 1434 an·
1156 1399 1203 1436 de
1232 1401 1324 1438 Arte
1354 1401 1394 1437 P.
1417 1402 1663 1441 ‘Arcbiioclmm
1690 1407 1821 1452 proprio
1844 1403 1952 1440 rabies
1971 1412 2122 1445 arma-vit

128 1442 187 1472 ‘sea
214 1436 418 1484 ῙΟΞΕΥΘΗΠ,
455 1439 600 1485 Fastidto
631 1455 695 1477 non
719 1444 780 1490 fit.
831 1446 950 1494 Quod
968 1448 1103 1486 restitui
1155 1450 1280 1488 Iamba.
1316 1451 1509 1490 VORST.

125 1485 338 1532 jtlbentibus
356 1489 527 1526 omnibus
553 1490 661 1530 MSS.
991 1530 993 1533 .
1206 1502 1265 1539 88.
1295 1504 1434 1538 Darium
1445 1508 1563 1555 Regem
1583 1519 1667 1541 more
1681 1505 1795 1555 gentis
1814 1505 1908 1540 illius
1926 1506 2118 1560 adulatum]

182 1537 238 1583 84.
267 1541 392 1575 Parum
412 1540 646 1590 verecundum]
667 1544 757 1581 Non
774 1552 918 1584 tantum
939 1547 1101 1595 acerbus,
1155 1550 1368 1596 Salmasius,
1395 1554 1433 1590 in
1453 1554 1650 1593 Exercitat.
1680 1558 1770 1595 l'lin.
1797 1556 1834 1592 in
1855 1556 2020 1595 Solinum
2034 1587 2043 1603 ‚
2067 1559 2119 1597 le·

126 1586 188 1624 sed
210 1589 321 1625 etiam
356 1589 558 1629 obscoenus
587 1593 667 1631 fuit.
723 1595 895 1643 Ejusdem
918 1597 954 1634 τὲ
975 1600 1098 1649 uimq—
1151 1603 1315 1649 gendum
1340 1604 1460 1641 censet
1486 1620 1572 1642 more
1592 1609 1708 1656 gentis
1734 1607 1828 1643 illius
1855 1606 2050 1644 adoratum.-
2078 1620 2117 1648 ut

126 1637 253 1681 menig
273 1644 305 1688 ’53
325 1641 521 1687 κακορῤὴμοις
540 1644 657 1691 tangit
694 1644 831 1683 Suidas.
853 1648 1046 1687 COLER.
1149 1650 1325 1689 adoratum
1346 1654 1611 1702 fignificatione
1631 1657 1750 1694 acfiiva
1769 1657 1968 1704 usurpetur.
2008 1661 2116 1708 Quae

179 1688 237 1736 ὃς.
269 1692 470 1726 Maximum
499 1693 650 1743 poeftam]
699 1695 969 1735 Archilochum
996 1707 1096 1748 puta.
1150 1703 1365 1740 emendatio
1387 1706 1424 1741 &
1446 1706 1613 1753 Ruperto
1635 1707 1767 1755 placet.
1817 1710 1901 1751 Jam
1923 1709 2013 1746 nihil
2035 1714 2115 1760 qui-

125 1739 243 1786 Quod
271 1747 396 1777 autem
424 1740 522 1779 addit
549 1755 611 1779 aut
627 1747 757 1792 summo
781 1751 991 1795 proximum,
1025 1763 1091 1799 per
1149 1750 1235 1789 dem
1256 1754 1347 1791 novi
1367 1754 1438 1798 est,
1466 1757 1703 1803 praeteritum
1726 1759 1871 1795 formae
1896 1759 2050 1806 paffivae
2070 1761 2113 1799 fi-

111 1791 278 1837 summum
306 1791 509 1840 intelligere
537 1794 683 1833 videtur
700 1798 928 1837 Homerum.
980 1801 1088 1840 Duos
1141 1803 1422 1850 gnificationem
1442 1814 1569 1844 tamen
1587 1808 1722 1845 habere
1741 1808 1912 1846 aestivam.
1962 1811 2010 1847 Et
2029 1824 2111 1849 ver—

120 1839 206 1877 istos
227 1841 418 1890 conjungit
439 1844 478 1880 &
496 1843 661 1894 Vellejus
676 1859 707 1885 1.
728 1861 807 1897 5.2.
833 1854 956 1900 Neque
973 1866 1085 1900 quem·
1140 1853 1229 1892 bum
1250 1855 1390 1892 adorare
1408 1855 1454 1893 de
1476 1868 1587 1895 more
1612 1858 1675 1896 illo
1694 1859 1882 1897 Persarum
1909 1859 2106 1909 saepissiine

116 1904 218 1939 quam
235 1893 363 1934 alium,
386 1893 528 1942 inquit,
561 1901 653 1944 cujus
683 1900 788 1946 operis
815 1903 944 1949 primus
972 1904 1086 1940 auc‘lor
1141 1905 1351 1954 usurpatum
1370 1908 1583 1955 reperimus.
1636 1910 1707 1947 Sed
1734 1910 1860 1947 malim
1884 1917 2010 1949 tamen
2032 1925 2103 1961 ego

109 1943 237 1986 fuerit,
260 1943 295 1978 in
324 1957 358 1978 eo
376 1943 652 1992 perseaiffimum‚
683 1959 816 1997 praeter
835 1953 1015 1988 Homerum
1036 1962 1082 1989 29·
1139 1965 1223 1992 cum
1255 1957 1480 2002 Gronovio,
1508 1968 1548 1996 ut
1575 1960 1676 2009 supra
1713 1974 1768 1999 1v.
1800 1972 1832 2007 7.
1860 1969 1932 1998 ext.
1958 1975 1990 1999 2.
2017 1964 2104 2000 adu-

115 1992 364 2031 eArchilochum
386 2019 396 2035 ,
424 1998 630 2043 reperiemus.
659 1999 796 2038 Cicero
826 2013 979 2050 quoque
1009 2004 1082 2039 Ar·
1133 2005 1231 2049 lata,
1258 2007 1308 2044 ita
1335 2007 1395 2045 hic
1424 2008 1599 2046 adulatum
1627 2012 1806 2054 retinere3
1843 2019 1923 2048 tum
1950 2022 2101 2062 propter

114 2041 326 2079 chilochum
347 2043 441 2081 inter
458 2049 587 2093 poe‘tas
604 2049 919 2097 praestantissimos
932 2078 942 2094 ,
962 2052 999 2088 in
1014 2054 1081 2091 Or.
1134 2056 1347 2095 consensum
1369 2059 1543 2098 codicum
1563 2070 1639 2099 tam
1657 2062 1766 2100 MSS.
1789 2074 1900 2112 quam
1919 2064 2015 2113 typis
2036 2077 2099 2102 ex-

114 2094 152 2130 &
171 2105 215 2130 11.
247 2092 292 2130 de
320 2092 382 2130 fin.
412 2104 595 2136 numerat.
621 2100 819 2138 VORST.
856 2101 956 2139 Vide
979 2102 1080 2141 Peri·
1131 2105 1335 2153 pressorum
1354 2137 1364 2153 ‚
1399 2117 1478 2148 tum
1508 2112 1610 2160 quod
1636 2113 1752 2161 ipsum
1781 2125 1934 2163 quoque
1961 2113 2097 2152 adulari

111 2155 197 2181 zon.
226 2144 273 2180 ad
294 2144 439 2181 Aelian.
468 2146 515 2183 L.
541 2158 574 2183 X.
599 2149 649 2186 V.
677 2151 728 2187 H.
759 2162 814 2200 13.
845 2164 877 2199 ς.
1132 2155 1178 2193 de
1198 2159 1260 2195 tali
1281 2171 1319 2196 re
1335 2160 1545 2209 usurpatum
1565 2164 1752 2211 reperitur.
1806 2165 1935 2201 Livius
1957 2179 2013 2203 rx.
2036 2167 2093 2205 18.

160 2194 219 2232 86.
247 2196 376 2230 Summo
390 2196 597 2246 proximum]
628 2199 780 2237 Suidae:
809 2197 963 2247 storea&
982 2219 1078 2245 ποικ-
1128 2209 1270 2256 Referre
1296 2212 1333 2245 in
1361 2220 1457 2246 tanto
1483 2226 1557 2261 rege
1579 2213 1857 2263 pigetsuperbam
1877 2219 2092 2253 mutationem

113 2242 176 2286 τῆς.
229 2244 299 2281 Per
320 2246 507 2283 summum
529 2247 627 2285 haud
653 2249 762 2287 dubie
781 2251 996 2290 Homerum
1019 2255 1075 2293 in-
1126 2261 1249 2304 vestis,
1270 2268 1315 2295 ω’
1337 2259 1538 2308 desideratas
1555 2263 1646 2299 humi
1671 2265 1849 2307 jacentium
1867 2264 2088 2305 adulationes.

109 2295 260 2344 telligit,
281 2307 348 2344 pro
369 2297 470 2344 cujus
485 2297 626 2345 sceptro
646 2308 808 2338 armatur
826 2302 935 2340 etiam
971 2315 1074 2353 egre·
1126 2306 1175 2344 Et
1203 2321 1285 2346 xxx.
1318 2311 1372 2348 16.
1401 2313 1469 2360 Qi
1494 2312 1550 2348 uhi
1573 2314 1609 2349 in
1637 2317 1742 2358 castra
1768 2318 1867 2363 Rom.
1891 2324 1937 2351 ω’
1954 2329 2086 2366 praeeo-

110 2347 190 2394 gius
217 2346 276 2383 ille
300 2346 489 2384 Musarum
507 2347 612 2386 miles
637 2349 723 2395 Just.
751 2350 904 2399 Lipsius.
956 2354 1074 2393 Perti-
1124 2359 1211 2395 rium
1237 2372 1419 2404 venerunt,
1443 2377 1528 2399 more
1543 2362 1780 2409 adulantium,
1807 2377 1956 2416 accepto,
1977 2368 2087 2410 credo,

110 2405 176 2434 net
197 2405 322 2434 autem
342 2397 415 2433 hoc
433 2397 478 2435 de
490 2398 718 2439 Archilocho
739 2402 902 2450 elogium
923 2404 968 2442 ad
978 2406 1072 2456 Hip·
1123 2410 1192 2445 ritu
1210 2424 1252 2446 ex
1275 2425 1312 2447 ea
1335 2412 1537 2462 regione,ex
1555 2428 1620 2464 qua
1640 2414 1772 2452 oriundi
1789 2430 1883 2454 erant
1896 2417 2085 2465 ,procubue-

107 2447 338 2496 podromum
365 2448 590 2493 Rhetorem‚
620 2451 683 2499 qui
703 2453 921 2491 Homerum
943 2457 1069 2500 φωνῦί,
1122 2471 1211 2498 runt.
1264 2464 1468 2499 Conveniens
1507 2466 1613 2501 oratio
1649 2476 1719 2502 tam
1754 2467 1874 2504 humili
1898 2467 2084 2502 adulationi

105 2498 372 2536 Archilochum
403 2501 532 2540 πνεῦμα
552 2502 791 2541 vocitaverat.
840 2504 1069 2545 Paterculus:
1111 2512 1197 2555 fuit.
1252 2511 1396 2549 Videfis
1435 2514 1674 2554 Gronovium
1722 2517 1767 2554 ad
1811 2518 1892 2554 Liv.
1932 2529 1983 2553 rx.
2020 2517 2075 2553 IS.

105 2554 229 2597 IVecJue
248 2562 443 2599 quemquam
461 2552 588 2594 alium,
615 2557 705 2596 cujus
735 2555 839 2603 operis
862 2557 990 2603 primus
1007 2571 1070 2595 au-
1119 2560 1313 2601 VORST.
1344 2564 1444 2601 Vide
1476 2565 1586 2603 Salm.
1622 2568 1668 2604 ad
1695 2567 1805 2604 Solin.
1833 2580 1865 2614 p.
1895 2567 1952 2613 3¹3.
1974 2566 2075 2612 supra

104 2600 173 2636 Hor
189 2600 314 2646 fuerit,
342 2601 377 2635 in
393 2615 427 2636 eo
442 2599 722 2650 perfefflffi'mum,
741 2609 1067 2651 praem-Homerum
1117 2611 1165 2648 L.
1193 2625 1249 2651 1v.
1281 2626 1314 2663 3.
1336 2615 1420 2651 Ext.
1448 2615 1510 2653 ult.
1540 2617 1651 2654 Viros
1681 2618 1824 2654 Dostos
1854 2616 1897 2652 ad
1926 2616 2073 2653 Aeliam.

103 2649 405 2690 &Archilochum
431 2654 637 2700 reperiemus.
660 2654 852 2694 COLER.
1114 2662 1161 2699 L.
1192 2676 1222 2701 1.
1244 2665 1294 2701 V.
1318 2666 1368 2702 H.
1390 2678 1448 2703 21.
1480 2668 1592 2704 Corn.
1618 2669 1711 2715 Nep.
1750 2667 1843 2702 Con.
1872 2677 1903 2714 3.
1960 2666 2073 2704 ..tido-

155 2700 214 2746 87·
243 2701 332 2748 Qia
354 2700 562 2750 domumfihi
583 2706 729 2751 invisam
755 2705 913 2755 obscoenis
941 2708 1062 2748 maled.
1113 2724 1225 2750 ratum
1246 2727 1332 2753 cum
1363 2716 1536 2754 Salmalio
1563 2717 1703 2766 legebat
1722 2718 1912 2762 Rupertus.
1966 2717 2075 2753 Cete-

101 2751 326 2800 lacera-verat]
356 2752 526 2790 Domum
550 2754 717 2804 intelligit
738 2757 972 2806 Lycambae,
1000 2761 1064 2807 qui
1115 2775 1197 2801 rum
1227 2766 1319 2804 Plut.
1345 2767 1383 2804 in
1413 2768 1538 2805 Artax.
1566 2781 1599 2815 p.
1626 2779 1727 2804 1022.
1755 2765 1841 2802 dicit
1867 2766 1982 2814 ipsum
2014 2779 2073 2804 ca-

103 2802 333 2839 Archilocho
354 2802 464 2839 filiam
488 2803 752 2853 desponderat,
779 2808 857 2856 post
874 2821 965 2848 vero
986 2811 1064 2849 col·
1115 2816 1197 2864 pitis
1225 2817 1269 2855 ab
1292 2818 1573 2856 Atheniensibus
1603 2817 1818 2854 damnatum
1847 2816 1916 2865 2219*
1933 2816 2073 2867 διαρρέο-

101 2852 242 2890 locarat
262 2852 331 2890 alii.
376 2855 461 2902 Qua
479 2854 609 2903 injuria
625 2856 801 2897 laceffitus
822 2860 1067 2900 Archilochus
1116 2866 1203 2903 κίκι.
1801 2915 1807 2921 ,

103 2904 266 2943 carmine
285 2904 457 2951 Jambico
475 2904 523 2944 fic
542 2906 581 2945 in
601 2919 688 2948 eum
711 2908 812 2958 lufit,
836 2917 877 2951 ut
892 2923 977 2962 prae
997 2913 1067 2965 doff
1178 2917 1239 2965 89.
1284 2919 1340 2957 Ex
1375 2917 1518 2971 corpore]
1566 2917 1682 3005 MSSI.3
1693 2915 1884 3005 biglelnque
1918 2932 1934 2953 e
1967 2928 2074 2964 cerpo-

2027 2982 2073 3005 re.
