2516 3509
325 143 433 215 906
547 134 1132 194 ANTON11
1226 120 2148 189 SCHULTINGII

328 242 416 288 lam
447 255 513 301 pr.
550 240 651 301 Inst.
686 243 715 287 l.
742 256 781 301 3.
818 242 847 286 l.
869 253 913 299 4.
937 236 1003 286 D.
1028 240 1076 286 de
1099 235 1305 300 inofficiosi
1335 236 1564 297 testament.
1600 235 1689 284 Sed
1710 237 1820 283 hinc
1846 243 2031 302 quoque
2054 231 2278 301 colligere
2292 235 2348 283 li-

330 319 432 364 cet,
468 322 560 352 non
585 304 667 351 nisi
692 303 850 352 senfim
878 305 969 351 hoc
991 306 1064 369 jus
1085 304 1219 368 plene
1246 301 1504 361 invaluisse,
1539 315 1706 366 utpote
1740 303 1787 347 in
1814 301 2016 349 fraudem
2040 303 2347 368 quodammo-

331 370 394 417 do
425 370 538 435 legis
569 370 817 417 duodecim
853 369 1109 417 tabularum
1133 370 1400 426 inventum,
1436 367 1557 427 unde
1580 367 1627 414 &
1647 366 1857 413 adhibito
1890 367 2057 416 furoris
2088 369 2245 416 colore
2280 369 2349 414 in-

336 438 500 483 tentari
529 435 704 482 debuit.
772 437 915 482 Forte
941 435 1032 482 hoc
1064 434 1209 499 ipsum
1232 448 1418 496 quoque
1449 449 1501 479 ac
1525 432 1708 496 sequens
1733 433 2027 494 exemplum,
2065 435 2127 481 ob
2150 433 2350 499 Augusti

336 500 689 562 austoritatem,
733 501 917 565 aliquod
950 501 1059 546 huic
1097 501 1160 546 rei
1193 510 1483 545 momentum
1518 498 1784 545 attulerunt.
1862 497 2084 546 Ceterum
2119 515 2203 546 nec
2235 513 2350 546 tunc

337 568 584 631 temporis,
611 583 697 613 nec
722 566 801 613 diu
827 566 980 630 postea
996 599 1010 624 ,
1035 582 1121 628 pro
1143 564 1244 627 lege
1266 563 1368 610 sunt
1391 563 1542 609 habita
1566 579 1678 625 quae
1696 564 1917 625 Princeps
1938 564 1986 609 in
2008 564 2136 611 causa
2159 565 2352 629 quadam

335 631 628 690 decrevisset,
665 632 733 678 uti
758 647 840 678 nec
865 630 1108 693 rescripta,
1148 630 1204 676 de
1226 628 1390 693 quibus
1415 629 1542 692 plura
1563 627 1716 692 scripsi
1743 629 1791 674 in
1822 627 2152 676 Differtatione
2179 644 2254 690 pro
2287 647 2355 677 re-

323 698 474 760 script.
507 701 755 758 Imperator.
790 700 1018 744 Romanor.
1055 704 1091 751 §.
1127 711 1173 757 4.

384 763 458 808 ‘In
481 763 585 809 bona
606 774 786 823 paterno
820 767 879 809 ire
909 763 1065 808 decreto
1087 760 1167 823 suo
1186 760 1335 823 juffit]
1371 760 1478 806 Fuit
1510 760 1587 806 hic
1619 756 1763 805 infans
1790 758 1845 805 ab
1870 758 2085 806 intestato
2110 760 2227 822 patri
2253 759 2349 824 ipfo

332 827 438 891 jure
465 827 618 886 heres,
655 839 821 891 utpote
842 826 969 886 suus,
1005 826 1209 889 adeoque
1232 827 1368 871 etiam
1392 842 1447 871 eo
1475 826 1581 870 vivo
1608 824 1953 887 quodammodo
1980 824 2220 883 dominus,
2257 835 2350 883 §.2.

338 892 442 950 lnst.
475 894 523 938 de
554 894 691 939 hored.
728 896 925 954 qualitas.
963 893 1015 945 ἑξ
1041 891 1249 952 dzfferent.
1299 892 1449 954 quales
1482 889 1586 955 post
1622 902 1863 954 parentum
1898 903 2097 936 mortem
2131 907 2225 937 non
2261 904 2356 938 tam

341 956 644 1005 hereditatem
674 958 889 1005 videntur
920 957 1156 1021 percipere
1180 991 1196 1015 ,
1241 972 1377 1020 quam
1409 956 1598 1002 liberam
1648 954 1877 1001 bonorum
1916 954 2352 1003 administrationem

343 1021 584 1086 consequi,
620 1022 804 1070 auetore
828 1024 970 1070 Paulo
1006 1025 1031 1069 l.
1060 1038 1131 1068 11.
1172 1025 1229 1067 D.
1266 1023 1315 1067 de
1345 1024 1462 1069 liber.
1499 1022 1553 1073 &
1566 1021 1738 1082 postam.
1809 1020 1886 1066 Sic
1910 1033 1962 1066 ut
1989 1037 2073 1068 nec
2105 1022 2247 1069 aditio
2274 1022 2352 1068 he-

341 1087 543 1135 reditatis
575 1090 671 1151 jure
705 1088 856 1147 civili,
891 1104 976 1134 nec
1009 1086 1239 1134 bonorum
1270 1086 1544 1149 posseffionis
1568 1086 1751 1147 adeptio
1777 1087 1881 1149 jure
1902 1086 2165 1147 PraetoriO,
2200 1086 2353 1151 requiss

339 1166 464 1199 ratur
486 1153 541 1199 ad
568 1153 841 1200 movendam
870 1153 1097 1217 querelam
1134 1156 1221 1213 l.7.
1256 1156 1315 1198 D.
1356 1154 1402 1198 de
1438 1151 1644 1213 inofficios
1679 1152 1907 1209 teficzment.
1954 1151 2043 1213 ipsa
2075 1165 2225 1199 tamen
2253 1169 2355 1198 cor·

340 1217 507 1282 poralis
533 1218 765 1282 pofl'effio,
803 1217 893 1265 sive
917 1219 1148 1266 bonorum
1173 1218 1378 1264 detentio
1402 1234 1496 1264 non
1522 1219 1583 1263 ita
1606 1214 1885 1278 adquiritur,
1906 1217 1973 1262 uti
1999 1233 2082 1264 nec
2107 1219 2202 1265 aliis
2224 1219 2352 1266 here-

339 1283 471 1330 dibus
492 1283 742 1331 hereditate
768 1283 994 1348 suscepta,
1031 1282 1115 1330 nisi
1139 1283 1404 1330 naturaliter
1425 1280 1699 1347 apprehensa
1717 1281 1854 1327 fuerit
1881 1285 1907 1327 l.
1927 1296 2000 1344 23.
2017 1298 2083 1343 pr,
2107 1286 2164 1329 D..
2202 1287 2251 1331 de
2275 1286 2352 1329 ad-

341 1349 531 1411 qairend.
566 1353 641 1396 vel
656 1348 874 1397 amittendi
903 1351 1119 1411 pffffion.
1156 1352 1182 1394 l.
1216 1364 1250 1393 ι.
1288 1357 1324 1405 §.
1353 1364 1425 1411 15.
1460 1349 1524 1395 D.
1547 1352 1589 1409 fi
1614 1350 1739 1407 isqui
1762 1347 1989 1405 testament.
2024 1351 2127 1394 liber
2156 1352 2225 1411 eff.
2246 1350 2351 1411 suff

336 1418 416 1460 crit
430 1415 518 1466 &a
536 1417 648 1462 Hoc
672 1432 782 1462 vero
801 1415 874 1462 vel
897 1415 1041 1461 infans
1066 1413 1216 1478 potest
1237 1429 1397 1479 agere,
1418 1413 1561 1461 modo
1588 1410 1714 1476 quod
1739 1411 1858 1457 illius
1875 1411 2053 1474 judicio
2078 1414 2227 1476 deest,
2250 1415 2353 1478 sup·-

341 1478 518 1542 pleatur
550 1480 820 1528 auetoritate
853 1481 1019 1527 tutoris
1052 1483 1079 1526 l.
1100 1494 1173 1544 32.
1202 1486 1295 1534 §.2.
1327 1481 1393 1525 D.
1427 1482 1475 1526 de
1511 1478 1757 1539 adquireod.
1790 1479 1862 1524 vel
1886 1482 2104 1525 amittend.
2131 1484 2352 1542 poffigffion.

341 1545 500 1607 Atque
523 1547 658 1592 etiam
681 1562 761 1610 per
785 1560 987 1594 tutorem
1005 1557 1082 1592 aut
1104 1558 1280 1592 tutores
1301 1544 1495 1591 delatam
1522 1543 1606 1590 ess'e
1626 1541 1679 1589 ad
1703 1541 1967 1607 Augustum
1999 1546 2227 1607 querelam
2253 1564 2353 1594 cre-

342 1608 542 1655 dendum
565 1611 642 1658 est.

415 1675 502 1722 IV.
543 1679 665 1722 Filiis
686 1676 828 1739 irato]
868 1677 1065 1739 Injuste,
1101 1675 1343 1732 videlicet3
1388 1675 1592 1738 alioquin
1626 1673 1791 1738 oggeri
1821 1672 1908 1719 illis
1941 1675 2185 1737 potuisset,
2216 1677 2357 1739 justas

346 1737 562 1786 irascendi
597 1739 744 1786 causas
767 1754 957 1788 matrem
981 1741 1208 1799 habuisse,
1245 1741 1483 1803 quomodo
1505 1739 1588 1786 sese
1618 1739 1934 1803 pronunciasse
1967 1754 2129 1787 contra
2157 1741 2303 1788 filium
2329 1761 2353 1790 a

344 1817 490 1851 matre
512 1804 838 1852 exheredatum
862 1804 1017 1852 scribit
1039 1805 1212 1851 Plinius
1234 1808 1362 1851 ΜΝ,
1389 1807 1498 1866 epist.
1521 1821 1561 1851 1.

409 1874 634 1933 Utrumque
664 1869 912 1932 proeteriit]
950 1870 1112 1930 Qialis
1137 1870 1401 1934 praeteritio
1424 1871 1577 1916 matris
1601 1870 1735 1915 etiam
1762 1867 1901 1914 hodie
1920 1868 2035 1914 nihil
2053 1870 2168 1931 juris
2189 1872 2351 1921 tribuit

342 1934 519 1995 liberis,
557 1952 690 2000 quam
711 1934 767 1981 de
788 1934 1045 1982 inofficioso
1071 1934 1314 1999 querendi,
1349 1942 1383 1990 ᾗ.
1409 1938 1485 1982 ult.
1517 1934 1616 1994 lnst.
1650 1936 1697 1980 de
1731 1934 2037 1980 exheredatiorz.
2072 1936 2237 1983 liberor.

411 2005 462 2047 A
489 2004 633 2062 quibos
665 2002 807 2046 aditus
833 2003 973 2048 Divus
995 1999 1234 2063 Augustus]
1275 2000 1383 2060 Qla
1418 1999 1622 2046 ratione?
1657 2015 1764 2045 curn
1797 1997 1924 2044 liberi
1959 1998 2013 2044 ad
2050 1999 2350 2050 hereditatem

346 2066 527 2122 matris,
542 2067 616 2112 cui
642 2081 725 2112 nec
747 2064 809 2111 sui
834 2063 961 2125 sunt,
977 2082 1061 2112 nec
1081 2065 1492 2130 adgnati,demum
1521 2065 1672 2111 vocati
1699 2062 1785 2108 sint
1807 2063 1861 2110 ab
1882 2063 2095 2110 intestato
2119 2083 2198 2129 per
2220 2069 2356 2115 Sena-

347 2129 676 2177 tusconsultum
705 2130 1067 2194 Orphitianum,
1104 2132 1356 2195 imperante
1380 2133 1550 2178 lWarco
1574 2128 1818 2176 Antonino
1841 2143 1904 2189 pr.
1931 2130 2028 2188 lost.
2062 2132 2110 2176 [ἴε
2135 2137 2173 2177 S.
2203 2140 2247 2178 C.
2269 2138 2354 2179 01-

341 2196 527 2257 phitlan.
563 2198 590 2241 l.
615 2213 657 2250 9.
693 2199 753 2242 D.
776 2198 834 2242 acl
854 2200 894 2241 S.
919 2201 964 2242 C.
988 2194 1239 2243 Tertullian.
1275 2196 1329 2249 {9³
1358 2197 1600 2258 Orphitian.
1635 2195 1732 2241 imo
1755 2210 1811 2240 ne
1835 2194 2018 2257 quidem
2046 2207 2157 2243 tunc
2180 2215 2203 2243 a
2224 2200 2355 2246 Prae-

352 2275 454 2307 tore
473 2260 642 2308 admisi]
665 2260 749 2307 fint
772 2260 902 2307 liberi
923 2260 978 2308 ad
1001 2261 1229 2308 bonorum
1254 2261 1564 2326 posseffionem
1582 2294 1596 2319 ,
1615 2259 1698 2307 nisi
1724 2260 1928 2324 adgnatis
1952 2259 2256 2324 &gentilibus
2277 2266 2354 2311 de-

354 2325 641 2385 ficientibus,
677 2340 907 2390 tamquam
933 2328 1134 2391 proximi
1160 2328 1374 2392 cognati:
1413 2327 1578 2391 quibus
1613 2324 1807 2390 proinde
1838 2341 1894 2370 ne
1927 2326 2090 2389 injuria
2127 2328 2246 2375 illata
2272 2332 2358 2376 esse

351 2391 407 2438 ab
434 2391 649 2454 Augusto
672 2391 901 2451 videatur,
936 2394 998 2438 ita
1019 2394 1102 2439 erit
1126 2392 1388 2440 formandus
1412 2392 1559 2449 casus,
1607 2404 1658 2437 ut
1687 2390 1888 2453 Septicia
1923 2406 1980 2436 ex
2016 2390 2184 2440 familia
2218 2398 2357 2458 patris

351 2455 531 2515 sui,vel
554 2471 681 2520 pater
702 2459 795 2518 eius
814 2456 886 2503 vel
906 2473 1011 2504 avus
1039 2475 1095 2504 ex
1117 2458 1285 2504 familia
1307 2460 1444 2520 patris
1465 2458 1595 2504 avive
1617 2472 1698 2520 per
1719 2456 2132 2518 emancipationem
2165 2462 2353 2521 exierit,

350 2520 599 2569 secundum
625 2538 700 2581 ea,
723 2515 852 2585 ⁸quae
876 2521 1026 2568 dicere
1049 2525 1405 2580 antevertimu35
1442 2523 1648 2585 adeoque
1683 2521 1930 2584 adgnatum
1956 2521 2028 2567 vel
2056 2526 2276 2586 gentilem
2301 2528 2358 2574 ab

351 2587 568 2634 intestato
588 2586 882 2634 successorem
908 2603 1000 2634 non
1025 2588 1257 2644 habuerit3
1272 2589 1402 2652 quale
1416 2588 1527 2652 quid
1548 2588 1685 2634 etiam
1708 2586 2043 2633 admittendum
2060 2588 2123 2635 est
2143 2591 2189 2636 in
2205 2607 2359 2640 exem-

357 2653 466 2717 plo,
490 2655 620 2717 cujus
643 2653 853 2699 meminit
874 2652 1045 2699 Plinius
1068 2656 1191 2700 libr.
1217 2638 1386 2717 εριβέ.
1409 2655 1480 2701 Ita
1504 2652 1696 2700 licuisset
1720 2652 1869 2698 liberis
1892 2652 2119 2715 Septiciae
2141 2656 2358 2720 impetra-

356 2732 404 2764 ta
424 2719 656 2765 bonorum
682 2717 946 2781 posseffione
961 2717 1103 2764 Unde
1133 2720 1346 2782 cognati,
1380 2720 1534 2767 matris
1559 2718 1908 2776 testamentum,
1942 2734 2027 2764 ceu
2052 2720 2356 2771 inofficiosum

357 2784 563 2830 accusare
576 2806 591 2841 3
608 2801 658 2831 ac
680 2783 872 2831 vietoria
896 2783 1111 2841 obtenta,
1126 2783 1246 2830 illam
1271 2801 1378 2831 cum
1400 2785 1536 2847 pleno
1559 2782 1724 2831 effefiffi
1750 2783 1936 2830 habere:
1961 2799 2119 2831 verum
2145 2787 2365 2835 videntur*

358 2847 424 2893 illi
446 2848 565 2896 resta
590 2850 643 2895 ad
668 2849 928 2914 Augustum
947 2847 1031 2894 sese
1052 2849 1305 2896 contulisse.
1358 2851 1461 2897 Alia
1481 2850 1601 2897 forte
1621 2850 1693 2897 via
1715 2849 1813 2912 quis
1833 2861 1965 2913 putet
1985 2850 2120 2897 hosce
2145 2851 2263 2900 filios
2286 2854 2354 2900 uti

358 2914 581 2976 potuisse,
616 2931 667 2961 ac
692 2914 989 2962 hereditatem
1012 2913 1067 2960 ab
1094 2915 1306 2962 intestato
1328 2916 1523 2975 habere,
1562 2914 1593 2962 fi
1615 2914 1849 2962 cred-amus
1870 2916 2118 2980 Septiciam
2153 2920 2269 2980 patri
2299 2918 2353 2964 li-

357 2978 573 3025 berorum
596 2980 642 3025 in
663 2986 846 3029 manum
871 2980 1156 3038 convenisse,
1192 2979 1298 3039 usu,
1331 2980 1471 3040 farre,
1509 2980 1582 3028 vel
1615 2980 1916 3042 co‘e'mptione
1938 3016 1953 3041 ,
1987 2981 2043 3027 de
2075 2983 2239 3045 quibus
2266 2982 2358 3028 late

352 3044 447 3109 agit
481 3044 545 3094 V.
582 3044 640 3093 C.
674 3045 835 3094 Petrus
857 3045 1076 3097 Pithoeus
1104 3046 1164 3095 od
1191 3048 1411 3097 Collatiam.
1448 3046 1686 3112 Mosaicar.
1721 3047 1774 3099 &³
1798 3048 2033 3096 Romanor.
2066 3049 2140 3110 leg.
2174 3051 2241 3094 tit.
2282 3054 2355 3094 16.

1577 3128 1590 3130 ’
2269 3128 2356 3162 ECC
