2516 3509
600 129 743 186 DE
832 127 1573 189 RELIGIONE.
2030 154 2096 211 κς

93 242 360 286 verteretur:
397 234 441 268 9ι
464 243 623 277 vemm
648 231 754 293 quia
773 230 840 277 his
852 231 1105 294 juraverat,
1128 237 1172 294 fi
1195 234 1351 294 captivi
1382 249 1518 279 eorum
1556 234 1714 282 redditi
1746 251 1824 283 non
1842 235 2017 298 forem,
2049 238 2111 284 ad

93 313 213 376 eosksb
235 313 481 358 rediturum.
548 312 809 360 Potuerunt
840 311 1049 376 profecto
1079 313 1141 359 dii
1172 312 1448 361 immortales
1487 311 1716 360 efferatam
1738 316 1950 380 mitigare
1970 315 2105 364 saevi-

91 390 235 437 tiam:
280 400 482 434 ceterum
522 403 613 450 quo
655 388 817 435 clarior
855 388 964 436 esset
991 390 1123 437 Atilii
1159 391 1331 455 gloria,
1376 388 1747 453 Carthaginenses
1778 393 1981 440 moribus
2014 392 2103 441 suis

89 469 158 515 uti
180 466 287 531 paffi
307 465 405 513 sunt
418 488 434 524 3
475 467 612 514 tertio
634 467 810 514 Punico
828 468 949 516 bello
974 469 1287 534 religiofisfimi
1308 469 1486 532 spiritus
1526 480 1620 515 tam
1647 468 1890 516 crudeliter
1925 474 2103 533 vexati,

90 543 212 591 urbis
232 558 390 590 eorum
408 540 597 590 interitu
610 543 730 608 justa
751 544 951 592 excreturi
973 546 1162 610 piacula.

152 618 345 680 Quanto
377 619 552 667 nostrae
579 621 773 668 civitatis
802 621 978 669 senatus
999 621 1295 669 venerabilior
1319 624 1366 669 in
1384 623 1536 671 Deos!
1573 625 1652 688 qui
1685 624 1788 689 post
1818 624 2095 678 Cannensem
2111 640 2272 703 Αῃῃῐοῐυ

86 699 260 747 cladem
276 700 505 761 decrevit,
541 719 591 748 ne
620 713 837 749 matronae
868 706 986 750 ultra
1030 708 1071 737 92
1104 706 1354 766 trigestmum
1386 704 1493 750 diem
1521 707 1652 752 lunas
1683 707 1778 765 sitos
1808 708 2094 769 extenderent,
2109 715 2264 786 {11⁷1ssssss
2281 755 2314 788 {a

88 775 157 822 uti
174 775 229 822 ab
250 775 320 822 his
343 774 461 822 sacra
489 775 665 822 Cereris
702 778 856 841 peragi
890 777 1089 842 poffent:
1127 779 1232 841 quia
1260 781 1432 842 majore
1463 795 1576 843 pene
1611 785 1651 818 93
1673 782 1990 831 Romanarum
2024 787 2092 834 vi·
2109 796 2221 828 Graeca
2262 779 2268 787 ”

2105 836 2202 876 sacrm

1972 865 2094 914 rium

24 1008 29 1011 *
90 1010 163 1037 nec
182 1000 207 1038 11
225 999 309 1037 sane
329 996 476 1046 Regulo
493 998 624 1036 infesti.
674 995 772 1040 Alii,
799 995 926 1046 hoster,
952 995 1074 1037 substi-

92 1058 223 1088 tuunt:
252 1060 322 1096 ego
337 1076 347 1091 ‚
374 1063 447 1092 eos,
470 1061 601 1086 verum
623 1049 830 1093 censeo,ut
848 1048 894 1086 ad
917 1049 1073 1087 Cartha-

91 1099 255 1149 ginenses
273 1099 420 1136 referas.
449 1099 570 1136 LIPS.
609 1099 696 1136 Vox
720 1102 805 1135 Deos
825 1099 933 1136 valde
952 1101 1070 1139 aliena

91 1152 136 1188 ab
152 1151 225 1187 hoc
244 1148 330 1187 loco
350 1150 506 1187 videtur.
534 1151 582 1188 Et
599 1150 748 1187 testatur
771 1149 926 1188 Colerus
945 1150 965 1187 a
985 1152 1069 1190 cod.

88 1201 128 1238 Ρ.
158 1200 321 1237 Danielis
349 1212 433 1239 eam
471 1199 599 1238 abeffe.
663 1201 734 1237 Sed
763 1202 801 1238 &
828 1213 922 1238 unus
949 1203 1069 1241 codex

88 1250 221 1288 Brand.
240 1250 350 1288 habet
366 1279 376 1295 ,
403 1266 568 1303 quamque
590 1254 706 1288 merito
726 1260 771 1287 Θ
791 1254 925 1300 infestos
935 1253 1003 1300 fibi
1021 1269 1070 1290 re-

87 1313 291 1346 verteretur,·
318 1302 506 1352 nifiquod
524 1302 663 1340 diversa
684 1314 798 1339 manu
818 1304 1069 1343 mutationem

90 1353 281 1401 quandam
301 1353 437 1391 factam
458 1362 618 1402 apparet.
664 1353 806 1402 Lipsius
826 1366 873 1391 ne
892 1354 1000 1403 plane
1017 1356 1074 1393 ni-

89 1403 141 1440 hil
160 1415 227 1452 pro
254 1415 297 1441 ea
316 1416 413 1441 voce
441 1413 663 1453 reponatur,
693 1404 845 1453 conjicit
870 1405 1071 1454 legendum

91 1453 164 1491 effe
190 1456 323 1502 infestos
349 1469 415 1494 eos.
464 1457 609 1493 Verum
638 1455 750 1503 ipsam
781 1468 934 1505 quoque
956 1469 1072 1495 vocu-

91 1505 167 1542 lam
189 1519 241 1541 eos
261 1506 381 1543 minus
400 1506 601 1555 appositam
623 1506 694 1543 effe
714 1507 821 1544 facile
848 1507 1070 1556 intelligitur.

91 1555 240 1604 Pighius
259 1556 296 1593 in
314 1558 479 1605 margine
499 1566 627 1601 notat,
641 1557 824 1607 quosdam
838 1557 984 1596 codices
1001 1572 1068 1608 pro

91 1609 187 1643 Deos
196 1607 330 1644 habere
342 1608 443 1654 hostes
453 1623 464 1644 .·
484 1608 586 1657 quod
606 1609 688 1645 sane
706 1608 971 1657 aspernandum
991 1622 1069 1648 non

93 1657 154 1694 est.
207 1657 343 1696 Cicero
368 1671 447 1696 111.
469 1658 547 1697 Off.
570 1657 631 1696 ubi
652 1659 697 1696 de
718 1659 854 1697 eodem
872 1660 947 1697 hoc
968 1661 1068 1699 fano

92 1708 227 1756 Reguli
245 1709 340 1757 agit,
366 1709 436 1747 ita:
466 1712 536 1745 Nec
552 1724 629 1746 ‘vero
649 1709 827 1761 ignorabat
837 1712 876 1758 se
892 1710 939 1747 ad
955 1711 1067 1748 crude-

89 1759 237 1806 liffimum
259 1760 376 1806 bostem
391 1761 561 1809 proficisci.
612 1761 728 1810 Atqui
748 1773 793 1798 ex
811 1760 945 1810 scriptis
960 1763 1070 1800 Cice-

91 1811 191 1847 ronis
211 1811 331 1848 noster
350 1811 465 1848 multa
478 1839 488 1855 ‚
517 1813 554 1849 86
573 1811 703 1850 iisdem
723 1823 818 1861 pene
838 1813 956 1851 verbis
969 1842 978 1858 ,
992 1814 1069 1852 col-

90 1860 199 1909 legit;
229 1870 270 1898 ut
282 1863 362 1910 Jam
382 1862 484 1910 supra
505 1863 671 1911 apparuit
683 1878 694 1906 ;
724 1865 763 1901 &
783 1863 938 1912 amplius
959 1877 1071 1914 appa-

91 1912 306 1950 rebitinfra.
333 1913 527 1951 VORST.
581 1915 757 1964 Torquet
774 1914 836 1952 hic
863 1927 994 1953 omnes
1013 1918 1070 1954 in-

88 1970 265 2012 terpretes
277 1963 311 2001 τὲ
323 1967 430 2001 Deos.
453 1963 513 2002 alii
532 1974 770 2015 expungunt,
790 1966 848 2003 alii
866 1966 995 2016 legunt
1011 1968 1068 2004 ho-

81 2013 239 2060 ste52alii
262 2029 327 2053 eos.
352 2016 435 2065 Ego
456 2017 584 2054 malim
601 2016 755 2055 dominos.
775 2029 870 2066 quae
887 2018 993 2068 saepe
1010 2020 1067 2057 in-

90 2071 146 2100 ter
161 2065 195 2101 se
216 2067 348 2104 mutari
373 2067 490 2105 solent
506 2066 587 2105 dnos
604 2080 741 2117 nempe
769 2069 807 2106 in
827 2071 922 2108 Deos.
978 2071 1067 2109 Erat

89 2114 193 2151 enim
214 2117 375 2164 captivus
398 2119 752 2168 Carthaginiensium
768 2148 777 2164 ,
812 2120 911 2158 unde
939 2121 990 2159 illi
1008 2134 1065 2160 re-

94 2164 151 2201 616
173 2165 276 2213 ipfius
294 2169 430 2207 Domini
449 2179 644 2208 vocantur.
697 2171 755 2208 Sic
773 2171 869 2220 apud
891 2172 1065 2221 Symma-

91 2216 204 2253 chum
233 2216 279 2252 L.
313 2231 392 2256 111.
437 2220 505 2268 Ep.
539 2221 597 2258 81.
636 2221 733 2258 male
768 2222 957 2269 legebatur
982 2223 1063 2261 divo

89 2270 198 2313 nostro
230 2267 404 2316 Theodosio
439 2282 507 2317 pro
546 2273 699 2309 Domino.
777 2273 978 2310 Caeterum
1017 2287 1062 2312 ex

94 2318 370 2355 MSS.Omnin0
390 2320 537 2356 restituo
551 2335 684 2363 ‚verum
704 2323 784 2368 quia
804 2321 857 2355 lais
868 2327 1062 2367 jura-verat.

90 2367 370 2412 Peffimosenim
390 2368 562 2417 exemplo
575 2370 751 2418 expunxit
768 2369 914 2417 Pighius
925 2374 958 2408 τό
968 2374 1062 2421 quia.

89 2419 206 2456 sensus
226 2420 326 2456 enim
347 2420 420 2456 loci
439 2420 487 2457 est
507 2420 768 2468 Carthaginem
796 2421 964 2469 repetiit,
985 2435 1064 2461 non

87 2471 228 2519 ignarus
241 2470 321 2513 ‚vel
336 2485 420 2513 ,non
439 2470 525 2519 quod
545 2472 682 2522 ignarus
701 2472 797 2519 efflet,
820 2472 881 2509 sed
900 2474 984 2523 quia
1007 2479 1059 2516 Ῐιι-

84 2532 237 2558 raverat.
270 2521 514 2559 PERIZON.
565 2523 616 2559 To*
645 2525 738 2558 Deos
765 2523 924 2561 retinent
949 2525 1057 2563 MSS.

86 2571 126 2607 in
145 2571 287 2609 duobus
306 2572 431 2609 inveni
441 2572 543 2619 hostes
557 2597 566 2613 ‚
587 2572 647 2610 sed
667 2573 704 2609 in
726 2585 858 2611 eorum
877 2574 993 2612 altero
1013 2576 1058 2614 ab

85 2621 158 2659 alia
179 2634 303 2659 manu.
325 2623 372 2660 est
393 2624 527 2668 etiam,
554 2624 617 2673 qui
640 2625 798 2662 omnino
819 2624 950 2663 deleat.
976 2627 1059 2664 Du-

89 2671 181 2709 dum
200 2673 269 2716 est,
297 2674 399 2721 quod
418 2674 661 2723 conjiciebam
682 2678 807 2712 Poenos
824 2702 834 2719 ,
862 2688 957 2727 quae
984 2690 1060 2716 vox

88 2724 272 2760 eximium
291 2724 352 2761 1116
371 2725 515 2772 pondus
531 2725 666 2763 habere
684 2726 896 2773 videbatur,
924 2727 971 2765 ad
996 2741 1061 2766 au-

87 2773 249 2822 gendam
279 2776 430 2824 cujusvis
456 2776 651 2823 graviffimi
679 2779 856 2816 cruciatus
877 2778 1061 2827 6111116613-

87 2825 234 2861 110116111
248 2853 258 2869 ,
287 2837 372 2863 611111
391 2835 634 2864 reverteretur
655 2826 701 2864 ad
717 2828 864 2867 infestos
891 2829 954 2867 fibi
980 2842 1059 2868 non

85 2874 206 2912 [0111111
229 2903 239 2919 ‚
267 2875 326 2914 sed
356 2889 419 2914 eos
449 2881 584 2915 Poenos.
614 2879 726 2915 Nunc
754 2880 864 2917 video
891 2880 993 2918 idem
1021 2881 1059 2918 in

87 2933 257 2962 mentem
278 2926 413 2964 veniffe
431 2929 565 2967 Matth.
584 2928 748 2967 Klokkio
766 2929 804 2966 in
825 2931 934 2978 Epist.
955 2930 1061 2980 ipfius

88 2975 236 3013 inedita.
289 2978 426 3027 Guyet.
445 2980 480 3017 τὲ
502 2982 589 3018 Deos
611 2979 718 3019 delet.
772 2982 954 3030 Rupertus
973 2983 1063 3032 legit

82 3026 189 3076 hostes
208 3027 254 3066 L.
280 3041 310 3067 x.
328 3040 364 3078 p.
390 3042 450 3077 47.

1174 1009 1235 1049 91.
1265 1004 1390 1038 Verum
1409 1001 1491 1051 quia
1509 1001 1773 1053 hisjuraverat]
1803 1005 1915 1055 Qia,
1943 1007 1981 1045 in
1996 1009 2108 1049 Cam-

1122 1051 1223 1099 penfi
1244 1063 1323 1089 non
1343 1051 1498 1090 habetur
1517 1055 1556 1090 86
1573 1053 1796 1102 superfluum
1826 1057 1897 1101 est,
1924 1058 2107 1099 hiulcam-

1123 1115 1195 1152 que
1217 1103 1337 1140 reddit
1358 1103 1565 1141 clausulam.
1593 1105 1734 1144 PIGH.
1785 1107 2026 1159 Antiquiores
2047 1121 2105 1161 ty-

1121 1153 1174 1201 pis
1200 1154 1372 1202 expressi,
1401 1158 1526 1191 Verum
1545 1158 1626 1204 quia
1646 1157 1698 1192 his
1718 1162 1914 1202 juraverat:
1939 1173 2104 1211 quomo-

1122 1203 1172 1241 do
1195 1205 1232 1241 &
1251 1205 1289 1241 in
1309 1204 1418 1242 codd.
1438 1205 1615 1243 Brandeb.
1641 1206 1814 1256 scriptum
1843 1213 1998 1259 reperio.
2050 1215 2105 1252 At

1119 1254 1266 1303 Pighius
1287 1256 1464 1304 expunxit
1479 1259 1584 1304 quia‚-
1608 1258 1710 1307 quod
1731 1260 1766 1296 in
1798 1261 1881 1298 cod.
1906 1263 2105 1311 Campenfi

1122 1305 1161 1343 id
1180 1317 1258 1343 non
1280 1307 1476 1354 reperiret,
1502 1307 1679 1358 idemque
1702 1310 1740 1347 &
1759 1310 1980 1359 superfluum
2005 1315 2106 1361 judi-

1124 1364 1234 1394 caret.
1288 1358 1370 1394 Nec
1393 1356 1489 1394 male
1511 1358 1650 1396 fanum
1671 1359 1760 1397 illud
1780 1370 1921 1409 putem.
1950 1364 2106 1413 Subjun-

1125 1406 1257 1457 {taque
1276 1419 1319 1445 ea
1340 1408 1580 1456 superioribus
1599 1409 1667 1447 sint
1687 1422 1734 1447 eo
1756 1411 1876 1449 modo
1890 1425 1987 1463 ,quo
1999 1426 2104 1463 prae-

1124 1457 1227 1495 (116113
1247 1459 1364 1497 verbis
1385 1459 1577 1497 Ciceronis
1604 1460 1835 1510 subjunemm
1857 1464 1905 1501 est
1918 1493 1928 1509 ,
1957 1465 2019 1501 Sed
2036 1471 2106 1510 jus-

1122 1508 1300 1553 jurandum
1311 1509 1517 1557 servandum
1533 1511 1689 1560 putabat,
1741 1512 1800 1549 Est
1819 1522 1944 1552 autem
1966 1517 2105 1554 utrobi-

1123 1572 1197 1609 que
1216 1560 1359 1598 locutio
1379 1561 1491 1609 paulo
1511 1562 1705 1600 concisior.
1732 1562 1780 1599 Et
1801 1565 1899 1613 apud
1911 1566 2106 1607 Valerium

1123 1610 1275 1660 quidem
1294 1624 1362 1659 pro
1381 1613 1435 1649 his
1448 1640 1457 1656 ‚
1486 1617 1611 1649 Verum
1638 1613 1690 1650 bis
1700 1617 1905 1660 juraverat,
1921 1617 1956 1663 fi
1976 1620 2106 1667 captivi

1121 1676 1230 1698 eorum
1247 1662 1372 1698 redditi
1389 1677 1454 1699 non
1466 1663 1659 1709 forent-,ad
1677 1667 1776 1712 eosse
1794 1665 1997 1703 rediturum:
2017 1669 2108 1706 ideo.

1121 1726 1185 1762 que
1202 1712 1399 1750 redeundum
1417 1713 1462 1750 ad
1481 1729 1533 1749 eos
1561 1716 1690 1751 omnino
1712 1716 1871 1758 putabat.
1910 1719 2105 1759 VORST⁰

1119 1765 1216 1812 Quia
1237 1765 1396 1802 omnino
1414 1765 1650 1802 retinendum
1674 1763 1743 1802 effe
1763 1766 1861 1804 16616
1890 1770 2029 1808 censuit
2047 1773 2101 1809 Cl.

1121 1814 1356 1853 Perizonius:
1387 1823 1485 1853 certe
1504 1816 1551 1853 fic
1571 1816 1711 1853 faciunt
1740 1818 1845 1855 MSS.
1873 1831 2034 1869 quorum
2062 1824 2100 1860 in

1121 1865 1339 1914 Leid.Sept.
1353 1867 1391 1904 &
1413 1866 1498 1904 cht.
1519 1868 1680 1904 occurrit
1700 1868 1791 1905 mihi
1810 1879 1996 1917 praeterea
2009 1888 2095 1917 ,non

1117 1915 1206 1967 quod
1223 1918 1373 1969 ignarus.
1397 1930 1464 1966 pro
1483 1920 1617 1967 repetiit
1641 1919 1679 1955 in
1701 1919 1824 1957 multis
1843 1921 1891 1958 est
1907 1924 2018 1969 petiit.

1169 1980 1228 2017 92.
1257 1969 1474 2020 Trigefimum
1491 1968 1595 2018 diem]
1616 1969 1677 2006 De
1695 1977 1867 2018 tempore
1886 1971 2026 2011 solenni
2044 1974 2099 2012 lu-

1120 2018 1198 2056 <aus
1227 2019 1311 2057 vide
1349 2020 1491 2069 Cujacii
1528 2020 1614 2058 Obs.
1631 2021 1688 2057 L.
1725 2032 1809 2060 xxr.
1848 2034 1903 2061 12.
1938 2024 2052 2063 PER
2066 2027 2100 2064 1-

1118 2069 1148 2108 Z
1163 2072 1198 2109 O
1213 2072 1263 2109 N.

1164 2135 1228 2172 93.
1255 2128 1477 2172 Romanarum
1497 2124 1620 2160 virium
1638 2123 1752 2174 parte]
1783 2125 1826 2163 In
1847 2128 2099 2178 manuscriptis

1117 2174 1247 2211 melius
1270 2178 1493 2219 Romanorum
1513 2178 1671 2212 virorum.
1730 2177 1906 2215 Mulieres
1935 2180 2034 2216 enim
2053 2180 2098 2217 li-

1117 2233 1175 2261 cet
1203 2225 1329 2262 0661113
1356 2226 1441 2262 viris
1467 2226 1645 2270 affiiffle,
1682 2228 1808 2265 festiva
1828 2228 1972 2266 Cereris
1997 2230 2094 2269 sacra

1116 2274 1218 2311 obire
1230 2275 1381 2312 coactae
1391 2276 1479 2311 sunt.
1491 2276 1630 2313 PIGH.
1643 2281 1871 2324 Romanarum
1889 2282 2026 2319 virium.
2041 2282 2097 2320 Ita

1112 2322 1324 2370 legendum.
1335 2325 1382 2362 Et
1398 2325 1533 2362 habent
1544 2326 1592 2363 ita
1613 2329 1838 2378 antiquiores
1850 2332 1944 2378 typis
1955 2334 2097 2380 expres-

1115 2370 1154 2415 11,
1176 2375 1214 2411 86
1235 2375 1342 2412 MSS.
1362 2376 1452 2413 item
1472 2375 1652 2415 Brandeb.
1689 2379 1760 2415 Sed
1781 2380 1819 2416 &
1837 2381 2092 2420 celeberrimus

1115 2423 1330 2463 Gronovius
1342 2454 1351 2469 ‚
1363 2434 1403 2463 ut
1420 2426 1494 2474 ipse
1511 2428 1547 2463 in
1558 2427 1667 2465 literis
1679 2429 1723 2466 ad
1735 2440 1797 2466 me
1816 2431 1960 2469 testatus
1974 2433 2021 2469 est
2032 2462 2040 2476 ‚
2053 2434 2089 2469 in

1112 2476 1261 2522 optimis
1298 2476 1407 2514 codd.
1441 2478 1491 2514 ita
1525 2478 1698 2526 scriptum
1735 2481 1879 2528 reperit.
1940 2483 2085 2531 PighiuS

1111 2536 1197 2563 611111
1224 2526 1262 2563 111
1290 2539 1367 2565 11110
1396 2528 1433 2565 &
1460 2527 1576 2566 altero
1606 2530 1688 2567 cod.
1716 2530 1900 2580 reperiss'et
1927 2538 2086 2582 Romano-

1108 2590 1182 2613 rum
1200 2579 1370 2620 virorum,
1394 2578 1567 2617 audacter
1591 2581 1666 2617 hoc
1690 2581 1873 2620 substituit.
1910 2583 1956 2619 Et
1975 2583 2087 2620 secuti

1110 2638 1197 2666 eum
1224 2628 1305 2666 sunt
1333 2629 1509 2675 CoIerus,
1538 2631 1722 2679 Thyfius,
1759 2632 1954 2670 Minellius.
2008 2634 2087 2670 Ve-

1110 2689 1193 2716 rum
1212 2679 1304 2728 quid
1325 2681 1500 2718 attinebat
1520 2683 1707 2720 nominari
1725 2684 1783 2720 liic
1802 2685 1891 2718 viros
1904 2685 1920 2718 ,ἓ
1943 2684 2087 2721 Annon

1112 2741 1177 2777 per
1202 2730 1236 2767 se
1262 2730 1341 2768 satis
1367 2731 1600 2780 intelligitur,
1638 2746 1715 2771 non
1743 2734 1920 2777 feminas,
1946 2734 2006 2771 sed
2033 2736 2090 2772 vi-

1112 2792 1172 2817 ros
1200 2780 1367 2818 cecidiffe
1402 2783 1439 2819 in
1466 2795 1600 2831 pugna.
1660 2785 1793 2832 Neque
1822 2796 1912 2821 vero
1940 2796 2085 2822 novum

1114 2831 1184 2875 est,
1210 2833 1298 2869 vires
1320 2833 1410 2880 poni
1437 2846 1503 2882 pro
1532 2836 1705 2871 exercitu.
1733 2835 1862 2871 Livius
1890 2847 1998 2880 11111,
2028 2847 2086 2882 47.

1114 2883 1233 2931 Neque
1250 2894 1324 2920 arte
1339 2909 1349 2926 ,
1378 2899 1482 2933 neque
1500 2887 1574 2932 cafh
1587 2910 1597 2926 ,
1612 2884 1673 2932 sed
1690 2887 1821 2922 collatis
1844 2899 1986 2921 commus
2003 2889 2092 2923 ‘viri-

1112 2931 1170 2968 bus
1181 2936 1269 2980 justo
1286 2948 1324 2970 ac
1339 2936 1394 2984 pio
1414 2935 1499 2970 bello
1517 2935 1576 2982 effi:
1594 2939 1792 2985 superatum.
1841 2937 1996 2981 Juih'nus
2029 2949 2088 2981 1v,

1116 2994 1152 3031 3,
1175 2996 1204 3030 ς.
1232 2988 1291 3020 Νε
1309 2985 1574 3022 Lacedaemoniis
1594 2986 1675 3022 illae
1692 2988 1779 3023 vires
1797 2985 1992 3023 accederem.
2041 2987 2088 3025 Et

1114 3046 1152 3079 v,
1179 3046 1211 3079 Ι,
1229 3046 1265 3083 9.
1316 3039 1417 3076 Vires
1435 3037 1540 3078 totius
1558 3038 1705 3076 Orientis
1719 3047 1922 3124 gucurrunt.
1971 3036 2088 3093 Fron-

1992 3097 2088 3126 tinus
