2387 3421
360 108 1080 187 DEDICATIONES
1128 104 1252 164 ET
1307 102 2025 164 PRAEFATIONES.

95 264 143 310 ὃς
204 274 280 320 ut,
300 258 353 306 ad
376 272 465 310 eas,
501 252 589 296 hoc
612 245 701 304 est,
734 240 790 289 ad
814 252 984 288 veteres
1009 237 1213 284 Graecos
1236 233 1284 280 &
1313 234 1505 280 Latinos
1541 230 1778 296 scriptores
1813 231 2029 293 legendos
2059 230 2108 278 &
2139 247 2309 296 prope-

93 298 281 374 mddum
316 317 599 371 ediscendOS,
629 314 922 376 juventutem
958 316 1245 358 revocarem,
1282 299 1533 362 plurimum
1568 314 1619 344 ac
1655 295 1923 361 (praefiscini
1957 297 2170 355 dixerim)
2205 312 2306 345 tan-

94 406 217 448 tum,
253 398 472 450 quantum
509 376 743 443 quisquam
779 373 871 418 hoc
909 368 1086 424 seculO,
1122 365 1335 412 laboravi.
1373 365 1448 409 De
1478 363 1663 409 Valerio
1701 363 1831 409 Max.
1867 361 2108 409 confilium
2145 375 2307 421 tuum,

94 458 141 501 ἃ*
168 468 279 516 quae
312 449 365 496 ad
400 462 504 492 eum
542 456 699 500 notas,
744 437 792 484 &
827 434 961 482 laudo
996 431 1291 479 vehementer
1327 428 1374 473 ὃ(
1408 428 1557 490 probo
1589 446 1599 474 :
1649 427 1824 491 indiget
1864 428 1985 473 enim
2020 443 2137 473 nova
2171 428 2310 474 etiarn

93 535 225 573 cura,
261 530 346 560 nec
380 509 530 576 potest
566 505 718 571 negari
753 502 985 564 optimum
1011 497 1230 560 Pighium
1266 495 1311 538 in
1346 493 1500 537 multis
1534 491 1684 538 codici
1719 492 1967 538 admodum
2003 490 2234 538 maculoso
2267 492 2308 539 se

94 579 345 628 lactandum
383 573 645 641 praebuiffe.
712 568 859 616 Libro
901 580 941 611 ι.
983 579 1021 609 1.
1056 575 1150 607 ext.
1192 573 1264 620 15.
1300 557 1574 602 habebatur:
1623 561 1720 616 qaia
1752 559 1904 617 majore
1929 571 2051 618 poene
2086 559 2307 603 Romana-

89 663 181 692 rnin
215 648 378 691 virium
408 651 526 704 parte
562 642 603 684 iii
637 633 873 697 exsecrabili
907 646 955 675 ac
989 630 1079 673 cliro
1098 625 1187 685 fhlo
1209 624 1401 684 jacente,
1438 623 1589 666 nallias
1621 631 1786 679 penates
1819 625 2012 668 moeroris
2046 633 2229 682 expertes
2264 639 2307 668 e·-

91 721 203 757 7·.znt.
271 709 443 770 Neque
478 705 604 750 aliter
640 702 685 745 in
722 697 863 744 MSS.
899 693 1166 739 invenimus.
1237 688 1318 732 Ille
1352 685 1543 750 subjecit
1581 687 1866 731 Romanorum
1897 689 2100 732 vii-oram.
2159 686 2306 746 Qiod

34 777 38 782 .
92 775 253 822 eodem
289 774 395 819 1000
433 785 555 832 pono
594 767 638 810 ὃς
669 779 802 826 paro,
840 774 931 821 quo
968 754 1093 819 quod
1120 751 1286 814 Justini
1322 750 1427 796 Lib.
1460 751 1519 795 lI.
1559 766 1599 804 9.
1646 767 1714 794 nec
1747 752 1942 796 inventas
1976 753 2060 796 illis
2094 762 2176 797 toto
2211 754 2306 798 orbe

88 855 212 901 pares
233 842 343 884 vires
365 838 592 898 gloriatur,
628 823 898 889 Bongarsius
927 832 1102 877 mutat,
1136 822 1322 863 inventos
1353 818 1413 860 vit
1426 831 1479 860 os.
1523 813 1644 871 Qis
1680 831 1774 859 non
1809 813 1934 860 videt
1970 815 2120 877 priora
2153 816 2304 863 multo

93 904 375 958 venustiora,
413 899 522 944 haec
559 895 757 958 plebeiae
793 888 877 935 esse
912 885 1088 950 pulpae.
1157 881 1406 927 Frontinus
1443 880 1822 940 Strateg.4.7.6.
1867 883 2125 939 Naturam,
2168 885 2304 941 inquit

95 973 325 1023 Sertorius,
364 966 650 1010 Rotnani-om
681 951 838 1003 giarium
867 967 938 1012 per
961 951 1032 996 hoc
1062 947 1181 994 vobis
1214 947 1440 1004 exemplam
1472 944 1646 1003 ostendi,
1683 947 1845 990 niffl'tcs.
1916 945 1992 990 Sic
2025 946 2145 990 enim
2183 946 2306 993 Scri-

95 1035 238 1081 verius
274 1033 318 1076 in
351 1028 459 1086 suis,
494 1042 582 1087 ego
619 1026 665 1069 in
700 1021 793 1067 aliis
829 1015 1095 1064 membranis
1130 1008 1420 1073 deprehendi.
1487 1007 1695 1054 Valerius
1734 1024 1866 1069 1117.
1889 1014 1934 1055 6.
1981 1011 2222 1055 Galliarum
2255 1028 2304 1058 ac

94 1102 296 1160 Ligurian
330 1098 390 1140 vii
405 1109 443 1139 es
475 1093 661 1150 remotas
693 1090 736 1132 in
762 1084 883 1139 fitam
912 1080 1164 1141 potestatem.
1229 1075 1291 1121 Et
1315 1087 1568 1119 111.7..11.
1604 1078 1801 1132 Cas-onerist
1827 1077 2002 1132 praello,
2037 1091 2113 1135 qao
2137 1079 2307 1122 Hanni-

95 1166 165 1209 bal
196 1164 324 1222 magis
359 1162 468 1204 vires
492 1158 704 1202 Romanas
739 1164 862 1211 quani
895 1149 1051 1190 animos
1075 1141 1223 1203 fregit.
1294 1137 1401 1184 Lib.
1449 1153 1486 1183 1.
1523 1152 1566 1199 5.
1603 1151 1696 1183 ext.
1734 1152 1772 1183 2..
1810 1137 1921 1184 fecit
1953 1140 2172 1200 Pighius,
2203 1141 2307 1201 snc-

96 1229 239 1288 ceffitm
261 1224 385 1285 sicima
420 1226 463 1267 in
497 1236 610 1266 omen
646 1227 852 1275 acceptum
887 1209 1123 1270 referentes.
1192 1205 1256 1250 At
1291 1218 1380 1267 ego
1415 1218 1508 1248 non
1541 1201 1721 1248 discedo
1754 1220 1779 1249 a
1813 1205 1935 1266 prius
1969 1203 2094 1250 edito
2118 1239 2132 1263 ,
2178 1205 2308 1267 quod

100 1295 145 1338 ἓ(
182 1292 227 1336 in
261 1303 456 1352 quatuor
491 1297 568 1330 aut
604 1282 806 1345 quinque
842 1275 984 1323 MSS.
1021 1270 1201 1335 reperi:
1246 1268 1474 1329 snccoffnm
1508 1266 1637 1326 snam
1672 1271 1793 1314 antini
1827 1279 2034 1329 acceptum
2067 1270 2306 1330 referentes.

100 1357 334 1412 Centum,
370 1352 564 1415 opinor,
600 1340 944 1393 auetoritatibus
983 1337 1160 1384 firmem
1181 1367 1195 1393 ,
1226 1333 1259 1380 fi
1293 1348 1408 1395 opus
1444 1330 1497 1377 fit
1521 1364 1535 1389 ,
1581 1332 1733 1392 referre
1768 1345 1974 1393 acceptam
2010 1337 2169 1391 alicui,
2216 1351 2310 1383 non

97 1421 238 1468 modo
275 1418 483 1483 proprie,
518 1412 589 1459 sed
621 1412 757 1457 etiam
791 1403 997 1454 translate
1032 1419 1115 1466 pro
1150 1416 1234 1457 e0,
1270 1396 1396 1461 quod
1429 1396 1493 1442 est
1527 1395 1755 1442 beneficio
1787 1398 1977 1460 alicujus
2009 1397 2193 1445 debere:
2240 1417 2306 1446 re-

86 1488 204 1549 ferre
238 1494 444 1544 acceptum
479 1484 521 1526 ja
555 1481 735 1537 aliquem
758 1507 771 1532 ‚
815 1485 892 1517 aut
935 1468 1089 1530 referre
1123 1464 1281 1525 aliquid
1319 1466 1362 1508 in
1404 1470 1609 1520 acceptam
1643 1478 1755 1507 omen
1789 1463 1867 1524 qui
1902 1457 2070 1509 dixerit
2096 1497 2111 1521 ,
2153 1463 2304 1512 adhuc

101 1566 280 1614 quaero.
351 1548 479 1593 Nam
516 1540 752 1589 Ciceronis
789 1551 884 1596 opas
918 1537 961 1580 in
995 1542 1202 1591 acceptum
1249 1527 1404 1590 referre
1450 1525 1558 1572 Lib.
1591 1541 1628 1572 1.
1672 1526 1720 1572 in
1749 1526 1884 1573 Verr.
1927 1526 1976 1573 &
2007 1528 2140 1574 initio
2173 1529 2306 1576 Para-

101 1617 358 1669 doxorum,
405 1609 518 1657 nihil
552 1608 642 1653 huc
672 1603 884 1668 pertinet.
952 1596 1114 1644 Multo
1144 1595 1293 1640 minus
1326 1589 1559 1638 allubescit
1590 1590 1758 1637 ibidem
1795 1595 1959 1638 Extanc
1990 1592 2039 1639 &
2070 1597 2135 1639 ati
2164 1594 2306 1642 dacem

99 1682 404 1741 constituerant.
454 1675 508 1720 In
542 1673 647 1719 MS.
683 1670 798 1734 legi:
836 1667 1016 1723 deinceps
1045 1661 1228 1708 omnibns
1251 1660 1379 1718 proel.
1407 1670 1485 1717 pro
1513 1657 1611 1702 dirce
1641 1660 1704 1702 ati
1732 1657 2013 1717 instituerunt.
2047 1657 2188 1705 Unde
2211 1658 2307 1706 for-

102 1762 246 1792 mem:
282 1743 335 1795 ὅ
359 1753 452 1787 tanc
476 1739 639 1784 Aeanti
672 1746 718 1781 nt
748 1736 816 1780 deo
844 1730 1190 1782 immolaverant,
1227 1724 1279 1775 {9⁷
1302 1724 1479 1782 deinceps
1513 1722 1694 1768 omnibus
1713 1725 1876 1782 proeliis
1910 1739 1953 1769 eo
1979 1723 2077 1770 duce
2103 1728 2167 1770 uti
2189 1725 2308 1785 insti-

101 1820 284 1857 tsisrnnt.
348 1802 547 1852 Rursum
582 1818 619 1847 1.
652 1818 686 1846 1.
721 1812 813 1845 ext.
846 1812 885 1840 2.
955 1795 1126 1839 Factum
1152 1787 1417 1849 Adaffanisae
1447 1789 1585 1832 animo
1616 1802 1738 1847 qaam
1763 1789 1914 1834 Punico
1937 1787 2134 1849 sangnini
2162 1806 2307 1836 conve-

101 1880 224 1922 niens.
328 1870 469 1916 serito
505 1865 688 1929 Lipsius
722 1861 932 1909 exculcat
967 1859 1010 1904 τὲ
1027 1861 1146 1918 plns,
1189 1853 1314 1916 quod
1344 1850 1581 1898 inseruerat
1617 1851 1824 1914 Pighius.
1891 1852 1980 1900 Sed
2013 1852 2062 1900 &
2087 1856 2308 1914 Maſjlzni-

100 1941 191 1997 flam
228 1952 380 1984 ortum
418 1947 532 1996 puto
564 1931 618 1977 ab
653 1930 735 1976 illis
759 1963 772 1987 ,
828 1926 906 1988 qui
940 1937 1107 1969 nomen
1140 1921 1186 1966 in
1219 1919 1358 1965 Livio
1383 1921 1417 1962 'e
1453 1916 1639 1964 Graecis
1672 1916 1732 1962 fic
1771 1916 2025 1965 formarunt
2045 1952 2061 1977 ,
2119 1934 2227 1965 cum
2260 1919 2309 1967 in

90 1998 248 2052 MSS.
293 2000 504 2047 omnibus
536 1996 589 2042 sit
627 1994 869 2054 Adafiaiſja.
930 1988 1143 2050 Denique
1175 2001 1269 2031 non
1307 1984 1453 2046 placet
1489 1984 1676 2027 animum
1713 1983 1959 2043 Mafinifflze
1991 1981 2041 2029 &
2066 1982 2311 2045 scingainem

106 2072 306 2115 Psinicam
331 2062 603 2126 comparari:
640 2059 709 2104 sed
736 2057 765 2104 si
789 2053 897 2119 quid
921 2051 1079 2110 video,
1112 2048 1286 2113 scripfit
1315 2062 1471 2094 autor:
1511 2051 1681 2092 Fanum
1708 2048 1954 2107 Mafiniffize
1977 2049 2165 2094 Romano
2185 2065 2310 2109 qnam

107 2137 255 2179 panico
277 2131 471 2195 sanguini
506 2128 749 2172 conveniens.
819 2119 995 2167 Eodem
1041 2116 1146 2163 Lib.
1181 2120 1263 2160 v11.‘
1315 2127 1406 2159 ext.
1438 2128 1483 2173 4.
1551 2114 1672 2156 Nant
1708 2129 1727 2156 e
1760 2113 1909 2157 duobus
1926 2111 2035 2172 filiis
2067 2111 2121 2163 {9⁹
2158 2115 2312 2175 ingenti

105 2201 297 2261 agilitate
317 2197 370 2248 &²
393 2195 565 2251 corporis
591 2189 746 2235 dotii'ias
773 2185 1110 2246 pracstantiorem
1135 2179 1225 2226 &o
1263 2178 1466 2226 Mirabar
1487 2193 1582 2222 non
1604 2176 1732 2222 aliter
1756 2177 1898 2224 MSS.
1923 2174 2169 2240 praeferre,
2203 2194 2313 2225 cum

107 2261 350 2323 legendum
387 2258 576 2304 omnino
613 2253 692 2310 sit,
725 2255 873 2312 ingenii
905 2251 1107 2310 agilitate.
1179 2246 1242 2292 Hi
1272 2243 1400 2301 sunt,
1435 2257 1548 2305 quos
1584 2244 1798 2288 velociores
1828 2241 1946 2287 dixit
1966 2241 2195 2290 Phaedrus
2224 2242 2315 2291 fab.

113 2315 271 2375 X‘Lil.
333 2324 418 2377 Usa
451 2323 624 2381 peritior
655 2319 812 2364 hariolo
834 2348 849 2373 ,
894 2315 1065 2359 rrelocior
1093 2314 1212 2372 vulgo
1249 2310 1323 2368 effe
1352 2309 1514 2368 fertur.
1556 2306 1635 2351 ubi
1664 2306 1778 2351 male
1811 2306 2072 2370 Rigaltius,
2108 2313 2314 2356 veracior.

115 2391 334 2441 Horatius
366 2387 472 2434 Lib.
509 2402 544 2429 1.
579 2399 648 2446 ep.
682 2397 751 2427 iz.
785 2385 942 2425 animas
964 2381 1054 2438 stae
1085 2391 1240 2437 corpore
1269 2376 1404 2419 velox.
1472 2371 1641 2416 Cicero
1671 2386 1710 2416 1.
1745 2369 1888 2416 Tusc.
1930 2387 2005 2426 19.
2041 2373 2150 2417 nihil
2178 2373 2234 2432 est
2264 2389 2317 2420 a·

118 2463 220 2505 nisno
252 2457 453 2509 velocius,
489 2451 604 2495 nulli
637 2447 688 2506 est
718 2447 898 2491 celeritas
922 2474 936 2499 ‚
987 2457 1089 2501 qnae
1116 2441 1232 2500 poffit
1266 2454 1354 2483 cam
1386 2438 1514 2482 animi
1545 2437 1750 2480 celeritate
1781 2437 2029 2481 contendere.
2099 2435 2229 2483 Haec
2265 2437 2315 2485 &

117 2523 171 2571 ad
201 2523 290 2567 hoc
325 2514 586 2578 exemplum
624 2510 656 2557 fi
690 2526 777 2572 qua
809 2505 1025 2553 demereri
1062 2517 1108 2550 te
1141 2501 1351 2566 poffunt,
1386 2499 1624 2564 perlubens
1649 2512 1804 2544 tecum
1830 2500 2202 2547 communicabo.
2228 2505 2316 2550 Ac-

116 2589 219 2647 cfffio
252 2583 358 2630 Lib.
384 2598 427 2627 v.
449 2595 493 2640 7.
529 2576 699 2641 possem
725 2573 809 2620 tibi
835 2569 1080 2618 monstrare
1111 2567 1378 2630 exemplaris
1401 2567 1488 2611 mei
1514 2563 1708 2627 margini
1733 2579 1757 2608 a
1782 2579 1853 2609 me
1877 2563 1989 2611 olim
2011 2562 2314 2629 adscriptu'm:

117 2643 162 2701 ἃ
181 2651 268 2697 sine
288 2647 428 2693 dubio
451 2659 608 2691 verum
633 2640 711 2687 est.
780 2640 835 2684 In
858 2635 1011 2682 eadem
1037 2648 1151 2680 voce
1173 2645 1416 2694 corruptus
1449 2629 1646 2689 justinus
1667 2644 1864 2675 xxxvm.
1890 2646 1930 2674 2.
1973 2633 2121 2677 timens
2143 2647 2190 2676 ne
2215 2634 2316 2677 Mi-

116 2718 318 2764 thridates
358 2711 560 2768 acceffione
600 2705 881 2766 Cappadociae
920 2704 1046 2746 etiam
1093 2699 1331 2759 Bithyniam
1357 2696 1592 2755 finitimam
1633 2693 1866 2739 invaderet.
1935 2694 2151 2758 Suspicor
2192 2697 2315 2743 enim

116 2784 282 2844 Trogo
312 2775 463 2822 fnisse:
501 2791 547 2819 ne
576 2771 858 2819 ll‘litloridates
888 2768 1002 2812 velat
1034 2763 1279 2822 acceffionem
1313 2760 1595 2819 Cappadociae
1628 2757 1861 2821 Bithyniam
1876 2760 2112 2819 finitimam
2144 2762 2322 2808 invade-

118 2859 194 2893 ret.
260 2845 438 2888 Facinus
461 2840 563 2884 nulli
588 2849 756 2904 tyranno
782 2830 1098 2892 comparandam
1121 2827 1239 2875 reete
1273 2825 1459 2890 cepisti,
1495 2823 1542 2868 &
1563 2822 1845 2869 vindicatum
1878 2823 1940 2869 ivi
1972 2822 2175 2871 adversus
2206 2826 2319 2872 ami-

122 2927 198 2958 cos
233 2906 404 2953 nostros
438 2903 490 2949 ad
527 2901 650 2948 Livii
683 2900 779 2962 cpit
812 2912 890 2958 74.
932 2894 1190 2941 Reddendam
1215 2907 1404 2952 operam,
1426 2888 1489 2934 est
1512 2889 1558 2934 in
1592 2887 1801 2933 omnibus
1825 2889 1969 2935 MSS.
2004 2888 2054 2934 &
2075 2889 2190 2935 mihi
2223 2891 2320 2955 pla-

118 2988 191 3024 cet
220 2970 424 3017 mirifice.
495 2967 671 3013 Reddere
706 2980 787 3027 pro
823 2962 925 3007 dare
953 2959 1026 3006 vel
1058 2957 1213 3016 edere,
1250 2957 1510 3020 protritum.
1576 2953 1652 3000 Sic
1680 2953 1846 2998 reddere
1865 2967 2055 3013 operam,
2082 2954 2321 3017 idem‘est,
2385 2952 2387 3004 ξ

119 3037 242 3107 quod
272 3036 382 3083 edere
405 3048 589 3093 operata,
625 3030 679 3077 de
705 3045 798 3093 quo
821 3026 875 3075 ad
896 3026 1085 3074 Livium
1116 3039 1219 3071 111.
1262 3028 1333 3086 36.
1387 3020 1495 3067 Hoc
1522 3032 1705 3082 quoque
1725 3017 1774 3063 in
1797 3033 1852 3064 eo
1877 3016 2079 3068 sermone
2103 3019 2324 3081 dofflmm,
2384 3025 2387 3042 ‘¹

2205 3087 2331 3151 quod
2383 3094 2385 3142 ζ
