2516 3509
164 93 198 105 ‘x

392 148 399 158 ¹
430 124 549 180 DE
617 119 1096 179 EXTERNIS
1163 120 1757 178 INSTITUTIS.

177 239 222 272 70
267 201 494 279 'Phraciae
527 243 657 275 vero.
682 225 756 272 illa
799 225 923 272 natio
966 224 1130 271 merito
1177 223 1258 272 fibi
1300 222 1536 288 sapientiae
1569 221 1745 269 laudem
1781 219 2243 292 vindicaverit‚Her¹²·

104 329 216 378 quae
250 311 412 359 natales
446 309 688 356 hominum
724 306 969 366 flebiliter,
1001 313 1057 358 ,7ι
1095 306 1302 370 exequias
1337 321 1443 351 cum
1479 303 1701 350 hilaritate
1735 303 1946 350 celebrat.

2000 137 2104 193 179

2187 260 2239 291 od.
2261 267 2290 289 v.

2034 301 2104 350 Si-
2121 302 2219 336 Solin.
2234 310 2287 334 κν,

101 407 157 438 ne
189 390 290 438 ullis
325 388 568 436 do&orum
604 387 880 452 praeceptis,
914 401 1074 434 verum
1120 392 1161 424 7ζ
1195 382 1471 449 conditionis
1506 381 1679 429 nostrae
1714 382 1919 428 habitum
1955 381 2105 446 pervi-

103 465 186 513 dit.
254 466 572 512 Removeatur
605 464 757 527 itaque
790 462 998 509 naturalis
1033 461 1242 508 omnium
1275 457 1534 504 animalium
1569 455 1764 502 dulcedo
1799 459 1916 505 Vitae
1936 494 1950 518 ,
1994 476 2107 523 quae

103 543 477 593 multa&facere
499 543 547 590 &
566 544 659 608 pati
693 544 889 608 turpiter
922 542 1080 607 cogit,
1117 545 1156 574 ⁷³
1183 537 1216 585 fi
1250 552 1300 583 ea
1334 548 1516 584 mortua
1550 538 1643 600 ejus
1678 535 1909 600 aliquanto
1930 539 2105 589 felicior

103 648 156 679 ac
177 630 354 679 beatior
380 629 480 677 finis
503 630 766 694 reperietur.

113 833 358 880 Xenodotum
390 843 427 879 in
453 839 607 879 Collec't.
636 838 802 889 proverb.
828 838 1087 886 Pomponium

113 893 256 934 Melam
275 893 296 930 l.
315 906 359 930 11.
381 905 410 930 c.
423 905 456 930 2.
477 892 598 929 Multa
615 902 767 941 quoque
785 891 821 937 in
842 900 924 925 eam
944 890 1088 924 senten-

111 946 202 982 tiam
217 945 353 982 Cicero
364 943 423 981 lib.
442 956 471 981 1.
485 943 523 980 T
527 942 597 979 usc.
609 941 741 992 quaest.
764 936 883 977 habet.
895 937 1088 974 VORST.

45 1012 51 1015 ·
110 996 276 1033 Thraciae
299 1009 377 1030 vero
409 994 472 1029 illa
501 994 606 1029 natio.
641 992 698 1028 Sic
728 991 805 1027 satis
834 989 930 1025 clare
950 988 1089 1036 liquet,

113 1058 192 1084 non
220 1046 265 1083 de
297 1043 469 1082 omnibus
496 1042 700 1081 Thracibus
729 1041 803 1077 hoc
831 1038 1090 1088 accipiendum

114 1095 207 1140 effe,
233 1095 294 1133 sed
316 1095 361 1131 de
386 1101 483 1130 certa
514 1093 675 1143 quadam
696 1092 733 1129 T
737 1092 890 1128 hracum
915 1090 1090 1133 natione,

112 1148 167 1185 his
186 1158 276 1183 vero
295 1156 413 1194 quum
434 1143 536 1181 Mela
556 1142 733 1180 adscribet
755 1145 882 1186 Getas,
912 1142 949 1178 δε
973 1140 1019 1177 de
1039 1140 1092 1177 his

114 1209 158 1235 ea
175 1204 385 1239 memoret,
412 1206 508 1244 quae
538 1193 582 1231 de
606 1192 810 1232 Thracibus
842 1192 984 1235 noster,
1015 1203 1093 1228 cre-

114 1246 223 1286 dibile
246 1246 293 1284 est
321 1245 474 1294 intelligi
502 1246 563 1282 hic
591 1245 722 1282 debere
745 1246 874 1288 Getas,
902 1254 996 1292 quos
1024 1254 1094 1280 vo-

116 1298 247 1336 cabant
264 1295 585 1345 οίποιξὶοωοιῖέζονῷις,
635 1296 696 1333 De
724 1295 856 1345 quibus
879 1295 1023 1331 Ari-ian.
1048 1294 1094 1331 L.

120 1363 151 1389 1.
173 1350 266 1398 Exp.
286 1348 394 1386 Alex.
416 1348 507 1396 Cap.
526 1359 558 1397 3.

166 1412 224 1447 71.
254 1402 438 1450 Exsequias
459 1413 528 1436 cum
549 1398 724 1434 hilaritate
742 1393 925 1443 celebrans]
957 1394 1094 1433 Sexde-

116 1453 189 1490 Cim
221 1451 330 1488 MSS.
356 1450 506 1488 celebrat.
534 1447 637 1486 Voff.
665 1447 858 1485 celebrabat.
887 1446 1019 1495 Copes.
1045 1461 1095 1482 ce-

117 1502 297 1540 lehn-abant.
325 1503 415 1540 Ant.
438 1501 581 1550 Gryph.
607 1497 803 1544 celebrando.
833 1499 988 1535 Ceterae
1000 1498 1094 1535 Edd.

115 1554 265 1591 celebrat.
317 1553 436 1601 Quod
464 1549 599 1590 mutari
632 1563 709 1589 non
733 1558 809 1587 erat
830 1562 946 1598 opus,
975 1549 1094 1587 modo

118 1607 242 1654 major
256 1604 335 1652 post
345 1605 421 1642 hoc
432 1603 589 1641 verbum-
602 1610 761 1651 ponatur
773 1601 966 1639 distin&io.
994 1600 1094 1638 Nam

114 1658 164 1695 ita
185 1655 312 1694 malim
328 1684 337 1699 ‚
365 1667 478 1705 quam
502 1666 644 1704 ponere
669 1654 769 1691 illam
794 1652 874 1701 post
889 1654 1069 1701 praeceptis
1084 1681 1095 1697 ‚

114 1716 156 1746 ut
178 1707 227 1744 est
249 1707 287 1744 in
310 1705 522 1755 quibusdam
545 1704 793 1742 Editionibus.

166 1770 222 1805 72.
252 1755 460 1795 conditionis
489 1760 616 1805 nostrae
647 1755 795 1793 habitum
818 1752 1009 1803 prae-vidit]
1051 1754 1095 1792 In

114 1808 350 1848 Atrebatenfi
371 1809 519 1858 aliisque
533 1806 693 1858 pervidit.
745 1806 865 1854 Magis
888 1813 983 1854 apte.
1037 1805 1096 1843 Sic

111 1862 212 1900 enim
233 1859 437 1900 Horatius:

160 1929 244 1965 Cam
263 1939 322 1965 ma
336 1924 515 1978 pervideas
535 1927 636 1963 omlis
655 1928 746 1963 mala
772 1923 880 1976 lippus
892 1925 1048 1964 inanclis.

116 2003 257 2043 PIGH.
310 2005 516 2043 conditionis
537 2008 664 2054 nostrae
689 2005 839 2042 habitam
852 2003 1013 2054 pervidit.
1042 2003 1098 2041 Ita

114 2054 263 2103 Pighius
292 2068 337 2093 ex
370 2057 453 2095 cod.
484 2056 716 2095 Atrebatensi
744 2056 893 2105 aliisque
921 2056 1096 2099 restituit,

117 2117 204 2143 cum
236 2106 351 2144 Aldus
378 2107 543 2146 edidiffet
572 2107 755 2159 praevidit.
806 2108 915 2144 Unus
942 2119 1097 2156 quoque

116 2156 201 2194 cod.
222 2156 354 2194 Brand.
375 2158 422 2196 fiC
441 2159 574 2203 habet,
597 2162 634 2198 ὃς
657 2159 733 2197 duo
756 2167 899 2196 veteres
919 2159 1014 2206 typis
1035 2170 1098 2194 ex-

117 2207 241 2256 pressi,
272 2208 598 2258 Chalcocondylae
621 2212 658 2247 &
681 2212 793 2247 Mart.
816 2209 971 2257 Herbip.
1025 2208 1096 2246 Sed

120 2259 158 2296 δί
176 2258 214 2295 in
233 2258 350 2295 altero
369 2259 681 2308 Brandeburgenfi
698 2260 873 2307 scriptum
901 2260 938 2295 in
962 2260 1096 2306 margi-

120 2321 166 2346 ne
182 2308 343 2359 per-vidit.
371 2310 564 2347 VORST.
618 2308 803 2346 Prae-vidit.
822 2308 870 2345 sic
892 2308 997 2345 MSS.
1025 2320 1095 2345 no-

117 2373 218 2398 vem.
236 2358 389 2410 providit
410 2362 576 2410 quinque
600 2362 638 2398 &
655 2360 705 2396 ita
724 2360 807 2397 Asc.
834 2359 965 2408 reliqui
978 2361 1096 2407 pervi-

121 2410 173 2447 dit
206 2423 290 2448 cum
320 2411 388 2448 Ed.
416 2412 591 2460 principe.
654 2410 715 2447 De
742 2422 821 2458 quo
846 2410 962 2447 verbo
995 2409 1095 2447 Vide

124 2463 355 2500 Lambinum
380 2464 416 2500 &
438 2462 648 2510 Bentlejum
670 2459 714 2498 ad
735 2462 869 2498 Horat.
893 2461 938 2497 L.
963 2472 992 2497 1.
1013 2459 1045 2497 S.
1061 2473 1094 2511 3.

121 2527 181 2563 25.
211 2514 354 2550 Confer
374 2514 538 2551 nostrum
572 2513 616 2549 L.
637 2524 705 2548 vn.
731 2524 763 2562 3.
782 2512 816 2549 6.
845 2513 883 2550 8<
906 2512 951 2549 L.
972 2523 1040 2550 vn.
1060 2524 1095 2559 4.

96 2567 153 2603 ²2.
181 2564 322 2613 cauffltm
342 2566 476 2601 altioris
495 2565 682 2616 argumenti
700 2562 858 2612 pervidit.
1090 2593 1094 2597 .

171 2629 232 2662 73.
258 2619 296 2652 Si
317 2631 355 2652 ea
377 2628 507 2652 mortua
537 2617 712 2666 aliquanto
731 2619 800 2664 ejus
814 2615 944 2662 felicior
961 2613 1000 2650 a?
1018 2614 1095 2652 bea-

119 2668 185 2704 tior
195 2661 279 2714 finis
298 2667 492 2716 reperietur]
524 2671 571 2704 Ea
589 2677 718 2703 mortua
730 2694 740 2710 ‚
758 2666 932 2703 insertum
949 2665 1094 2703 videtur

124 2716 144 2755 ὲ
163 2715 379 2767 glossemate
400 2718 504 2767 alicuj
513 2731 550 2756 us
571 2729 702 2755 eorum
717 2744 725 2757 ,
754 2717 818 2766 qui
837 2716 882 2754 de
900 2716 976 2753 vita
997 2717 1096 2765 spiri-

123 2776 179 2806 tus
201 2781 243 2806 ac
263 2777 386 2806 morte
409 2771 522 2806 carnis
534 2768 648 2806 indies
661 2765 844 2805 differunt.
870 2769 918 2806 Et
936 2768 974 2804 in
985 2769 1097 2806 Win-

124 2819 294 2858 cheliano
316 2820 515 2869 exemplari
542 2821 634 2858 haec
655 2818 765 2856 verba
785 2820 1029 2857 omittuntur:
1058 2822 1095 2858 in

125 2883 204 2920 quo
226 2869 297 2915 fic,
325 2875 363 2908 Si
384 2877 453 2921 ejus
474 2873 651 2921 aliquanto
668 2871 797 2917 felicior
821 2885 859 2907 ac
879 2870 1003 2908 beatior
1012 2872 1097 2919 finis

125 2925 314 2971 reperietur.
368 2924 494 2971 Quam
518 2922 720 2960 leetionem
753 2922 908 2960 minime
927 2922 1097 2971 spernen-

130 2973 216 3011 dam
245 2972 410 3011 arbitror.
444 2974 584 3012 PIGH.
637 2972 750 3011 Liber
774 2973 871 3011 Dan.
892 2973 991 3012 addit
1007 2975 1041 3022 fi
1060 2990 1098 3010 ea

131 3035 262 3063 mortua
279 3030 361 3074 ejus.
412 3025 526 3066 Haud
553 3036 615 3064 me
635 3023 814 3064 Hercules
844 3024 980 3075 inepte.
1007 3025 1100 3064 CO-

1935 709 1976 740 74
2050 721 2109 753 uo

1142 834 1259 871 LER.
1311 836 1350 870 Si
1370 835 1406 869 ea
1425 843 1554 869 mortua
1575 837 1646 882 ejas
1667 833 1841 884 aliquanto
1865 833 2006 879 felicior.
2037 834 2112 872 Ex-

1146 893 1324 931 punxerat
1336 884 1483 931 Pighius
1494 899 1531 920 ea
1553 895 1684 920 mortua
1697 912 1707 927 ,
1722 895 1806 921 cum
1819 883 1863 920 ab
1881 884 2005 934 aliquo
2029 886 2113 924 cod..

1141 934 1180 970 id
1201 931 1317 971 abeffe
1337 931 1490 971 vidisset.
1541 934 1590 971 Et
1613 934 1724 971 secuti
1744 946 1830 971 eum
1859 934 1938 972 sunt
1959 936 2112 974 Colerus

1144 986 1183 1021 δε
1204 983 1274 1021 alii.
1328 984 1399 1022 Sed
1414 984 1561 1022 testatur
1592 992 1718 1022 tamen
1740 984 1893 1023 Colerus
1907 1013 1917 1029 ‚
1947 986 2117 1025 codicem

1140 1034 1178 1072 P.
1200 1035 1297 1073 Dan.
1318 1047 1432 1074 voces
1451 1048 1508 1073 eas
1539 1034 1683 1073 habere.
1736 1036 1785 1074 Et
1810 1036 1945 1073 habent
1966 1050 2117 1088 quoque

1143 1087 1366 1137 antiquiores
1382 1087 1477 1136 typis
1498 1087 1648 1136 expreffi
1663 1086 1857 1137 :itemque
1880 1088 1985 1125 MSS.
2006 1089 2120 1126 Bran-

1143 1137 1222 1174 deb.
1244 1140 1282 1174 ὃς
1301 1136 1401 1175 Bafil.
1427 1139 1507 1175 Nec
1524 1136 1672 1186 possunt
1692 1137 1773 1175 illae
1791 1139 1877 1175 hine
1897 1137 2022 1176 abesse.
2051 1141 2117 1177 Di-

1144 1188 1196 1225 xit
1225 1188 1370 1225 Aufftor
1397 1188 1441 1226 de
1468 1188 1661 1226 dulcedine
1689 1189 1808 1233 vitae3
1846 1190 2117 1229 removendam

1143 1239 1279 1276 scilicet
1300 1250 1383 1276 eam
1404 1237 1484 1276 effe.
1513 1240 1635 1288 Hujus
1658 1240 1766 1288 igitur
1788 1241 1972 1278 rationein
1992 1241 2091 1279 addit
2103 1257 2117 1286 ;

1144 1290 1248 1339 quod
1281 1297 1454 1333 mortua,
1480 1289 1516 1327 id
1541 1290 1613 1334 est,
1641 1298 1787 1328 remota
1817 1299 1927 1341 atque
1948 1292 2119 1330 exstincta

1146 1339 1340 1378 dulcedine
1370 1341 1468 1378 vitae
1482 1370 1493 1386 ,
1522 1340 1710 1390 aliquanto
1733 1341 1877 1378 felicior
1895 1341 2000 1390 ipsius
2022 1355 2119 1392 quo-

1145 1404 1219 1442 que
1238 1392 1336 1431 vitae
1355 1390 1442 1430 finis
1455 1393 1668 1441 reperiatur.
1719 1395 1757 1428 Si
1781 1392 1828 1429 est
1847 1392 1907 1428 hic
1925 1405 1993 1441 pro
2014 1396 2093 1443 qaia
2106 1408 2119 1430 ε

1145 1444 1250 1492 quod
1277 1444 1314 1481 in
1345 1454 1423 1480 uno
1453 1443 1536 1481 cod.
1557 1442 1736 1481 Brandeb.
1765 1444 1802 1481 &
1820 1443 2037 1492 adscriptum
2065 1446 2121 1482 vi—

1146 1495 1231 1533 deo.
1260 1495 1313 1532 Ita
1336 1495 1537 1533 Terentius
1557 1494 1656 1533 And.
1682 1508 1716 1538 1,
1739 1507 1774 1542 5,
1798 1494 1856 1543 58.
1882 1498 1921 1530 Si
1940 1506 1971 1530 te
1992 1498 2027 1531 ia
2043 1509 2120 1544 ger-

1146 1549 1235 1582 mani
1249 1548 1373 1592 fratris
1403 1544 1509 1582 dilexi
1536 1548 1613 1583 loco.
1665 1546 1765 1582 Vide
1784 1547 1823 1583 &
1846 1545 1924 1582 Ind.
1945 1546 2123 1584 Kockerti

1145 1597 1184 1634 in
1215 1598 1306 1636 Ter.
1334 1597 1529 1635 VORST.
1581 1596 1737 1635 Addunt
1770 1596 1892 1634 Codd.
1915 1598 1967 1633 Ea
1994 1609 2123 1634 mortua

1146 1648 1226 1697 post
1242 1649 1287 1697 fi.
1313 1647 1414 1685 Vide
1433 1648 1559 1686 Coler.
1579 1650 1617 1686 ὃς
1640 1647 1843 1686 Vorstiuin.
1881 1649 1991 1686 Meus
2010 1650 2122 1686 etiam

1145 1700 1256 1748 legit,
1273 1700 1322 1747 fic
1341 1714 1380 1735 ea
1398 1711 1538 1737 mortua.
1591 1699 1702 1748 Ejicit
1720 1710 1762 1735 ea
1779 1698 1927 1747 Pighius
1941 1728 1951 1744 ‚
1978 1702 2125 1748 reponit

1146 1750 1335 1794 Vorstius‚
1361 1750 1423 1786 sed
1451 1751 1575 1800 inepte
1606 1750 1770 1798 exponit.
1831 1751 1943 1788 Latet
1967 1763 2060 1789 vero
2086 1752 2125 1791 in

1144 1802 1184 1839 iis
1203 1812 1382 1851 magnum
1405 1800 1507 1839 ulcus
1522 1830 1532 1847 ‚
1546 1801 1649 1850 cujus
1668 1800 1817 1838 sanandi
1838 1801 2022 1839 rationem
2044 1814 2127 1852 per-

1145 1851 1272 1890 vidi-ffe
1294 1864 1355 1890 me
1375 1860 1481 1901 puto.
1534 1853 1639 1901 Lege
1661 1851 1777 1890 recifis
1796 1852 1980 1901 superfluis
2002 1853 2125 1892 literis.

1148 1907 1187 1941 Si
1209 1916 1284 1941 ortu
1303 1909 1372 1953 ejas
1391 1906 1476 1954 aliq.
1493 1906 1554 1951 fel.
1572 1918 1609 1940 ac
1626 1903 1711 1940 beat.
1724 1904 1808 1950 finis
1829 1906 2022 1952 reperietur.
2057 1906 2129 1942 Di-

1150 1964 1252 1994 xerat
1271 1956 1371 1993 enim
1393 1955 1503 2004 paulo
1530 1963 1615 1993 ante
1635 1955 1783 1991 Thracas
1807 1957 1938 1991 natales
1962 1955 2127 1993 hominum

1140 2007 1304 2055 flebiliter
1316 2035 1326 2051 ‚
1351 2020 1389 2042 ac
1409 2008 1580 2056 exsequias
1596 2020 1665 2042 cam
1682 2006 1859 2043 hilaritate
1873 2005 2029 2043 celebrare
2042 2035 2052 2050 ‚
2075 2023 2128 2044 eo-

1147 2071 1210 2108 que
1239 2073 1348 2095 rerum
1377 2056 1571 2094 sonditionis
1597 2069 1743 2094 naturae
1771 2057 1919 2093 habitam
1943 2057 2128 2107 per-videre.

1149 2110 1249 2158 Ergo
1266 2110 1347 2159 jam
1368 2110 1557 2147 removeri
1580 2108 1657 2146 vult
1687 2107 1921 2146 dulcedinem
1951 2110 2071 2154 vitae,
2095 2111 2124 2156 [ἱ

1146 2161 1221 2198 o'rta
1239 2166 1308 2209 ejas
1330 2161 1505 2209 aliquanto
1517 2163 1648 2208 felicior
1667 2159 1753 2207 finis
1782 2160 1992 2208 reperietur.
2018 2161 2126 2209 posfis

1148 2213 1272 2249 etiam.
1309 2213 1348 2247 Si
1362 2216 1436 2258 jam
1458 2221 1532 2246 orta
1554 2216 1622 2259 ejas
1643 2211 1728 2260 aliq.
1742 2215 1773 2257 f.
1791 2225 1825 2247 a.
1843 2210 1970 2257 b.finis
1989 2215 2125 2261 reperie-

1146 2272 1212 2297 tar.
1252 2262 1309 2298 Sis:
1328 2272 1373 2296 11.
1395 2260 1428 2296 8.
1450 2261 1484 2296 6.
1511 2263 1553 2296 In
1573 2263 1856 2309 ortamfitlataris
1868 2264 2029 2311 principis
2052 2265 2123 2301 &C.

1147 2323 1236 2346 VHI.
1257 2324 1292 2359 9.
1317 2323 1347 2347 Ι.
1374 2315 1454 2359 Spes
1475 2313 1564 2347 tanti
1584 2313 1713 2359 imperii
1731 2314 1767 2348 in
1786 2314 1851 2361 ipſs>
1868 2315 1939 2358 fere
1959 2326 2034 2350 orm
2054 2329 2121 2350 cor-

1146 2361 1270 2408 raiffet.
1308 2362 1346 2398 ἓξ
1369 2373 1455 2398 VIII.
1477 2372 1510 2410 3.
1542 2374 1576 2398 2.
1614 2364 1696 2398 Tale
1719 2366 1894 2410 monstrum
1922 2367 2031 2415 magis
2056 2380 2119 2414 quo

1146 2423 1286 2460 tempore
1298 2412 1348 2459 fit
1367 2413 1558 2460 exstimsssam
1573 2440 1582 2456 ,
1608 2426 1709 2462 quam
1728 2428 1792 2463 quo
1804 2415 1854 2461 fit
1881 2427 1986 2458 ortam
2000 2444 2009 2458 ‚
2035 2419 2117 2461 refe—

1146 2462 1280 2499 rendam
1308 2466 1361 2510 est.
1414 2463 1513 2500 Vide
1541 2465 1580 2501 &
1608 2465 1754 2502 hlanut.
1778 2463 1823 2501 ad
1845 2464 1925 2503 Sall.
1953 2466 2033 2502 Cat.
2056 2477 2111 2514 57.

1145 2513 1389 2555 PERIZON.
1446 2516 1490 2551 Si
1520 2529 1559 2551 ea
1590 2527 1720 2552 mortua
1751 2521 1820 2565 ejas
1855 2516 1902 2552 est
1932 2517 2039 2553 etiam
2074 2517 2111 2552 in

1149 2566 1319 2604 omnibus
1339 2565 1562 2615 MSSsquos
1594 2578 1665 2615 ego
1687 2567 1851 2617 inspexi,
1875 2568 1966 2603 &in
1990 2577 2111 2602 excer-

1146 2618 1214 2664 ptis
1252 2617 1519 2666 plerorumque
1547 2618 1717 2656 aliorum.
1793 2617 1994 2665 Explicatio
2022 2628 2112 2653 vero

1146 2669 1304 2713 Vorstii,
1323 2680 1435 2717 quam
1458 2668 1738 2707 CLPerizonius
1760 2668 1926 2711 damnat,
1948 2668 2025 2714 ‚iam
2047 2666 2113 2704 tlu-

1145 2721 1198 2757 xit
1226 2720 1270 2757 ab
1300 2717 1485 2757 Ascenfio.
1562 2720 1711 2758 Arridet
1739 2719 1978 2755 vehementer
1989 2718 2023 2764 fi
2038 2724 2110 2765 jam

1147 2782 1221 2807 orta
1243 2777 1334 2822 ejas,
1362 2782 1440 2808 non
1462 2770 1564 2809 ausus
1595 2779 1721 2809 tamen
1750 2770 1800 2806 fui
1822 2768 1842 2805 a
1870 2768 1973 2806 MSS.
2001 2768 2112 2806 disce-

1149 2822 1246 2859 dere.

1199 2885 1255 2919 74.
1285 2874 1443 2921 Quocirca
1463 2874 1545 2911 relle
1565 2871 1675 2922 Lycii]
1705 2870 1786 2910 MS.
1808 2872 1903 2920 Cop.
1921 2873 1986 2908 rite
1999 2899 2009 2915 ‚
2032 2870 2116 2908 dein

1150 2923 1257 2961 multi
1279 2925 1360 2968 alii,
1387 2940 1458 2961 cum
1477 2925 1540 2962 his.

1202 2986 1259 3022 75.
1289 2978 1522 3026 Respiciantar
1540 2973 1693 3012 Indorum
1712 2971 1872 3021 feminae]
1902 2972 2007 3010 Talia
2038 2971 2117 3007 He-

1152 3025 1306 3065 rodotus
1326 3026 1348 3066 l.
1368 3040 1403 3066 v.
1430 3027 1590 3076 prodidit
1617 3024 1896 3114 degni-acibus.
1922 3022 2115 3111 VORXSE.

1541 3103 1543 3106 Α
1732 3088 1750 3112 z
2060 3085 2070 3109 1
2100 3084 2118 3109 e
