2516 3509
197 83 300 140 DE
341 76 855 138 MUTATIONE
893 74 1217 136 MORUM
1258 73 1429 132 AUT
1470 66 1944 129 FORTUNAE.
1986 68 2096 143 609

156 178 368 227 ‘Crassum
417 176 537 224 casus
584 177 827 224 acerbitate
878 185 916 215 55
956 176 1029 239 Q
1054 176 1230 240 Caepio
1264 172 1530 238 praecurrit.
1562 171 1597 216 is
1631 182 1826 231 namque
1861 178 2092 230 praeturae

2189 170 2246 211 13.

90 257 353 324 splendore,
386 256 611 320 triumphi
646 255 877 315 claritate,
912 256 1166 302 consulatus
1201 254 1366 301 decore
1391 285 1406 311 ‚
1458 249 1500 288 5⁶
1536 248 1724 295 maximi
1759 245 1995 310 pontificis
2027 243 2088 291 sa·

95 336 302 385 cerdotio
324 369 338 395 ‚
390 342 431 374 57
466 347 518 381 ut
541 334 716 397 finanus
743 345 944 394 patronus
978 333 1204 379 diceretur
1225 366 1241 391 ‚
1287 330 1504 377 affecutus
1528 361 1544 386 ‚
1589 328 1636 372 in
1670 324 1865 389 publicis
1898 323 2089 371 vinculis
2107 316 2188 343 Ann.
2211 309 2304 343 ΨΜ

2110 360 2177 393 648.
2196 354 2303 384 Livius

97 413 304 478 spiritum
349 411 591 477 deposuit:
650 411 904 476 corpusque
950 414 1043 476 ejus
1088 410 1251 458 funesti
1294 406 1520 456 carnificis
1567 403 1773 450 manibus
1817 402 2220 461 lace1⁴atum,ffl¹¹·

102 490 144 531 ⁵3
168 494 216 539 in
248 492 371 540 scalis
398 491 638 540 Gemoniis
666 493 846 557 jacens,
882 507 1050 555 magno
1084 507 1194 537 cum
1229 490 1418 536 horrore
1452 486 1593 557 totius
1629 481 1715 529 fori
1742 482 1946 529 Romani
1981 498 2093 528 con-

95 569 298 633 spefflmm
333 571 409 617 est.

156 650 260 710 Jam
295 649 352 694 C.
390 651 565 697 Marius
604 657 646 688 59
682 653 878 698 maxima
912 651 1119 698 fortunae
1152 650 1342 698 luctatio
1390 647 1468 694 est.
1521 661 1678 692 omnes
1722 643 1843 690 enim
1878 643 1971 705 ejus
2007 641 2090 686 im-

42 778 48 781 ·
99 739 258 792 petus,
282 724 332 753 '⁶0
371 744 458 790 qua
493 728 698 792 corporis
719 761 733 788 ‚
763 745 851 792 qua
885 730 1021 775 animi
1057 730 1222 776 robore
1256 726 1490 774 fortissime
1524 723 1743 770 sustinuit.
1779 719 1820 748 ⁶¹
1863 720 2095 783 Arpinati-

98 935 292 986 gillatione.
342 937 461 982 Itaque
496 933 711 972 Perizonius
742 935 983 983 praeferebat.

158 998 213 1035 54.
245 986 334 1034 Quia
355 999 424 1020 cum
456 998 552 1034 egens
573 985 779 1033 ambularet]
812 986 869 1022 Sic
906 985 1082 1023 emenda·

108 1037 161 1073 vit
180 1037 327 1084 Pighius
342 1034 470 1083 ‚quafi
488 1036 524 1072 in
546 1035 700 1083 vulgatis
723 1035 945 1074 editionibus
970 1037 1077 1074 omit-

106 1087 266 1123 tentibus
295 1088 330 1121 τε
351 1089 455 1134 quia,
495 1097 574 1122 non
601 1087 680 1123 satis
711 1087 927 1124 cohaereret
950 1088 1082 1125 oratio.

114 1136 186 1173 Sed
217 1136 315 1173 idem
348 1135 433 1172 illud
466 1136 645 1174 omittunt
674 1149 805 1174 omnes
828 1138 934 1174 MSS.
966 1146 1083 1175 amat-

105 1199 178 1236 que
198 1186 327 1224 au8t0r
346 1186 420 1223 hoc
442 1186 620 1224 concifius
641 1187 787 1224 dicendi
804 1199 930 1235 genus.
968 1201 1084 1238 quare

107 1237 306 1275 delendum
338 1235 486 1273 credidi.
515 1238 730 1276 Perizonius
761 1239 921 1276 malebat
942 1241 1084 1288 saluta-

101 1299 194 1325 retur
221 1288 366 1332 deleto,
404 1289 496 1337 quia.

158 1352 217 1387 55.
244 1343 293 1388 Q.
321 1337 460 1386 Caepio]
491 1339 551 1375 De
579 1338 654 1375 hoc
685 1337 780 1376 adeo
801 1339 993 1388 Caepione
1024 1340 1084 1377 hic

108 1390 231 1426 noster
253 1389 386 1426 author
407 1388 478 1425 Lib
517 1401 573 1426 rv.
597 1400 626 1425 e.
646 1401 678 1436 7.
708 1390 756 1426 ait
778 1401 864 1427 eum
888 1402 906 1428 a
927 1391 972 1427 L.
988 1392 1088 1428 sthe-

113 1440 203 1488 gino
234 1440 383 1477 tribuno
412 1439 526 1487 plebis
555 1451 575 1476 e
605 1451 751 1477 carcere
781 1440 972 1478 liberatum
992 1468 1003 1484 ,
1043 1453 1087 1479 ac

113 1491 229 1539 ipsum
263 1492 371 1538 fugae
405 1490 481 1538 ejus
514 1490 693 1527 comitem
729 1491 881 1529 fadum.
933 1492 1010 1529 Hic
1038 1493 1088 1530 ait

112 1553 200 1578 eum
229 1541 265 1577 in
296 1551 442 1577 carcere
475 1540 647 1578 coadum
673 1543 781 1579 mori.
836 1543 1085 1580 Commenta-

108 1600 169 1629 tor
189 1591 374 1629 Oliverius
397 1591 442 1627 de
467 1590 608 1628 duobus
626 1592 877 1640 Caepionibus
898 1594 1086 1632 historiam

109 1642 340 1680 commiscet.
370 1642 642 1679 GLAREAN.
672 1645 714 1690 ῼ.
742 1646 877 1693 Caepio.
911 1644 1088 1682 Temeri-

115 1701 192 1730 tate
223 1695 272 1739 Q.
302 1692 441 1729 Servilii
470 1692 670 1741 Caepionis
695 1693 812 1731 clades
836 1695 999 1731 maxima
1031 1707 1089 1732 ac-

111 1750 217 1791 cepta
239 1744 307 1780 fuit
330 1742 349 1780 a
365 1742 547 1786 Cimbris,·
579 1743 674 1780 adeo
696 1752 735 1781 ut
758 1744 949 1793 ocftoginta
974 1745 1087 1784 millia

112 1794 271 1832 militum
299 1822 309 1838 ,
354 1794 528 1831 calonum
571 1795 608 1830 &
639 1794 796 1832 lixarum
829 1796 1089 1845 quadraginta,

114 1844 232 1882 occisa
262 1843 350 1886 fint;
381 1853 419 1881 ut
450 1856 494 1881 ex
523 1844 620 1892 Epit.
650 1846 695 1882 L.
721 1858 839 1883 varr.
868 1847 954 1884 Liv.
982 1858 1091 1895 appa-

112 1904 179 1933 ret.
215 1895 410 1933 VORST.
453 1895 530 1931 Ubi
564 1895 696 1947 dicitur
735 1900 906 1945 imperium
937 1901 966 1933 ei
993 1898 1092 1934 abro-

106 1957 229 1995 gatum
262 1946 320 1993 effe
340 1973 350 1988 ‚
387 1954 432 1981 δ”
460 1945 545 1981 Inna
575 1951 645 1993 ejus
670 1947 853 1995 puhlicata.
911 1949 1010 1985 Vide
1040 1949 1086 1986 de

108 1997 185 2033 hoc
212 1996 404 2044 Caepione
441 1995 629 2042 Gellium,
666 1998 712 2034 L.
743 2011 803 2035 111.
842 2011 898 2036 10.
934 1999 971 2034 ἃ
997 1999 1084 2039 Just.

111 2047 158 2084 L.
195 2057 301 2082 xxxix
346 2058 378 2095 3.
421 2058 476 2082 12.
526 2048 605 2094 Qui
632 2046 789 2085 caussam
823 2047 957 2084 excidii
990 2048 1087 2085 Cae-

52 2138 53 2141 *
113 2098 218 2146 pioni
231 2097 457 2133 &exercitui
477 2096 553 2144 ejus
572 2097 695 2135 ferunt
718 2097 822 2134 fuisse
839 2097 1082 2145 sacrilegium,

109 2160 188 2198 quo
217 2159 346 2184 aurum
379 2158 397 2183 a
432 2145 646 2195 Tedosagis
683 2148 783 2186 bellis
819 2149 1081 2198 sacrilegiisque

109 2197 315 2248 quaesitum
346 2198 383 2235 ὅ(
404 2196 600 2235 Tolosenfi
628 2198 711 2235 lacu
741 2200 899 2236 mersum
931 2199 1083 2237 abstule-

110 2250 167 2287 rit.
220 2248 290 2286 Sed
317 2248 420 2296 supra
453 2246 597 2284 Austor
628 2245 759 2287 L.'1v.
786 2261 819 2295 7.
851 2261 883 2297 3.
918 2250 1079 2298 Caepio-

111 2311 202 2338 nem
246 2311 266 2336 a
310 2299 354 2335 L.
394 2298 565 2346 Rhegino
603 2298 750 2336 tribuno
790 2300 900 2347 plebis
937 2300 1079 2348 publica

112 2348 276 2388 custodia
294 2349 487 2390 liberatum
510 2346 638 2392 fuiffe‚
668 2350 706 2386 &
726 2349 937 2397 Rheginum
961 2351 1078 2399 ipsum

114 2402 224 2450 fugae
243 2401 318 2448 ejus
339 2400 519 2437 comitem
538 2397 703 2436 exstitisse
717 2425 727 2442 ,
756 2400 914 2438 tradidit.
940 2401 995 2439 Ut
1017 2414 1079 2440 ve-

114 2463 217 2494 rear,
252 2451 388 2500 ne'hic
418 2449 546 2488 audior
572 2451 699 2488 omnia
721 2451 830 2488 nimis
861 2461 1077 2500 exaggeret,

116 2503 154 2540 ὃς
178 2512 300 2538 mores
319 2501 386 2538 ·sui
414 2501 592 2549 temporis
629 2501 676 2538 ad
704 2502 911 2550 antiquiora
937 2503 995 2540 ilia
1022 2515 1074 2542 re-

114 2553 218 2589 ferat.
270 2552 452 2599 Rupertus
493 2552 605 2588 refert
639 2551 852 2590 Reinefium
889 2553 927 2589 in
965 2565 1077 2602 pecu-

113 2602 257 2640 liaribus
286 2601 333 2638 ad
357 2604 391 2639 1e
418 2601 530 2640 literis
558 2600 678 2651 legiffe
704 2603 831 2640 inserta
869 2615 941 2641 una
968 2616 1076 2643 voce.

114 2654 161 2691 L.
193 2666 248 2690 1v.
272 2664 306 2697 7.
336 2663 368 2700 3.
403 2652 505 2703 ¹Quod
535 2654 631 2689 illius
656 2655 767 2702 patris
796 2655 890 2704 culpa
918 2657 1078 2693 exercitus

113 2707 218 2752 noster
244 2702 380 2739 deletus.
406 2712 447 2739 ut
472 2703 603 2741 audor
629 2715 707 2741 uno
725 2704 813 2741 loco
837 2706 952 2753 egerit
972 2706 1018 2744 de
1037 2706 1079 2745 fi-

113 2754 191 2799 lio,
218 2754 333 2791 altero
360 2751 406 2789 de
432 2761 544 2800 patre.
592 2755 748 2792 Utinam
778 2754 967 2793 addidisset
984 2759 1080 2805 pari-

115 2813 173 2843 ter
197 2803 339 2853 liquido
365 2802 530 2850 probasse
551 2804 762 2842 Rcinefium
778 2833 787 2848 ‚
809 2805 924 2844 filiurn
947 2807 995 2846 ob
1017 2820 1079 2856 pa-

114 2857 178 2893 tris
200 2855 345 2903 culpam
364 2854 400 2890 in
419 2865 603 2891 carcerem
634 2856 682 2893 ita
705 2853 808 2893 fuiffe
840 2857 1051 2907 conjeetum
1067 2888 1077 2904 ,

117 2906 157 2944 ὃς
182 2917 255 2953 ope
291 2904 425 2942 tribuni
460 2903 667 2943 liberatum.
727 2907 904 2946 Ceterum
932 2908 1079 2957 Pighius

116 2956 297 2996 existimat
323 2955 604 2994 damnationem
642 2957 718 3006 ejus
746 2957 895 2998 decimo
924 2958 1079 3000 demum

2015 798 2097 844 bus

1133 947 1233 973 anno
1261 932 1340 981 post
1369 939 1559 981 acceptam
1593 929 1735 968 cladem
1769 925 1958 972 accidisse,
1985 926 2030 964 ad
2049 926 2083 964 A
2126 934 2133 941 ·

1185 997 1413 1084 565M2ximi
1436 1032 1654 1078 Pontificatus
1669 1027 1870 1078 sacerdotio]
1885 1027 1990 1065 MSS.
2012 1027 2105 1065 duo-

1135 1086 1254 1123 decim
1280 1087 1317 1123 &
1338 1095 1469 1122 omnes
1488 1092 1572 1120 ante
1590 1082 1693 1130 Pigh.
1719 1080 1816 1131 Edd.
1840 1081 1993 1115 Maximi
2015 1081 2102 1114 Pon-

1135 1139 1235 1178 tificis
1255 1136 1451 1183 sacerdotio.
1489 1133 1607 1182 Quod
1638 1143 1701 1169 cur
1728 1129 1924 1185 mutavit?
1963 1129 2100 1185 credo,

1135 1188 1222 1236 quia
1249 1195 1289 1224 ut
1310 1197 1533 1235 praeturam,
1572 1185 1608 1222 8(
1628 1184 1830 1230 consulatum
1859 1180 2020 1224 dixerat,
2051 1188 2101 1218 lta

1138 1240 1249 1276 etiam
1279 1238 1510 1286 pontifimtum
1539 1234 1690 1283 putabat
1722 1229 1919 1269 necessario
1956 1231 2104 1279 requiri.

1136 1288 1324 1339 Equidem
1356 1287 1462 1324 MSS.
1488 1286 1588 1334 sequi
1611 1282 1743 1322 malui:
1763 1293 1922 1330 quorum
1941 1282 2103 1319 nonnul-

1135 1340 1159 1377 li
1193 1351 1278 1377 cum
1300 1337 1369 1376 Ed.
1398 1339 1504 1384 Mog.
1530 1336 1668 1373 habent
1689 1342 1733 1370 (θ’
1753 1332 2102 1387 triumplnflaritate.

1139 1403 1185 1428 an
1207 1390 1244 1427 id
1266 1389 1408 1432 voluit,
1426 1388 1541 1436 ipsum
1562 1386 1640 1435 post
1662 1393 1869 1434 praeturam
1888 1383 2103 1431 triumphasae

1138 1442 1172 1478 se
1186 1470 1195 1486 ,
1223 1448 1263 1478 ut
1284 1440 1371 1477 ideo
1391 1439 1449 1476 illa
1469 1438 1545 1475 duo
1568 1433 1799 1485 conjungat?
1821 1434 2102 1481 propraetorem

1141 1490 1333 1529 obtinuisse
1360 1502 1446 1527 eum
1477 1487 1704 1526 Lusitaniam
1721 1515 1730 1531 ,
1765 1487 1802 1523 &
1835 1496 1880 1521 ex
1908 1495 1948 1520 ea
1976 1485 2107 1523 trium-

1140 1541 1281 1591 phasse,
1299 1543 1446 1591 ejusque
1467 1540 1518 1577 rei
1531 1539 1753 1576 memoriam
1769 1536 1920 1572 denario
1935 1545 2110 1583 argenteo

1140 1593 1320 1630 servatam
1343 1591 1412 1629 effe
1433 1590 1553 1628 statuit
1575 1590 1723 1638 Pighius
1741 1589 1841 1625 Ann.
1861 1587 1908 1624 T.
1927 1600 1957 1637 3,
1982 1599 2016 1634 p.
2030 1599 2110 1638 133.

1191 1656 1247 1692 57.
1286 1650 1329 1679 Ut
1356 1646 1496 1691 senatus
1529 1652 1689 1690 patronus
1720 1636 1897 1691 diceretur]
1946 1638 2115 1677 Schottus

1142 1694 1230 1732 Obs.
1256 1694 1362 1731 hum.
1394 1706 1474 1731 111.
1507 1704 1563 1741 32.
1611 1690 1811 1740 legendum
1842 1689 1992 1737 conjicit
2012 1691 2115 1736 sena-

1142 1756 1195 1781 tus
1219 1747 1379 1794 princeps.
1408 1743 1605 1781 VORST.
1653 1745 1824 1778 Patronus>
1847 1740 2005 1776 retinent
2034 1748 2110 1778 tam

1141 1796 1290 1844 scripti,
1335 1806 1447 1845 quarn
1485 1794 1581 1843 typis
1611 1792 1761 1841 expreffi
1788 1802 1931 1828 omnes.
1981 1789 2110 1829 Olive-

1142 1847 1213 1884 rius
1242 1855 1346 1895 putat
1368 1858 1454 1883 eum
1472 1857 1650 1891 patronum
1668 1848 1806 1891 senatus
1834 1841 1995 1884 diffirm,
2024 1845 2109 1890 quia

1141 1906 1263 1945 partes
1290 1898 1430 1934 senatus
1452 1895 1605 1933 tuendas
1625 1895 1834 1943 susceperat.
1886 1893 2000 1939 Quod
2024 1905 2108 1940 pro.

1141 1948 1217 1985 bari
1238 1956 1331 1996 puto
1359 1948 1413 1984 his
1440 1947 1557 1984 verbis
1578 1946 1768 1982 Ciceronis
1791 1944 1835 1981 L.
1864 1957 1906 1981 11.
1935 1943 1979 1979 de
2001 1945 2105 1983 Orat.

1135 1998 1196 2044 48.
1224 1999 1285 2035 ubi
1306 1998 1350 2035 de
1368 1999 1443 2035 hoc
1465 1998 1541 2046 ipso
1564 1997 1758 2045 Caepione
1780 1997 1863 2043 agit.
1916 1998 1958 2030 Et
1978 1996 2107 2030 animos

1135 2050 1282 2098 equitum
1299 2054 1542 2098 Romanorum,
1570 2048 1658 2098 apud
1678 2056 1759 2098 quos
1783 2059 1851 2082 tum
1873 2044 1992 2091 judices
2011 2048 2105 2095 caas-

1126 2102 1170 2146 sa
1190 2099 1374 2149 agebatur,
1396 2100 1443 2136 ad
1461 2101 1505 2148 „Q
1529 2101 1704 2147 Caepionis
1730 2097 1860 2140 odium,
1886 2111 1907 2132 a
1928 2111 1990 2145 quo
2009 2107 2105 2132 erant

1135 2150 1197 2198 ipfi
1223 2162 1356 2200 propter
1376 2150 1505 2200 judicia
1540 2149 1752 2193 abalienati;
1796 2147 2018 2188 renovabam,
2057 2155 2102 2182 &⁹

1133 2201 1354 2245 revocabam„
1397 2201 1541 2238 Scilicet
1569 2199 1756 2236 Gracchus
1782 2198 1922 2247 judicia
1948 2198 2101 2247 equestri

1134 2251 1254 2288 ordini
1284 2251 1482 2288 tradiderat
1503 2279 1513 2296 ,
1551 2262 1646 2301 quae
1674 2250 1818 2298 Caepio
1849 2249 1981 2286 deinde
2007 2250 2100 2286 inter

1132 2308 1332 2351 utrumque
1366 2302 1536 2339 ordinem
1570 2301 1878 2339 communicavit.
1922 2308 1962 2338 ut
1989 2300 2098 2336 docet

1132 2351 1256 2399 Sigon.
1294 2352 1341 2389 de
1372 2353 1462 2398 Ant.
1498 2352 1576 2399 Jur.
1612 2352 1695 2389 Civ.
1725 2353 1840 2389 Rom.
1879 2352 1923 2388 L.
1957 2364 2009 2388 11.
2040 2350 2095 2386 18.

1131 2402 1231 2439 Vide
1261 2404 1373 2440 etiam
1393 2403 1630 2441 Zamoscium
1655 2403 1700 2441 de
1731 2403 1814 2440 Sen.
1843 2404 1957 2439 Rom.
1986 2401 2030 2436 L.
2062 2412 2092 2436 1.

1132 2464 1163 2491 e.
1197 2466 1211 2491 1
1244 2483 1251 2490 .

1184 2466 1243 2552 585,
1267 2507 1307 2540 In
1318 2505 1420 2552 scalis
1434 2505 1605 2541 Gemoniis
1620 2503 1752 2553 jacens]
1782 2502 1884 2540 Leid.
1899 2508 2010 2550 quart.
2026 2499 2092 2543 ἕω

1129 2567 1207 2593 cere.
1234 2554 1369 2592 deinde
1399 2554 1504 2593 Barb.
1536 2557 1643 2604 prim.
1672 2558 1788 2591 Totius
1813 2554 1923 2601 popul!
1944 2552 2094 2599 Romani.

1130 2604 1198 2643 Bit.
1233 2606 1342 2654 prim·
1371 2620 1490 2658 magno
1518 2622 1588 2643 cum
1615 2607 1744 2643 horrore
1770 2606 1838 2650 sori
1861 2603 1962 2637 totius
1987 2603 2092 2650 isa-sum

1127 2658 1326 2705 conspeHum
1353 2659 1410 2704 est.

1179 2721 1236 2755 59.
1261 2710 1430 2744 Maxima
1452 2711 1611 2753 fortunae
1631 2706 1767 2742 Itu-'latio
1794 2700 1854 2749 est]
1885 2699 1999 2756 Redie
2018 2700 2093 2738 hoc

1129 2758 1279 2796 restituit
1296 2759 1444 2806 Pighius
1459 2787 1469 2803 ,
1496 2770 1578 2794 cum
1604 2757 1676 2804 ipse
1697 2753 1876 2791 inveniret
1904 2763 1940 2787 in
1961 2750 2089 2799 vulga-

1129 2810 1173 2846 tis
1193 2809 1366 2847 omnibus
1386 2817 1529 2857 praeter
1541 2809 1644 2854 Mog.
1659 2808 1825 2842 maximae
1838 2805 2007 2849 fortunae.
2021 2801 2093 2838 Sed

1130 2862 1279 2897 maxima
1298 2860 1405 2898 MSS.
1425 2867 1567 2908 praeter
1584 2866 1674 2899 t1·cs‚·
1701 2856 1738 2892 &
1753 2855 1827 2892 hoc
1846 2852 1998 2902 postulat
2015 2853 2093 2889 sen-

1170 2923 1194 2948 s.

1128 2912 1167 2949 su
1183 2961 1244 3000 60.
1270 2963 1356 2999 Tam
1382 2944 1544 3012 corporis]
1577 2958 1706 3006 Apage
1734 2953 1959 3044 {ngeiliussam
1986 2952 2098 2988 inter-

1682 3007 1721 3045 H
1743 3019 1759 3044 a
1840 3018 1853 3042 1
2029 3013 2097 3050 po-

2193 694 2248 728 14.
