2516 3509
356 136 461 205 760
588 123 982 183 VALERII
1045 117 1429 176 MAXIMI
1483 117 1606 174 L1n.
1641 114 1805 174 VIII.
1841 116 1985 173 CAP.
2019 115 2182 172 XIII.

354 245 374 274 ἢ
398 234 442 278 δε
466 229 596 276 simul
629 228 704 293 spe
739 225 1036 274 diuturnioris
1071 225 1217 281 vitae,
1251 218 1374 284 quasi
1409 216 1685 264 adminicula
1718 216 1935 280 quaedam
1970 216 2165 277 dentur,
2204 225 2218 256 5
2257 219 2358 282 qui-

348 309 430 354 bus
465 306 664 353 insistens
700 307 964 353 alacriorem
1012 305 1053 352 se
1087 303 1289 368 1·espe5tu
1324 300 1525 349 vetustae
1570 299 1798 346 felicitatis
1833 299 1979 346 facere
2015 300 2185 364 poffit:
2233 313 2355 347 trari-

351 388 714 453 quillitatemque
750 387 911 434 saeculi
947 385 1116 444 nostri,
1151 400 1239 447 qua
1274 382 1396 428 nulla
1428 395 1628 443 unquam
1661 379 1837 425 beatior
1871 378 1990 436 fuit,
2013 378 2200 425 subinde
2234 379 2354 424 fidu-

351 470 420 514 cia
456 469 700 517 confirniet
724 504 740 529 ‚
786 469 982 517 salutaris
1018 468 1237 533 principis
1272 464 1639 512 incolumitatem
1676 460 1698 489 ⁶
1731 462 1786 508 ad
1818 461 2097 523 longissimos
2132 464 2355 510 humanae

353 550 630 597 conditionis
667 551 885 597 terminos
917 547 1226 613 prorogando.
1905 592 1908 596 .

219 666 232 692 1
418 635 436 662 ⁷
473 631 546 676 M.
584 627 791 675 Valerius
827 628 1009 674 Corvus
1045 625 1343 673 centesimum
1380 638 1547 669 annum
1581 620 1848 684 complevit.
1896 614 1915 644 8
1950 619 2078 681 cujus
2109 620 2228 667 inter
2262 622 2353 684 pri-

137 705 335 777 §2⁰⁴Pffi²⁰‘
351 725 478 755 mum
517 708 566 753 ἃ
599 707 776 753 sextum
813 705 1097 752 consulatum
1134 702 1432 768 quadraginta
1465 701 1634 764 septem
1671 699 1772 745 anni
1810 697 2183 746 intercesserunt:
2227 699 2358 746 suffe-

138 798 207 861 {1¹³3
233 795 303 861 Ἑλ
357 790 511 850 citque
547 788 735 850 integris
769 786 941 832 viribus
975 784 1181 847 corporis
1224 792 1246 821 9
1296 798 1388 829 non
1423 781 1565 828 solum
1602 777 1926 844 speciosissimis
1960 779 2236 842 reipublicae
2270 782 2355 827 mi-

134 873 194 903 110·
357 866 572 925 nisteriis,
609 866 681 913 sed
714 869 849 914 etiam
883 866 1181 914 exaffiffimae
1215 882 1431 931 agrorum
1466 864 1649 910 suorum
1686 861 1917 918 culturae,
1953 860 2001 907 ἃ*
2034 862 2171 922 civis,
2207 862 2255 909 ὃς
2281 879 2358 927 pa-

359 946 629 993 trisfamilias
664 946 867 1010 optabile
902 945 1183 1008 exemplum.

2263 1004 2360 1052 Cu-

359 1141 427 1167 co:
457 1129 542 1178 quia
570 1128 719 1177 superbe
748 1128 835 1167 illud
868 1128 914 1166 de
944 1129 978 1166 se
1008 1129 1206 1178 scriptum,
1234 1141 1331 1165 orna-
1381 1109 1467 1170 sae;
1497 1125 1651 1175 vultque
1672 1121 1927 1165 adminiculis,
1959 1121 2005 1159 de
2024 1122 2154 1172 quibus
2180 1123 2358 1171 praedixit

356 1195 393 1216 ta
423 1184 531 1228 nostra
555 1183 688 1216 mentio.
722 1180 893 1218 Sambuci
922 1181 1041 1217 codex
1065 1180 1231 1217 subvenit
1255 1179 1329 1228 pul-

355 1232 471 1268 chre:
509 1246 537 1266 e}
563 1233 712 1268 oratione
738 1235 847 1275 nostra
875 1235 994 1266 mentia
1022 1231 1168 1278 defusffe.
1209 1231 1332 1268 LlPS.

353 1284 395 1318 Ei
419 1285 529 1328 nostra
560 1293 680 1317 ornata
709 1284 832 1318 mentio
862 1281 997 1329 defutffe
1028 1281 1194 1317 videatur.
1225 1286 1332 1317 Orna-

356 1344 393 1369 ta
419 1334 540 1370 minus
563 1333 813 1370 commodum
837 1334 955 1369 visum
980 1332 1028 1369 est
1054 1332 1205 1381 Lipfio:
1231 1332 1333 1381 quod

354 1385 467 1421 nimis
495 1384 646 1431 superbe
677 1383 722 1420 de
746 1384 780 1420 se
801 1381 984 1431 scripsisset
1007 1383 1190 1420 Valerius.
1213 1383 1335 1420 Com-

353 1435 511 1471 modum
543 1435 651 1482 igitur
680 1434 712 1470 ei
744 1434 911 1471 subvenit
933 1433 1052 1471 codex
1078 1435 1269 1476 sambuci,
1297 1435 1334 1471 in

350 1497 429 1535 quo
458 1485 632 1533 scriptum
663 1486 819 1533 reperit,
856 1489 895 1521 Es·
926 1488 1034 1532 nostra
1065 1489 1215 1521 oratione
1245 1499 1334 1520 men—

352 1539 400 1573 tio
430 1535 496 1582 def.
525 1535 598 1572 vid.
625 1535 672 1572 Et
699 1536 784 1574 sane
817 1548 884 1585 pro
914 1547 1032 1572 ornata
1062 1537 1332 1573 rescribendum

353 1586 425 1625 effe
451 1589 599 1624 oratione
627 1587 665 1623 ἃ
684 1587 789 1624 nobis
811 1587 967 1624 videtur.
1007 1588 1201 1625 VORST.
1230 1593 1334 1624 Orna-

355 1650 393 1675 ta
415 1640 550 1674 mentio.
603 1640 689 1685 Qua
708 1650 772 1676 eos
794 1650 925 1675 ornare
949 1649 1130 1676 conamur
1153 1651 1238 1676 cum
1260 1639 1336 1676 lau-

359 1689 405 1726 de
428 1690 464 1725 &
483 1688 731 1725 admiratione
759 1689 976 1739 conjuncta.
1014 1690 1072 1726 Sic
1093 1691 1274 1725 honoratus
1295 1705 1330 1725 a-

357 1742 467 1775 nimus
506 1740 551 1775 L.
580 1751 666 1776 vm.
699 1752 753 1785 14.
774 1752 810 1776 2.
857 1741 901 1776 L.
929 1751 1017 1776 vm.
1050 1753 1104 1788 15.
1126 1753 1161 1788 9.
1196 1740 1325 1776 PER}

357 1789 482 1828 ZON.
520 1794 651 1825 Ornata
671 1798 820 1827 tuentur
838 1790 943 1827 MSS.
972 1802 1127 1833 omnes,
1151 1802 1220 1827 nec
1239 1789 1336 1826 aliud

366 1840 556 1888 intelligit,
584 1852 697 1889 quarn
720 1842 954 1877 mentionem
977 1852 1072 1888 quae
1097 1849 1226 1884 ornet,
1258 1840 1335 1877 lau-

370 1891 432 1928 det
462 1889 713 1934 seneQurem,
751 1901 791 1928 ut
821 1892 918 1928 rec‘te
941 1892 1156 1929 Perizonius
1178 1893 1337 1931 monuit.

371 1942 444 1980 Sed
474 1954 607 1979 omnes
635 1943 747 1979 etiam
769 1944 949 1980 omittunt
968 1954 1181 1990 pronomen
1203 1945 1232 1977 ei
1254 1953 1340 1979 cum

371 1995 481 2040 Mog.
508 1994 545 2030 ὃ(
568 1992 725 2029 Mediol.
755 1993 849 2030 Edd.
878 2005 946 2042 pro
972 2006 1050 2042 quo
1073 1995 1170 2030 Veri.
1198 1992 1284 2030 Ald.
1304 1995 1341 2030 &

371 2044 483 2081 ceteri
501 2045 703 2081 habentem
722 2044 1003 2082 Ascenstamen
1021 2047 1070 2087 ei,
1086 2044 1191 2093 quod
1211 2043 1342 2081 millies

374 2096 571 2132 omittitur.
590 2097 712 2143 itaque
731 2095 840 2132 MSS.
864 2095 1004 2132 secutus
1028 2096 1119 2132 sum.

426 2158 459 2190 4.
497 2148 537 2180 Et
573 2146 668 2183 simul
700 2148 759 2192 spe
793 2145 1013 2181 diuturnioris
1046 2144 1158 2194 vitae]
1207 2146 1310 2193 Lege
1336 2173 1345 2189 ‚

367 2197 443 2243 spei
488 2195 606 2232 LIPS.
638 2199 678 2231 Et
702 2197 806 2242 simul
823 2199 883 2244 spe
899 2197 1118 2232 diuturnioris
1136 2198 1229 2232 *vitae
1254 2196 1348 2246 quast

375 2245 579 2282 adminicula
617 2246 782 2295 quaedam
818 2247 950 2284 dentur.
996 2247 1051 2284 Ita
1088 2247 1172 2284 sane
1209 2259 1348 2295 magno

380 2297 554 2334 consensu
594 2297 749 2334 codices.
802 2300 891 2336 Non
933 2297 1062 2335 dubito
1099 2306 1227 2335 tamen
1258 2299 1347 2347 quin

383 2348 483 2385 1·e6³ce
509 2349 542 2384 se
572 2348 704 2385 habeat
735 2350 947 2398 conjedfflra
969 2348 1082 2397 Lipsii
1104 2350 1262 2398 putantis
1284 2361 1350 2397 pro

372 2401 435 2447 spe
461 2398 656 2447 legendum
686 2398 756 2436 effe
777 2403 860 2447 spei.
883 2400 1078 2442 VORST‚
1108 2401 1193 2437 Imo
1215 2407 1275 2448 Jpe
1302 2412 1353 2436 re·

385 2450 505 2486 tinent
526 2450 624 2487 reete
643 2450 750 2487 MSS.
778 2462 921 2487 omnes.
943 2452 1111 2486 senefiam·
1128 2452 1253 2487 dantur
1272 2465 1352 2500 qua-

376 2500 409 2546 fi
430 2500 634 2536 adminicula
657 2500 820 2551 quaedam
843 2531 851 2543 ,
887 2501 1006 2550 quibus
1038 2502 1183 2547 insistens
1211 2503 1356 2536 alatrin-

381 2565 450 2587 rem
478 2554 517 2598 se
551 2554 659 2594 facere
686 2551 774 2601 poffit
802 2563 859 2599 per
879 2554 971 2599 spem
1000 2563 1093 2586 vitae
1123 2551 1356 2588 diuturnioris.

387 2601 461 2638 five
486 2601 574 2639 dum
605 2601 710 2639 datur
736 2602 784 2639 illi
804 2602 897 2639 haec
924 2602 1011 2648 spes.
1061 2601 1186 2638 Placet
1207 2611 1332 2639 tamen
1348 2631 1357 2645 ,

389 2652 527 2701 nequid
555 2652 774 2689 dissimulem
795 2681 808 2696 ,
854 2651 968 2700 Lipsii
1000 2651 1214 2699 conjediura
1243 2653 1354 2690 etiam

380 2703 592 2740 Perizonio.

439 2769 470 2802 ς.
507 2754 633 2801 Quibus
665 2754 814 2800 insistens
843 2754 1037 2789 alacriorem
1068 2756 1106 2801 se
1134 2753 1276 2800 respet‘lu
1304 2768 1357 2789 ‘ve-

384 2808 492 2851 tustae
512 2807 689 2849 felnitatis
711 2808 823 2851 facere
849 2803 958 2855 possit]
1009 2804 1064 2841 Ita
1092 2804 1207 2842 Aldus
1233 2805 1359 2841 edide-

386 2863 452 2891 rat.
505 2856 734 2904 Habentque
770 2857 819 2893 ita
862 2857 899 2893 &
937 2855 1085 2892 codices
1122 2855 1250 2892 Brand.
1299 2856 1359 2892 Pi-

384 2905 513 2953 ghius,
550 2905 653 2954 quod
683 2915 827 2955 putaret
849 2906 1010 2943 orationi
1039 2906 1175 2954 aliquid
1208 2904 1351 2950 deesse,

385 2956 520 3005 adjecit
546 2971 645 3004 quus,
675 2957 862 3008 ediditque
887 2960 995 3001 [acere
1025 2959 1099 3005 quis
1122 2956 1225 3005 poffit3
1278 2958 1353 2993 Ve-

386 3019 468 3044 rum
507 3008 666 3044 orationi
698 3008 787 3046 nihil
815 3008 1014 3058 quicquam
1046 3006 1154 3044 deest.
1208 3008 1353 3058 Loqui-

385 3065 443 3095 tur
474 3058 574 3095 enim
613 3058 728 3096 rursus
766 3059 811 3096 de
843 3059 916 3108 ipsa
943 3060 1004 3108 spe
1032 3057 1269 3097 diuturnioris
1302 3059 1355 3096 vi-

1386 1177 1610 1215 iiisistentem
1640 1176 1710 1213 sese
1742 1175 1853 1223 ipsam
1888 1173 2103 1211 alacriorem
2134 1176 2255 1211 facere
2278 1176 2360 1223 pos-

1385 1229 1432 1266 se.
1486 1230 1533 1266 Et
1574 1227 1819 1265 confirmatur
1849 1236 1896 1261 eo
1927 1225 2139 1273 conjectura
2169 1225 2280 1274 Lipfii
2312 1225 2358 1263 de

1386 1280 1506 1317 verbis
1534 1279 1713 1327 proximis
1741 1275 2014 1325 superioribus:
2055 1277 2157 1325 quod
2187 1277 2361 1314 videlicet

1385 1331 1586 1379 legendum
1617 1328 1657 1365 fit
1680 1330 1754 1378 spei
1773 1356 1783 1372 ‚
1821 1326 1999 1376 quodque
2029 1326 2093 1374 ipsi
2121 1327 2194 1374 spei
2224 1327 2362 1364 diutur-

1387 1383 1501 1419 nioris
1550 1382 1648 1417 vitae
1695 1377 1916 1416 adminicula
1964 1377 2038 1413 dari
2089 1378 2217 1414 auctor
2259 1378 2359 1416 velit.

1388 1432 1586 1471 VORST.
1611 1432 1696 1478 Qis
1716 1441 1800 1466 cum
1831 1428 1875 1465 ab
1904 1429 2078 1464 omnibus
2101 1426 2235 1465 abeffet
2257 1429 2364 1466 MSS.

1386 1495 1456 1521 nec
1486 1483 1708 1520 desideretur
1728 1506 1739 1522 ,
1780 1478 1805 1516 fi
1830 1479 1875 1516 de
1903 1478 2112 1523 senectute,
2147 1480 2199 1516 uti
2230 1479 2364 1523 debet,

1386 1535 1610 1584 accipiatur,
1624 1533 1739 1569 etiam
1759 1531 1846 1567 hinc
1865 1527 1983 1567 abeffe
1999 1529 2081 1578 juffi
2096 1529 2212 1574 ,nulla
2234 1531 2363 1569 audo-

1387 1589 1494 1624 ritate
1517 1585 1682 1629 aPiqhio
1706 1579 1922 1620 immissum.

1439 1639 1474 1674 6.
1502 1636 1580 1677 Ad
1595 1627 1798 1685 ⁹longiffi'mos
1826 1629 2006 1679 humanae]
2038 1629 2223 1668 Adulatur
2249 1631 2367 1669 Tibe·

1389 1690 1469 1732 rio,
1499 1699 1605 1725 more
1634 1686 1783 1723 illorum
1812 1692 2028 1731 temporum
2047 1711 2057 1725 ,
2081 1682 2305 1729 longaevam
2331 1684 2364 1720 ei

1386 1741 1501 1776 vitam
1524 1737 1722 1787 precando.
1749 1735 1840 1784 quin
1864 1735 1902 1771 δε
1923 1733 2136 1782 particulam
2162 1733 2256 1768 vitae
2276 1744 2364 1780 pro-

1387 1790 1503 1838 pri-am
1518 1818 1527 1831 ,
1557 1788 1749 1833 demptam
1773 1785 1835 1822 fibi
1849 1783 2059 1821 Caesaribus
2078 1783 2145 1819 suis
2163 1781 2352 1821 donabant

1389 1840 1435 1876 de
1460 1852 1531 1888 qua
1562 1851 1599 1875 re
1621 1837 1738 1874 multa
1762 1835 1878 1873 multi.
1903 1834 1975 1871 Sed
1990 1861 1999 1876 ‚
2022 1844 2046 1869 ο
2067 1844 2178 1870 vanas
2196 1832 2363 1881 largitio-

1390 1894 1476 1927 nes!
1519 1890 1665 1937 Sapiens
1691 1888 1782 1924 mihi
1812 1886 1955 1928 Varro,
1992 1883 2129 1920 Modio
2155 1897 2162 1920 :
2203 1889 2286 1920 Non
2311 1901 2364 1922 eos

1394 1944 1512 1990 optime
1544 1940 1688 1988 vixisse;
1718 1939 1777 1987 qui
1805 1935 1978 1984 diunffime
2006 1936 2186 1980 vixerint,
2215 1935 2278 1984 sed
2306 1939 2366 1987 qm*

1394 1989 1624 2039 modesttffime.
1653 1989 1846 2026 COLER.

1447 2055 1479 2089 7,
1508 2046 1567 2079 M,
1594 2043 1750 2077 Valerius
1782 2036 1965 2086 Corvinus]
2015 2037 2070 2074 Ita
2103 2045 2245 2075 veteres
2274 2039 2371 2087 typis

1396 2093 1570 2141 expressi,
1602 2093 1640 2130 &
1660 2090 1791 2128 Brand.
1818 2100 1972 2138 quoque
2000 2087 2107 2125 MSS.
2134 2088 2282 2136 Pighius
2306 2102 2372 2127 ne-

1396 2146 1471 2182 scio
1511 2155 1583 2193 qua
1621 2142 1666 2178 de
1702 2141 1804 2178 causa
1845 2139 1973 2176 maluit
2014 2141 2072 2175 M.
2110 2141 2193 2176 Val.
2229 2142 2369 2178 Corvus.

1398 2194 1535 2232 Plinius
1582 2204 1736 2242 quoque
1780 2203 1865 2228 v11.
1908 2190 1967 2236 48.
2025 2191 2209 2226 Corvinum
2249 2200 2374 2230 vocat,

1401 2245 1598 2284 VORST.
1626 2243 1726 2281 Vide
1753 2253 1848 2291 quae
1878 2240 2007 2278 notavi
2037 2239 2139 2289 supra
2168 2240 2213 2278 ad
2246 2242 2292 2279 L.
2312 2255 2374 2280 111.

1401 2310 1437 2335 2.
1464 2298 1499 2334 6.
1527 2297 1680 2335 Tamen
1710 2294 1769 2331 hic
1798 2304 1951 2342 quoque
1972 2290 2078 2329 MSS.
2112 2293 2280 2328 Corvinus
2306 2293 2374 2331 ser-

1402 2357 1502 2387 vane

1456 2400 1490 2437 8.
1528 2401 1632 2438 Cuius
1663 2397 1749 2432 inter
1776 2395 1918 2439 primum
1945 2401 1990 2429 (5'
2013 2395 2149 2439 sextum
2173 2395 2378 2443 consulatum

1403 2450 1633 2500 quadraginta
1665 2450 1729 2495 sex
1764 2447 1846 2481 anni
1880 2443 2141 2492 intercesserunt]
2191 2445 2233 2482 In
2261 2446 2377 2484 Cam-

1405 2501 1505 2550 penfi
1545 2502 1581 2537 &
1612 2498 1828 2535 Cauchiano
1851 2523 1860 2539 ,
1907 2495 2137 2544 quadraginta
2169 2503 2214 2531 (θ’
2240 2501 2378 2544 septem.

1406 2553 1508 2589 Bene
1540 2562 1582 2588 ac
1608 2557 1803 2586 numerate
1825 2575 1834 2590 ‚
1872 2554 1931 2582 tot
1961 2545 2059 2582 enim
2088 2557 2205 2583 annos
2230 2556 2378 2595 ponunt

1407 2604 1504 2641 inter
1541 2601 1704 2650 primum
1736 2601 1773 2636 ὃς
1804 2598 1978 2635 ultimum
2011 2597 2066 2632 M.
2102 2596 2223 2634 Corvi
2250 2599 2379 2637 consu-

1408 2654 1522 2692 latum
1556 2652 1631 2689 fasti
1663 2648 1876 2698 Capitolini.
1899 2647 2038 2684 PIGH.
2069 2650 2199 2693 Septem
2229 2657 2379 2700 &qu-

1407 2705 1590 2756 draginta‚
1614 2702 1744 2750 Ultraj.
1775 2701 1882 2749 prim.
1916 2697 2043 2747 reliqui
2074 2698 2304 2749 quadraginta
2331 2708 2377 2736 <9⁶

1399 2760 1463 2804 sex
1495 2766 1580 2792 cum
1607 2752 1701 2790 Edd.

1459 2819 1494 2854 9.
1533 2811 1616 2841 lv'on
1641 2805 1749 2850 solum
1773 2797 2003 2850 speciosissimis
2035 2801 2134 2847 Reip.
2167 2799 2376 2848 ministeriis]

1411 2856 1592 2894 Nonnulli
1627 2854 1732 2891 MSS.
1768 2857 1848 2887 Non
1873 2852 1965 2897 solus
1992 2849 2131 2895 publicis
2154 2852 2354 2898 ministeriis.

1463 2921 1518 2944 io.
1547 2903 1734 2952 Metellus]
1753 2903 1935 2939 Veterem
1957 2901 2146 2949 querelam
2168 2903 2302 2939 merito
2320 2900 2381 2937 hic

1405 2969 1559 3006 quoque
1589 2956 1801 2997 moverim,
1843 2964 1929 2989 cum
1956 2960 2014 2989 tot
2042 2953 2177 2989 fuerint
2203 2950 2345 2988 Metelli
2367 2976 2378 2992 ,

1408 3009 1604 3045 authorem
1628 3019 1675 3043 ne
1697 3017 1774 3042 uno
1796 3003 1948 3053 quidem
1971 3003 2085 3040 verbo
2107 3002 2295 3050 dignatum
2325 3001 2384 3037 in-

1410 3059 1561 3103 dicare,
1597 3059 1644 3096 de
1676 3067 1845 3106 quonam
1873 3055 2048 3102 loquatur
2080 3052 2248 3091 Metello.
2299 3051 2385 3088 Oli-

2316 3114 2383 3139 νε-
