2516 3509
631 132 776 188 DE
870 131 1634 194 RELIGIONE:

2080 162 2137 217 15

186 252 224 281 ³³
259 233 503 287 Consimili
523 233 700 282 ratione
733 236 785 282 P.
805 234 1010 283 Cloelius
1033 237 1242 299 Siculus,
1279 241 1353 287 M.
1376 241 1619 290 Cornelius
1638 243 1903 310 Cethegus,
1941 244 1989 293 &
2014 253 2059 287 34
2077 248 2134 295 C.

114 479 181 527 At
203 475 410 540 Sulpicio
433 473 552 519 inter
574 470 920 519 sacrificandum
969 480 1006 508 ³⁷
1036 491 1153 539 apex
1176 474 1201 522 ἐ
1231 476 1381 540 capite
1426 471 1466 510 38
1489 474 1718 539 prolapsus
1748 478 1894 526 eidem
1928 482 2128 532 sacerdo-

110 554 230 603 tium
260 549 457 598 abstulit.

2143 587 2225 617 Plut.
2241 590 2331 617 Max-

178 638 221 669 39
256 627 584 693 Occcniusque
617 627 769 675 soricis
789 630 993 691 auditus,
1029 632 1174 678 Fabio
1193 634 1326 680 Max.
1363 632 1660 695 dictaturam,
1696 635 1753 682 C.
1774 636 2001 687 Flaminio
2031 659 2123 690 ma·
2141 629 2214 660 ⁶⁶³¹·
2235 638 2263 669 Ρ
2278 633 2351 660 ²¹³²

2140 713 2223 742 Anu.
2250 715 2288 742 U'.

112 710 348 777 gisterium
371 709 578 774 equitum
598 708 855 773 deponendi
875 708 1050 758 causam
1071 711 1295 776 praebuit.

111 918 230 968 ipsum
252 916 408 955 flaminis
429 924 576 952 munus.
604 914 802 953 VORST.
830 914 915 951 Liv.
930 914 975 951 L.
993 926 1027 961 4
1048 915 1093 953 C.

45 993 50 995 -
116 981 149 1017 7.
177 970 294 1006 honore
318 967 473 1003 abierunt

164 1032 223 1070 37,
251 1014 401 1067 „stpexe
425 1018 532 1065 capite
555 1013 752 1064 prolapsus]
794 1014 940 1054 Servius
966 1015 1004 1053 in
1036 1028 1092 1055 11.

110 1072 208 1109 Aen.
236 1068 373 1117 Proprie
390 1065 513 1103 dicitur
531 1077 618 1116 apex
637 1069 672 1102 in
685 1071 813 1115 summo
826 1068 983 1116 flaminis
1000 1070 1092 1118 pileo

110 1124 211 1173 virga
234 1121 354 1156 lanata
367 1147 378 1162 ‚
401 1118 456 1154 boc
473 1121 518 1163 es?
531 1143 541 1160 ,
569 1119 604 1154 in
624 1123 714 1163 cums
732 1120 946 1156 extremitate
967 1118 1093 1155 modica

110 1175 205 1209 lana.
257 1168 364 1206 Modo
383 1181 494 1206 autem
518 1180 580 1218 pro
602 1170 802 1217 fiammitate
819 1172 904 1219 pilei
929 1172 1094 1222 intelligi-

108 1237 194 1261 mus.
229 1221 346 1271 *Apud
364 1221 526 1258 nostrum
547 1231 634 1270 apex
652 1232 717 1269 per
732 1221 882 1270 synecd.
908 1222 1096 1272 quandam

110 1274 160 1312 est
179 1273 293 1323 pileus
312 1272 395 1322 ipse.
449 1272 508 1309 Sic
528 1272 566 1308 &
584 1272 688 1321 quod
708 1272 838 1310 Livius
853 1275 1003 1323 pileum,
1034 1273 1098 1311 Ci-

110 1336 199 1363 cero
223 1339 251 1363 1.
283 1323 329 1361 de
347 1324 441 1372 legg.
468 1325 590 1372 apicem
611 1331 745 1367 vocat,
775 1322 861 1361 cum
882 1325 1095 1374 Tarquinio

112 1377 258 1425 apicem
278 1375 321 1413 ab
339 1374 461 1425 aquila
487 1374 705 1423 impositum
732 1375 862 1412 scribit.
915 1376 1095 1414 Ceterum

113 1428 258 1477 apicem
285 1424 433 1476 gestaffe
459 1425 688 1471 sacerdotes,
716 1426 870 1475 perinde
891 1428 929 1465 ὅ(
950 1427 994 1465 ab
1022 1428 1097 1466 aliis

111 1479 314 1528 proditum.
366 1478 508 1515 Festus:
538 1483 657 1526 Apex
668 1476 878 1525 sacerdotum
898 1481 942 1526 est
955 1479 1097 1529 infigne.

115 1530 215 1568 Vide
237 1532 273 1568 ὃ(
303 1529 465 1567 Rubenii
487 1542 544 1572 11,
567 1541 624 1577 ις.
652 1528 890 1567 ΕΙεέὶοΓιιιῃε
920 1529 982 1567 ubi
1009 1531 1096 1579 ipsas

111 1593 268 1632 quoque
296 1581 443 1630 apicum
470 1581 597 1617 icones
633 1592 677 1617 ex
712 1580 891 1629 lapidibus
918 1581 1096 1631 'expreffas

112 1633 240 1672 videre
259 1633 355 1669 licet.
383 1631 580 1669 VORST.

161 1684 219 1733 38.
248 1685 432 1733 Prolapfios
455 1682 676 1720 Sacerdotium
694 1681 850 1732 ahstulit]
865 1683 971 1721 MSS.
991 1685 1096 1734 supra

111 1729 251 1785 viginti.
314 1736 494 1783 Prolapsus
530 1733 634 1770 eidem
668 1733 895 1771 Sacerdotium
930 1734 1093 1783 abstulit,

111 1786 313 1838 quomodo
340 1786 479 1823 habent
500 1786 611 1823 etiam
641 1785 723 1823 edd.
751 1794 840 1824 antt.
867 1785 967 1824 unde
995 1788 1093 1837 Lips.

110 1839 150 1877 in
169 1849 282 1886 marg.
300 1836 379 1874 libri
400 1838 464 1875 suo
487 1836 651 1886 conjecit
669 1836 776 1881 idem,
790 1845 830 1876 ut
850 1836 898 1875 fic
916 1837 1094 1887 significet

101 1891 309 1939 flaminium.
338 1888 455 1927 Recte
475 1888 578 1924 eidem
599 1888 694 1937 legi,
714 1890 752 1927 &
771 1888 869 1927 nulla
901 1901 993 1938 opus
1023 1891 1093 1929 effe

110 1942 320 1979 mutatione
347 1939 486 1990 patebit
510 1940 714 1989 inspicienti
751 1940 807 1978 Cl.
834 1940 1092 1981 Burmannum

107 1992 156 2030 ad
175 1990 486 2042 Quintil.L.vm.
508 1991 589 2029 Inst.
609 1992 652 2029 C.
676 2003 754 2042 3.p.
770 2003 854 2039 707.
877 1993 916 2030 &
937 1993 1096 2040 Cl.Jen-

111 2042 205 2080 sium
224 2043 263 2080 in
283 2043 386 2081 Leet.
408 2043 568 2083 Lucian.
598 2043 642 2080 L.
668 2057 697 2080 1.
718 2043 761 2080 C.
781 2056 814 2093 9.
836 2055 870 2092 p.
894 2058 974 2082 101.
1005 2045 1091 2083 Imo

108 2093 227 2142 ipsum
245 2092 333 2136 αὐῖἐς
355 2093 402 2132 fic
418 2096 570 2132 iteratur
586 2093 720 2132 111A6t.
732 2094 861 2144 Apost.
874 2107 906 2142 7.
919 2108 977 2134 21.
996 2098 1097 2136 οἰκτε-

107 2144 192 2185 θενῶι
217 2143 329 2194 ᾖοῖυἵέν
348 2145 479 2187 οἱνείλεῐῑρ
500 2145 587 2187 οἰυῖἐν
605 2143 623 2186 ἦ
641 2144 803 2196 θυγάτηξ
827 2147 965 2196 (paguo.

162 2223 222 2260 39.
251 2214 411 2248 Occentus
427 2211 554 2260 autem]
584 2213 762 2251 Praefero
790 2212 995 2252 lectionem
1025 2227 1093 2253 ve-

1993 797 2125 864 Adji-

1195 930 1254 964 41.
1283 920 1411 954 Parum
1429 918 1575 970 diligens
1594 922 1722 958 aeterni
1742 923 1832 974 ignis
1850 926 1965 975 custos]
2000 930 2130 969 Numa

1145 967 1350 1017 Pompilius
1388 970 1519 1008 focum
1556 972 1738 1020 imprimis
1765 975 1899 1013 Vestae
1928 978 2132 1021 colendum

1146 1018 1300 1058 dederat
1314 1049 1323 1065 ‚
1351 1028 1391 1057 ut
1410 1021 1456 1058 ad
1474 1021 1711 1061 simulacrum
1734 1026 1942 1066 caelestium
1972 1029 2131 1071 liderum

1148 1070 1265 1110 custos
1284 1072 1431 1121 imperii
1449 1072 1602 1112 flamma
1627 1075 1813 1123 vigilaret3
1846 1088 1883 1115 ut.
1905 1092 1989 1118 cum
2020 1081 2133 1122 Floro

1146 1122 1287 1173 loquar.
1341 1125 1469 1174 Atque
1489 1137 1577 1165 eum
1596 1126 1722 1174 ignem
1754 1129 1917 1178 extingui
1946 1133 2135 1179 piaculum

1149 1183 1235 1212 erat.
1289 1175 1403 1212 Unde
1421 1174 1523 1214 idem
1546 1178 1584 1214 &
1602 1189 1755 1215 aeternus
1775 1179 1916 1219 dicitur.
1939 1185 2135 1225 VORST.

1199 1243 1255 1278 42.
1284 1233 1408 1282 flagro
1428 1230 1690 1282 admoveretur]
1725 1235 1808 1273 Lib.
1829 1238 1927 1276 Dan.
1949 1240 2136 1281 cstdmone-

1146 1293 1251 1320 retur.
1313 1282 1524 1321 Refiiffime
1544 1313 1554 1328 ,
1599 1286 1723 1338 Flagra
1758 1286 1931 1326 admonere
1951 1320 1960 1333 ‚
2007 1292 2133 1332 Latini

1147 1333 1340 1379 dicebant,
1367 1346 1435 1383 pro
1456 1335 1636 1385 castigare.
1690 1338 1845 1376 Monuit
1863 1342 2010 1380 Nonius
2029 1343 2075 1381 ad
2094 1345 2137 1382 ila

1144 1385 1210 1423 lud
1232 1386 1379 1435 Virgilii
1398 1385 1419 1423 l.
1439 1398 1472 1423 x.

1205 1468 1373 1518 leucagus
1392 1479 1431 1506 ut
1446 1481 1570 1520 pronus
1584 1470 1731 1521 pendens
1753 1471 1789 1508 in
1807 1471 1943 1509 ‘verbera
1962 1475 2029 1510 telo

1196 1517 1401 1560 :Admonuit
1413 1521 1557 1574 bijugos.

1151 1597 1290 1637 Seneca
1308 1600 1330 1638 1.
1358 1615 1388 1640 1.
1417 1602 1463 1641 de
1492 1603 1703 1643 Beneficiis:
1745 1603 1906 1642 Verberih.
1945 1605 2134 1645 admonere.

1149 1649 1197 1686 Et
1213 1651 1398 1689 admonitio
1409 1657 1550 1700 fustium
1572 1656 1618 1694 L.
1637 1669 1707 1695 VII.
1728 1656 1777 1693 D.
1798 1656 1844 1693 de
1863 1657 2008 1695 Poenis.
2038 1659 2131 1697 CO-

1150 1700 1266 1740 LER.
1321 1704 1376 1742 Ita
1405 1706 1565 1744 omnino
1591 1706 1792 1757 legendum
1813 1736 1823 1752 ‚
1860 1715 1899 1745 ut
1927 1709 2026 1746 reete
2044 1722 2130 1749 mo-

1147 1753 1229 1790 nuit
1249 1754 1426 1794 Colerus:
1455 1757 1519 1807 qui
1540 1760 1578 1796 ὅς
1595 1759 1634 1796 in
1654 1758 1737 1797 cod.
1766 1759 1806 1795 P.
1826 1759 1991 1796 Danielis
2011 1764 2131 1799 mani-

1147 1804 1236 1842 feste
1254 1806 1303 1842 ita
1320 1806 1495 1856 scriptum
1514 1811 1661 1858 reperit.
1713 1809 1788 1847 Alii
1809 1810 1921 1854 codd,
1937 1811 2132 1850 admovere-

1146 1865 1215 1894 tur.
1242 1857 1418 1906 Virgilius
1448 1873 1482 1897 x.
1517 1861 1615 1899 Aen.
1642 1861 1805 1899 fimiliter
1835 1861 1925 1899 dixit
1950 1865 2016 1898 telo
2043 1864 2133 1913 biju-

1140 1920 1204 1957 gos
1223 1907 1410 1948 admonere.
1447 1911 1496 1948 Et
1514 1912 1536 1949 l.
1556 1926 1626 1951 V11.
1646 1914 1695 1951 D.
1716 1913 1762 1951 de
1783 1924 1892 1962 poen.
1914 1916 2056 1960 fustl'um
2073 1917 2136 1952 ad-

1148 1961 1308 2004 monitio,
1323 1963 1539 2013 flagellorum
1558 1965 1754 2016 castigatio,
1780 1966 1818 2002 &
1836 1966 2041 2003 ‘vinculorum
2061 1981 2138 2004 ‘ver-

1148 2009 1301 2055 beratze,
1326 2021 1365 2050 ut
1386 2014 1549 2062 ejusdem
1569 2016 1712 2063 generis
1739 2028 1792 2053 res
1806 2045 1815 2060 ‚
1845 2017 2135 2066 conjunguntur.

1153 2062 1292 2100 Seneca
1314 2076 1467 2114 quoque
1492 2080 1522 2104 1.
1549 2066 1595 2104 de
1614 2067 1742 2105 Benef.
1766 2075 1806 2104 ut
1827 2067 1981 2105 Colerus
2012 2068 2134 2107 obser-

1152 2114 1277 2159 vavit,
1303 2115 1496 2153 verberibus
1513 2117 1689 2155 admonere
1707 2118 1807 2156 dixit.
1851 2117 1900 2155 Et
1918 2119 2072 2157 Tacitus
2094 2134 2130 2160 V.

1147 2165 1248 2202 Ann.
1268 2180 1303 2216 9.
1329 2169 1451 2216 puerili
1470 2168 1601 2206 “verhere
1619 2172 1757 2208 moneri.
1787 2170 1983 2208 Suetonius
2002 2180 2130 2211 autem

1149 2216 1265 2265 Calig.
1288 2230 1346 2255 zo.
1375 2218 1420 2256 ad
1440 2220 1603 2258 eundem
1633 2221 1793 2259 modum
1815 2220 1906 2258 dixit
1925 2224 2048 2267 ferulis
2077 2224 2133 2259 ob-

109 2270 231 2301 terum
253 2273 448 2299 meorum:
479 2265 845 2312 Occentusquesoricis.
881 2265 1096 2303 Plutarchus
1137 2269 1287 2316 jurgariv
1318 2270 1513 2308 VORST.
1568 2272 1650 2309 Sen.
1668 2273 1713 2309 L.
1740 2272 1778 2308 in
1810 2272 2022 2320 Sapientem
2050 2285 2131 2314 non

111 2325 192 2351 non
220 2311 307 2350 Fab.
335 2312 510 2348 Maximo
525 2340 534 2355 ,
561 2312 623 2348 sed
641 2314 806 2349 Minutio
833 2314 908 2349 hoc
929 2315 980 2350 ait
997 2316 1094 2350 acci-

110 2362 212 2402 diffe.
273 2361 374 2399 Vide
399 2361 560 2398 Plinium
586 2360 646 2397 lib.
674 2371 760 2399 vm.
797 2373 874 2409 cap.
905 2373 962 2410 57.
999 2363 1094 2400 CO-

110 2415 229 2453 LER.
283 2412 438 2451 Colerus
455 2412 493 2449 in
510 2411 578 2448 suis
598 2410 707 2448 codd.
726 2412 860 2460 reperit
887 2417 1095 2464 occentusque

98 2467 242 2515 soricis:
265 2476 379 2514 quam
409 2463 611 2500 lethonem
642 2462 745 2499 alteri
767 2464 806 2501 ὃς
821 2464 992 2512 praefert.
1046 2465 1095 2502 Et

110 2517 248 2556 habent
267 2526 421 2565 quoque
446 2515 495 2551 ita
516 2512 624 2551 codd.
645 2513 824 2551 Brandeb.
878 2515 938 2552 De
966 2527 1005 2552 re
1022 2516 1096 2565 ipsa

108 2568 231 2607 scribit
251 2568 288 2604 &
308 2566 445 2603 Plinius
467 2578 580 2610 VIII,
595 2577 651 2613 57.
673 2565 764 2603 Hlst.
779 2567 866 2603 Nat.
880 2567 1024 2604 soricum
1045 2581 1095 2605 oc-

106 2628 202 2656 centu
215 2644 225 2660 ‚
247 2618 389 2666 inquit,
417 2616 532 2653 dirimi
550 2618 698 2666 auspicia
718 2619 856 2653 annales
876 2620 1014 2664 refertos
1031 2619 1093 2656 ba-

106 2670 231 2708 bemus.
259 2668 454 2706 VORST.
490 2667 571 2706 MS.
600 2679 686 2705 cum
712 2668 851 2706 Colero
872 2672 1091 2720 occentusque.

109 2720 356 2759 PERIZON.
385 2719 523 2757 Nescio
545 2718 642 2761 unde
661 2727 790 2758 natum
809 2719 852 2758 fit
869 2720 1090 2770 illudautem.

115 2773 229 2810 Certe
255 2779 344 2809 antt.
372 2770 465 2808 Edd.
493 2769 581 2808 illud
608 2770 803 2818 ignorant,
839 2772 975 2821 pariter
1001 2784 1088 2811 cum

112 2824 279 2861 maxima
298 2822 406 2859 MSS.
427 2830 552 2870 parte,
578 2822 673 2859 inter
689 2834 783 2872 quos
808 2823 910 2869 sunt,
938 2824 1002 2874 qui
1029 2824 1094 2862 de·-

109 2873 188 2912 lent
214 2885 367 2924 quoque
393 2885 531 2911 vocem
556 2872 716 2915 auditus,
747 2881 789 2911 ut
816 2873 928 2913 Bitur.
955 2876 1095 2924 primus

113 2936 201 2963 cum
228 2926 351 2974 primo
372 2924 556 2963 Leidenfi.
611 2924 668 2961 Sic
689 2924 793 2972 supra
817 2925 884 2963 Ex.
909 2939 939 2964 1.
967 2929 1095 2964 Cereri.

110 2987 190 3028 que.
237 2979 392 3024 Causam
423 2976 589 3027 praebuit.
621 2977 793 3025 praestitit
837 2977 969 3026 Copes.
1006 2990 1093 3017 cum

115 3027 214 3066 Cod.
237 3027 321 3064 Col.
342 3029 509 3065 Romani
527 3027 756 3074 Jesuitarum.

162 3093 223 3127 40.
250 3081 291 3115 P.
312 3077 453 3127 Licinio]
495 3080 659 3127 Postumio
682 3079 808 3117 Licinio
839 3078 969 3119 Heins.
994 3088 1093 3120 uter-

112 3141 200 3180 que.
254 3130 421 3177 Postumio
443 3131 578 3170 Lacinio
601 3129 734 3178 Copes.

1147 2317 1279 2353 cadere
1297 2319 1470 2366 injuriam
1491 2332 1520 2357 C.
1536 2334 1590 2358 12.
1619 2333 1794 2371 tamquam
1814 2334 1932 2372 pueros
1953 2327 2041 2360 malo
2055 2337 2129 2375 poe.

1145 2379 1256 2416 nuque
1280 2367 1445 2407 admonet.
1479 2370 1724 2411 PERIZON.
1777 2373 1981 2414 (Admonere
2007 2376 2129 2425 place-

1145 2415 1207 2453 bat
1226 2417 1338 2456 etiam
1369 2420 1409 2457 Is.
1429 2421 1560 2460 Voffio
1589 2422 1695 2461 simili
1723 2424 1842 2462 modo
1872 2426 2035 2465 Graecos
2061 2428 2126 2466 suo

1146 2470 1290 2504 νεθετεῖν
1310 2469 1391 2507 usos
1411 2471 1458 2508 ad
1477 2484 1582 2511 oram
1602 2474 1681 2512 libri
1707 2475 1759 2512 sui
1786 2478 1978 2514 annotanti
1991 2508 2001 2523 ,
2039 2491 2124 2526 pro-³

1146 2517 1207 2555 bat
1228 2520 1265 2556 Sc
1282 2520 1367 2567 Joh.
1388 2521 1515 2561 VVaffe
1533 2525 1570 2562 in
1589 2526 1664 2564 ind.
1687 2526 1809 2564 Salust.
1835 2528 1872 2565 in
1891 2541 1986 2565 voce
2012 2530 2123 2565 admo-

1144 2583 1227 2613 neo,
1252 2583 1296 2608 ex
1318 2572 1399 2611 MS.
1429 2574 1487 2612 Sic
1514 2576 1633 2622 solent
1657 2578 1730 2616 scil.
1758 2579 1892 2628 optimi
1922 2580 2121 2627 Scriptores

1145 2621 1327 2661 vocabula
1358 2626 1536 2664 orationis
1563 2630 1709 2677 propria
1739 2629 1785 2667 ad
1814 2643 1868 2667 res
1896 2630 1979 2665 faeti
2006 2638 2121 2668 trans-

1144 2672 1251 2711 ferre.
1272 2675 1373 2712 Vide
1391 2677 1513 2715 virum
1542 2680 1722 2718 eximium
1740 2681 1823 2728 Joh.
1844 2682 1980 2728 Georg.
2003 2681 2121 2719 Grae-

1143 2723 1248 2762 vium
1270 2725 1316 2763 ad
1336 2726 1432 2766 Flor.
1455 2730 1500 2767 L.
1524 2742 1558 2768 1:
1575 2732 1618 2768 C.
1642 2745 1671 2770 Ι.
1699 2732 1805 2769 MSS.
1833 2739 1959 2768 tamen
1979 2733 2121 2771 variant

1142 2775 1224 2820 hic,
1253 2777 1292 2815 δε
1310 2779 1434 2817 nescio
1452 2793 1499 2818 an
1519 2793 1598 2819 non
1616 2783 1734 2831 plures
1753 2781 1910 2819 habeant
1928 2781 2122 2820 admovere-

1143 2837 1212 2862 mr.
1266 2829 1530 2869 Admoneretur
1565 2834 1705 2870 mavult
1732 2833 1843 2870 etiam
1872 2834 2038 2882 Dempst.
2075 2834 2123 2873 ad

1146 2878 1273 2918 Rofin.
1294 2881 1338 2918 L.
1364 2895 1418 2920 11.
1440 2884 1483 2920 C.
1507 2896 1560 2921 12.
1589 2896 1702 2934 quem
1721 2884 1849 2922 locum
1870 2885 1908 2922 in
1936 2897 1999 2922 ora
2023 2885 2120 2924 Cod.

1142 2928 1195 2966 sui
1215 2939 1411 2971 notaverat
1430 2935 1484 2971 CI.
1504 2935 1816 2984 Drakenborgius.

1195 2993 1255 3031 43.
1268 2986 1427 3021 Maxime
1446 3001 1522 3022 vero
1540 2988 1686 3038 virginis
1697 2988 1880 3027 Aemiliae
1890 2985 2119 3037 disciplinam]

1148 3032 1342 3072 Mendose.
1372 3038 1568 3086 Reperitur
1579 3037 1678 3076 enim
1698 3037 1992 3086 innranuscripto
2005 3039 2121 3076 Cam-²

1145 3083 1390 3137 penfi‚atque
1409 3089 1522 3127 etiam
1543 3088 1815 3128 Gemblacenfis
1836 3089 2044 3128 monasterii
2058 3102 2122 3181 iff-

2029 3150 2068 3181 tu
2099 3153 2124 3180 o

117 318 359 377 Claudius)
392 325 580 380 Pl'OPtCr
601 325 708 359 exta
725 328 890 377 parum
909 313 1084 361 curiose
1098 321 1144 352 ‘³5
1165 316 1349 364 admota
1365 317 1448 364 aris
1475 317 1667 364 deorum
1687 322 2016 370 immortalium
2030 342 2133 383 ‚va-
2153 291 2314 406 ξᾈῗζὲζι,

109 404 183 452 riis
210 395 494 462 temporibus
512 392 728 458 bellisque
753 392 934 441 diversis
959 392 1003 433 3⁶
1024 396 1229 444 flaminio
1260 398 1381 445 abire
1398 396 1503 462 jussi
1531 397 1658 457 lunt,
1702 402 1940 466 coactique
1973 406 2125 452 etiam.
2151 380 2310 458 ἷῘ;ἷιε.ἒῖ

2145 465 2299 549 {Argiop-

2146 554 2159 578 5
2171 553 2183 577 3
2193 554 2218 574 Ζ.
2232 553 2311 577 cer.

2145 762 2215 786 532.
2236 754 2319 786 Plut.

2143 795 2288 827 Marcell.

2142 846 2171 878 p.
2197 842 2268 867 218.
