2516 3509
528 113 666 171 DE
750 107 1716 168 FORTITUDINE.

2015 130 2122 190 249

119 223 309 283 audi‘tiS,
340 217 563 269 Pedanius
595 216 807 265 centurio
835 212 1102 264 convulsum
1131 213 1311 281 signum
1342 214 1501 261 dextra
1529 215 1744 263 retinens:
1790 213 1900 279 Jam
1926 215 2024 278 hoc,
2056 218 2125 267 in-

120 305 222 370 quit
235 335 250 360 ‚
271 302 386 346 intra
406 297 547 354 holme
567 296 733 342 vallum
756 309 914 342 mecum
933 295 1028 340 erit.
1039 294 1213 354 proinde
1220 293 1453 357 sequantur
1465 325 1480 351 ,
1492 296 1561 353 qui
1581 294 1627 338 id
1648 295 1739 354 capi
1764 295 1918 340 nolunt.
1943 294 1993 342 &
2013 313 2122 346 cum

104 388 176 424 'eo
197 375 246 420 in
279 372 419 420 castra
439 373 704 420 Poenorum
738 370 931 433 irrupit,
967 381 1206 433 totamque
1233 368 1386 416 secum
1417 368 1558 414 traxit
1578 366 1820 432 legionem.

1889 371 1961 418 Ita
1981 373 2122 422 trium

116 454 322 503 virorum
344 451 475 499 fortis
495 451 748 511 temeritas,
761 448 1035 496 Annibalem
1056 448 1192 514 paulo
1209 460 1314 495 ante
1336 446 1412 510 spe
1430 444 1506 493 sua
1515 445 1702 509 Capuae
1715 447 1964 511 potitorem
1980 483 1994 510 ,
2007 459 2123 501 9511e

80 594 84 599 .
117 535 370 585 castrorum
392 531 578 596 quidem
599 532 782 580 suorum
804 543 1045 595 potentem
1065 528 1151 575 esse
1173 527 1291 591 passa
1310 526 1389 572 est.

181 608 403 669 Qorum
427 607 589 654 virtuti
618 607 735 655 nihil
766 606 888 656 cedit
922 607 968 646 9⁶
989 603 1269 665 QCotius‚
1303 601 1382 667 qui
1413 612 1606 665 propter
1636 597 1959 649 fortitudinem
1995 610 2033 640 ⁹⁷
2054 611 2124 652 A-
2195 629 2256 655 ῃ.

2136 670 2208 698 Ann
2244 666 2312 700 aab·

114 689 252 738 chilles
271 687 627 752 cognominatus
650 687 728 734 est.
799 687 928 735 Nam
946 698 1000 732 ut
1021 683 1193 747 reliqua
1211 685 1306 747 ejus
1326 696 1466 747 opera
1484 696 1580 727 non
1606 695 1827 744 exequar,
1862 680 2041 730 abunde
2056 699 2123 734 ta·
2136 692 2220 742 ω]

117 784 224 816 men
243 766 422 813 duobus
446 762 600 825 faffis,
635 780 748 830 quae
765 765 987 813 relaturus
1007 760 1131 822 sum,
1168 773 1360 825 quantus
1392 758 1583 807 bellator
1603 758 1769 819 fuerit,
1804 760 2123 824 cognoscetur.

66 973 71 975 .
117 975 240 1016 fuiss'et
256 975 300 1015 ad
323 974 363 1015 id
377 973 501 1027 ,quod
521 976 693 1024 proxime
713 972 873 1022 sequitur
888 970 1019 1025 felicem
1034 983 1100 1006 au-

113 1028 232 1065 daciae
249 1031 397 1072 exitum,
420 1026 465 1064 ad
481 1025 584 1074 quod
604 1025 757 1063 verbum
777 1032 919 1073 oppetere
939 1019 1028 1058 nihil
1046 1028 1101 1057 at-

119 1081 224 1118 tinet.
251 1079 447 1117 VoRST.
474 1079 600 1128 optavi
623 1086 756 1114 omnes
776 1073 884 1111 MSS.
910 1072 977 1111 nisi
997 1070 1101 1122 quod

120 1130 225 1172 Harl.
248 1146 263 1166 o
287 1141 370 1166 ture.

167 1194 230 1230 95.
259 1139 314 1216 {lle
338 1182 516 1228 castrorum
546 1176 677 1228 quidem
691 1179 827 1226 suorum
843 1176 1025 1227 potientem
1043 1173 1101 1221 ess}

113 1232 209 1283 passa
237 1230 298 1280 est]
338 1232 380 1269 In
411 1231 644 1278 manuscript.
665 1239 842 1275 potentem.
896 1225 1025 1265 Recte.
1061 1226 1099 1262 ni

117 1284 236 1322 fallor.
264 1283 404 1320 PIGH.
455 1286 515 1317 Ne
534 1285 710 1330 castrorum
733 1278 865 1331 quidem
876 1281 1015 1327 suorum
1035 1286 1099 1327 po-

118 1346 251 1374 tentem.
279 1334 397 1373 Aldus
419 1332 584 1371 ediderat
601 1336 794 1383 potientem.
822 1332 875 1368 At
895 1329 1041 1377 Pighius
1060 1329 1098 1366 in

121 1386 230 1424 MSS.
266 1386 353 1435 legit
376 1395 550 1436 potentem.
586 1385 691 1434 quod
721 1383 821 1421 idem
855 1384 893 1420 &
916 1382 952 1418 in
988 1379 1098 1419 codd.

120 1438 229 1476 MSS.
266 1438 442 1475 Brandeb.
483 1436 650 1474 observo.
725 1438 848 1472 Potens
874 1434 1015 1481 alicujus
1048 1432 1102 1470 rei

119 1488 254 1540 phrasis
285 1501 364 1527 non
395 1488 574 1526 insolens:
604 1500 676 1538 qua
697 1487 734 1524 ὃς
755 1486 848 1524 iufra
872 1484 993 1523 noster
1020 1482 1100 1520 usus

123 1540 184 1578 est.
208 1542 405 1579 VORST.
457 1540 565 1577 MSS.
591 1540 732 1589 septem
754 1538 891 1577 habent
905 1538 1099 1586 potientem,

121 1593 255 1643 reliqui
285 1593 413 1631 favent
435 1593 577 1641 Pighio.
639 1592 735 1632 Mihi
768 1600 895 1630 tamen
918 1590 1101 1639 potientem

120 1644 342 1693 praeplacet.
370 1643 448 1682 Nifi
470 1644 573 1681 malis
597 1643 753 1681 statuere
764 1654 930 1693 potentem
946 1641 1007 1678 hic
1029 1635 1100 1675 effe

121 1695 252 1733 tertiae
274 1695 561 1744 conjugationis„
607 1696 663 1733 Ut
684 1695 781 1744 apud
797 1695 929 1743 Pomp.
943 1690 1100 1729 Melam.

122 1745 169 1784 L.
204 1759 233 1784 1.
268 1757 323 1794 17.
378 1745 474 1794 Ωιιοιί
504 1749 717 1785 ⁸fsmazones
745 1747 848 1794 (Asta
872 1755 1020 1795 potentes
1040 1745 1102 1790 β·

117 1797 218 1848 craffi
235 1797 429 1836 traduntur.
457 1797 539 1837 Sall.
563 1799 669 1837 Orat.
692 1808 724 1837 1.
744 1797 789 1836 de
811 1799 904 1847 Rep.
928 1794 1021 1835 Ord.
1043 1804 1101 1843 32.

173 1877 328 1913 Potentes
346 1887 466 1911 rerum.

121 1953 232 2004 Prop.
253 1953 299 1991 L.
319 1966 365 1991 11.
387 1964 420 2000 7.
440 1953 499 2000 64.

170 2027 286 2074 Qum
303 2024 410 2074 capite
427 2023 485 2060 boc
495 2023 626 2073 stygiae
642 2027 715 2074 jam
734 2031 926 2074 poterentur
944 2034 1066 2073 aquae.

126 2098 206 2139 Ubi
224 2102 404 2141 videndus
423 2106 583 2142 omnino
593 2102 840 2143 Broukhufius
859 2103 1018 2153 pluribus
1026 2103 1104 2142 hoc

125 2153 304 2202 exemplis
321 2154 506 2193 illustrans.

176 2205 237 2253 96.
265 2205 309 2254 Q
331 2205 465 2256 Cotiuf]
497 2206 619 2255 Hujus
648 2217 792 2245 nomen
810 2204 1020 2244 admodum
1043 2216 1104 2242 ce-

124 2254 225 2294 lebre
244 2256 313 2301 est,
341 2268 454 2306 quem
474 2256 662 2296 Achillem
681 2259 902 2295 Romanum
931 2256 993 2292 hic
1015 2255 1104 2293 dicit

125 2306 353 2356 appellatum
385 2307 568 2344 Valerius.
646 2307 745 2344 Cum
778 2307 917 2344 Gellius
946 2305 1030 2342 Lib.
1057 2319 1102 2342 rr.

127 2359 220 2407 Cap.
247 2371 303 2397 11.
332 2359 378 2395 L.
413 2358 593 2396 Sicinium
621 2359 829 2396 Dentatum
860 2357 960 2394 hunc
985 2356 1102 2394 laudis

124 2410 274 2448 titulum
294 2407 455 2447 habuisse
477 2409 575 2447 dicat
588 2437 598 2453 ‚
628 2410 666 2446 ὃς
689 2408 832 2456 majore
851 2407 1001 2445 hercule
1021 2419 1101 2445 me-

125 2462 199 2500 rito
214 2489 224 2505 ‚
253 2468 293 2498 ut
314 2461 424 2509 paulo
447 2460 526 2510 post
549 2459 701 2498 dicetur.
730 2459 910 2497 Ceterum
931 2470 1016 2496 cum
1035 2457 1102 2496 du-

126 2513 244 2550 centis
261 2513 362 2550 annis
377 2540 385 2556 ‚
398 2524 536 2560 nempe
556 2511 576 2550 a
601 2523 683 2562 502.
696 2511 746 2547 U.
761 2511 804 2548 C.
817 2510 929 2560 usque
951 2509 999 2547 ad
1017 2521 1102 2557 702.

126 2563 304 2602 undecim
333 2563 479 2601 Metelli
504 2563 542 2600 in
569 2562 759 2600 consulatu
784 2562 942 2606 fuerint,
971 2573 1104 2599 omnes

125 2615 263 2664 Quinti
274 2615 518 2664 praenomine
532 2643 542 2660 ,
554 2620 710 2662 excepto
730 2612 852 2662 primo
864 2613 1001 2660 Lucio,
1013 2624 1106 2651 con-

125 2666 300 2705 veniebat
326 2673 367 2703 ut
394 2665 524 2704 auc'tor
554 2665 720 2713 epitheto
752 2664 987 2712 distingueret
1011 2693 1021 2709 ‚
1059 2663 1106 2702 de

123 2728 293 2769 quonam
324 2717 483 2755 Metello
510 2716 736 2766 loqueretur.
796 2715 983 2753 Historiae
1010 2724 1107 2754 tem-

126 2780 264 2819 porum
284 2769 378 2806 ratio
402 2768 587 2816 exigit‚ut
608 2767 653 2804 de
672 2766 829 2805 Metello
848 2766 1104 2805 Macedonico

125 2820 373 2868 intelligatur,
411 2821 474 2869 qui
507 2818 644 2856 Consul
674 2817 744 2856 fuit
771 2829 869 2855 anno
894 2818 978 2856 611.
1007 2818 1106 2856 Ter-

126 2872 199 2910 tius
226 2871 399 2909 Metellus
425 2870 502 2919 post
530 2871 576 2908 L.
603 2868 800 2907 Metellum
828 2868 880 2906 bis
904 2869 1106 2907 consulem.

129 2922 305 2960 meminit
324 2921 534 2959 Celtiberici
553 2921 635 2959 belli
656 2920 784 2958 Florus
805 2919 947 2959 Lim.
976 2921 1108 2958 GLA-

127 2971 289 3012 REAN.
352 2977 407 3022 Q
426 2975 553 3010 Cetius.
588 2973 625 3009 V
629 2972 732 3009 etusti
760 2970 912 3021 quidam
944 2971 1106 3010 Codices

125 3024 266 3065 habent
282 3024 352 3075 ‹Q-
370 3025 458 3064 Ocie.
495 3023 663 3075 Quidam
685 3024 797 3062 etiam
816 3025 886 3073 Q.
908 3024 1013 3063 Tetia.
1038 3023 1108 3063 Tu

1989 835 2037 925 9¹8
2059 841 2134 905 Q

1151 966 1240 1006 vide
1269 978 1318 1006 ne
1344 966 1545 1017 legendum
1571 965 1614 1004 sit
1642 968 1742 1004 Cotta
1762 994 1773 1012 ,
1815 966 1861 1005 de
1890 980 1967 1019 quo
1995 969 2131 1011 Suidas.

1154 1022 1253 1056 Cotta
1268 1047 1278 1064 ,
1304 1020 1425 1070 inquit·
1437 1047 1446 1063 ‚
1475 1021 1538 1056 telo
1552 1046 1562 1063 ,
1589 1032 1689 1069 quam
1707 1020 1879 1069 tragulam
1899 1033 2019 1058 ‘vocant
2031 1049 2041 1065 ,
2057 1034 2132 1059 ute-

1152 1070 1273 1107 batur:
1302 1085 1401 1122 eoque
1420 1082 1518 1107 tanta
1548 1073 1586 1106 ‘101⁴
1608 1071 1732 1107 ‘vulnus
1757 1070 1940 1117 inferebat,
1965 1084 2004 1108 ut
2023 1073 2130 1111 homi-

1151 1124 1204 1158 nis
1217 1122 1346 1160 thorace
1367 1125 1513 1158 munitas
1538 1136 1601 1158 uno
1619 1120 1789 1157 λίψηῐίῑχάΐ
1811 1123 1879 1158 lau<
1897 1127 1998 1171 costas
2016 1136 2131 1162 Trans*

1150 1172 1299 1224 adigeret
1310 1202 1320 1218 ‚
1349 1185 1520 1224 terraeque
1540 1171 1723 1223 adfligeret.
1760 1173 1798 1211 T
1812 1174 1851 1211 H
1864 1174 1895 1210 E
1910 1177 1946 1212 O
1959 1175 1985 1211 P
1996 1176 2036 1212 H
2051 1176 2065 1213 I
2080 1178 2129 1216 L·

1151 1227 1194 1274 Ω.
1223 1226 1349 1262 Catius.
1385 1225 1467 1262 Lib.
1500 1225 1685 1261 Danielis:
1719 1227 1767 1274 Q.
1796 1227 1923 1263 Occius.
1972 1226 2049 1264 Alii
2082 1230 2127 1276 Ω,

1149 1280 1258 1314 Ocius.
1288 1275 1570 1314 Colmarienfis:
1589 1277 1632 1322 Ω.
1652 1277 1778 1312 Tetius.
1807 1276 1909 1313 Hinc
1928 1275 2129 1326 suspicabar

1148 1327 1349 1377 legendum
1372 1326 1443 1364 effe
1465 1328 1508 1375 Ω
1529 1324 1714 1363 Caeditius.
1742 1326 1812 1364 Sed
1829 1327 2030 1375 suspicabar
2046 1336 2129 1367 tan-

1149 1387 1242 1417 tum.
1254 1378 1314 1416 ille
1327 1379 1427 1416 enirn
1440 1377 1585 1416 Punico
1605 1376 1701 1414 bello
1711 1377 1833 1425 primo
1853 1378 2040 1416 strenuum
2052 1379 2129 1419 bel-

1149 1431 1310 1469 latorem
1340 1430 1425 1480 egit.
1479 1429 1569 1466 Non
1601 1429 1723 1466 minus
1740 1428 1852 1476 igitur
1872 1429 1964 1466 mihi
1981 1429 2027 1467 de
2053 1431 2131 1471 hoc

1152 1483 1310 1521 nomine
1330 1482 1471 1532 liquet,
1498 1492 1613 1531 quam
1634 1479 1726 1517 olim
1746 1480 1791 1517 de
1815 1480 2012 1519 fortissimo
2026 1509 2036 1526 ‚
2065 1495 2131 1522 au-

1153 1534 1323 1572 ‹Stoi-ibus.
1374 1533 1510 1570 Plinius
1527 1531 1619 1569 libro
1638 1543 1710 1570 vn.
1732 1531 1852 1580 capite
1870 1532 1930 1569 28.
1956 1534 2130 1573 Fortitudo

1151 1587 1189 1623 in
1210 1599 1274 1636 quo
1296 1588 1439 1623 maxime
1457 1585 1609 1622 extiterit
1622 1613 1633 1629 ‚
1659 1585 1833 1632 immenfize
1853 1587 2054 1634 quaestionis
2072 1591 2130 1635 est,

1152 1639 1268 1688 utique
1278 1638 1312 1686 fi
1328 1639 1505 1686 recipiatur
1528 1638 1660 1672 Portica
1672 1634 1886 1683 fabulositas.
1936 1638 1981 1685 Ω.
2006 1640 2134 1677 Ennius

1152 1691 1192 1728 T.
1223 1691 1405 1726 Caecilium
1429 1690 1589 1725 Teucrum
1612 1690 1820 1737 fratremque
1857 1692 1926 1738 ejus
1962 1692 2135 1740 praecipue

1152 1742 1294 1777 miratus
1315 1769 1326 1785 ‚
1355 1750 1491 1791 propter
1525 1755 1577 1776 eos
1606 1741 1743 1788 sextum
1776 1736 1898 1788 adjecit
1936 1745 2134 1783 (Annalem.

1160 1791 1357 1830 COLER.
1409 1793 1453 1840 Q
1473 1794 1598 1828 Cotius.
1626 1790 1748 1828 Valde
1766 1790 1909 1830 variant
1928 1793 2077 1831 codices
2094 1796 2133 1833 in

1157 1844 1266 1894 hujus
1295 1843 1541 1893 exprimendo
1572 1843 1740 1881 nomine.
1795 1843 1910 1882 Liber
1929 1844 1968 1881 P.
1992 1845 2134 1883 Danie-

1156 1895 1198 1933 lis
1212 1924 1222 1941 ,
1250 1903 1290 1933 ut
1311 1896 1468 1933 Colerus
1486 1895 1658 1942 testatur,
1684 1894 1794 1932 habet
1821 1896 1863 1942 Ω.
1884 1898 2009 1933 Occim.
2060 1897 2136 1935 Alii

1158 1947 1297 1986 eodem
1325 1948 1465 1985 Colero
1484 1947 1571 1985 teste
1595 1951 1642 1999 ρ.
1661 1948 1779 1982 Ocius.-
1805 1948 1846 1984 &
1871 1947 2137 1987 vColmarienfis.

1156 2002 1205 2050 Q.
1225 2001 1258 2035 T
1254 2001 1350 2037 etius.
1377 1999 1490 2037 Unde
1508 1998 1608 2037 idem
1628 1998 1824 2047 suspicatur
1838 1997 2039 2049 legendum
2061 1999 2132 2037 effe

1159 2053 1206 2102 Ω
1235 2049 1419 2089 caeditius.
1472 2050 1662 2089 Codicum
1689 2047 1869 2087 Brandeb.
1903 2062 1996 2088 unus
2017 2051 2136 2097 5204--

1157 2106 1249 2140 cius.-
1277 2104 1366 2141 alter
1386 2104 1432 2151 Ω.
1451 2105 1593 2140 Caecius.
1619 2100 1815 2140 VORST.
1852 2102 1978 2139 Etiam
2001 2101 2134 2140 decem

1155 2153 1177 2192 ὲ
1201 2155 1329 2193 nostris
1356 2155 1495 2192 habent
1522 2157 1566 2202 Ω.
1593 2155 1718 2191 Occius..
1794 2154 1887 2191 Duo
1916 2154 1958 2200 Ω.
1987 2155 2134 2193 esst-cius.

1155 2205 1263 2243 Leid.
1284 2214 1368 2244 tert.
1385 2205 1674 2253 ·C0ccius.Copes.
1691 2200 1794 2242 Toll.
1814 2205 1853 2242 δε
1872 2204 2005 2255 Ultraj.
2024 2205 2132 2253 prim.

1155 2257 1299 2293 Cofflus.
1353 2258 1396 2304 Ω.
1419 2267 1509 2293 vero
1538 2258 1627 2292 Catii
1646 2254 1808 2296 eAdn'llis
1831 2255 1968 2303 saepius
1996 2256 2034 2292 in
2051 2257 2132 2293 An-

1155 2306 1295 2343 nalibus
1313 2307 1380 2343 suis
1398 2318 1443 2343 ex
1463 2306 1570 2344 Fastis
1591 2306 1828 2343 mentionem
1852 2306 1940 2343 facit
1958 2306 2107 2356 Pighius
2122 2335 2131 2351 ,

1155 2357 1219 2405 qui
1239 2364 1451 2405 praetorem
1477 2357 1596 2407 ipsum
1617 2354 1721 2395 fuisse
1748 2356 1869 2395 statuit
1890 2369 1990 2395 anno
2018 2359 2067 2396 U.
2089 2358 2131 2395 C.

1154 2427 1256 2451 DCVI-

1205 2472 1266 2509 97.
1293 2459 1463 2499 ,Achilles
1488 2459 1753 2510 cognominatus]
1789 2461 1881 2498 Hoc
1907 2469 2032 2499 tamen
2066 2471 2129 2496 co-

1155 2522 1325 2560 gnomen
1345 2511 1511 2559 Agellius
1530 2512 1575 2549 L.
1588 2512 1752 2550 Sicinnio
1766 2513 1934 2550 Dentato
1955 2512 2127 2549 tributum

1155 2562 1275 2600 scribit
1294 2562 1354 2600 lib.
1376 2574 1420 2599 11.
1443 2574 1521 2612 cap.
1545 2575 1600 2600 11.
1639 2563 1688 2601 Et
1710 2563 1831 2600 Festus
1858 2564 1896 2600 in
1925 2573 2019 2600 voce
2036 2560 2129 2607 Obst-

1156 2611 1314 2651 dionalis.
1363 2614 1446 2652 CO
1462 2614 1598 2653 LER⁴
1675 2614 1840 2656 {Achilles
1879 2613 2132 2663 cognominatus.

1159 2665 1265 2703 Idem
1290 2676 1508 2714 cognomen
1539 2666 1586 2703 L.
1608 2678 1762 2717 quoque
1781 2665 1930 2702 Sicinius
1949 2664 2132 2699 Dentatus

1155 2717 1294 2755 habuit.
1346 2716 1478 2755 Scribit
1496 2717 1596 2756 enim
1616 2718 1736 2755 Festus
1758 2717 1794 2752 in
1823 2724 1918 2750 voce
1938 2710 2132 2759 Obfidiona-

1157 2770 1226 2813 lis,
1253 2768 1442 2807 Achillem
1466 2780 1554 2807 eum
1576 2770 1725 2806 Rornae
1746 2765 1988 2803 existimatum
2012 2762 2132 2808 fuisse,

1159 2820 1336 2869 ferroque
1358 2819 1496 2858 centies
1520 2822 1559 2858 ὃς
1577 2820 1690 2856 vicies
1710 2828 1777 2865 pro
1806 2827 1880 2863 rcp.
1901 2811 2134 2862 depugnasse.

1159 2870 1268 2908 Idem
1291 2872 1329 2908 ὃ(
1360 2870 1498 2909 Gellius
1528 2883 1576 2913 11,
1601 2883 1654 2907 rr.
1681 2867 1800 2905 tradit.
1828 2867 2023 2903 VORST.
2072 2865 2133 2901 Sic

1160 2923 1363 2972 Rusticellus
1392 2921 1543 2971 quidam
1582 2918 1761 2957 Hercules
1789 2916 1904 2955 dietus
1934 2916 1994 2955 est.
2044 2916 2134 2952 Plin.

1160 2973 1207 3010 L.
1227 2985 1298 3012 vn.
1317 2986 1378 3014 20.
1404 2971 1648 3012 PERIZON.

1685 3070 1724 3109 11
2004 3067 2068 3116 98.
2093 3068 2140 3117 Ω.
