2516 3509
390 91 511 146 DE
578 87 1010 150 PIETATE
1081 86 1190 148 IN
1262 90 1798 156 PARENTES.
2003 119 2112 178 473

122 208 171 244 to
214 194 262 242 &
307 204 589 258 repugnante
632 191 784 241 senatu
807 227 823 252 ,
866 193 1190 259 promulgasset
1212 230 1228 257 ‚
1278 197 1488 260 precibus
1540 200 1761 266 minisque
1812 207 1907 269 ejus
1950 214 2113 259 aceri-i-

117 291 191 322 me
233 271 433 320 resistens
458 307 475 332 ‚
517 289 570 320 ac
614 287 670 320 ne
712 273 918 321 exercitu
960 273 1145 338 quidem
1188 274 1392 324 adversus
1444 275 1486 323 se
1528 278 1789 344 conscripto
1812 318 1828 342 ‚
1874 284 1906 331 fi
1950 288 1998 335 in
2039 304 2110 335 ea-

114 353 220 399 dem
251 348 467 397 sententia
510 348 809 414 perseveraret
828 384 844 410 ‚
899 349 1155 399 absterritus
1176 386 1191 412 ‚
1232 353 1472 416 postquam
1515 370 1601 416 pro
1647 356 1827 404 Rostris
1869 362 1909 406 ci
1955 368 1993 398 3¹
2043 361 2105 407 le-

112 447 220 496 gem
249 431 343 494 jam
378 429 589 478 referenti
623 443 751 495 pater
796 447 979 479 manum
1020 433 1180 495 injecit
1199 465 1214 492 ,
1250 433 1428 496 privato
1462 431 1626 481 fra&us
1660 437 1854 501 imperio
1873 474 1888 499 ,
1925 442 2105 491 descen-

111 508 179 554 dit
222 509 247 555 ἐ
288 509 467 557 Rostris
492 544 507 570 ‚
551 526 607 557 ne
650 511 844 559 minimo
887 510 1071 574 quidem
1114 526 1349 559 murmure
1391 510 1630 560 destitutae
1676 517 1910 563 concionis
1957 532 2108 580 repre⁴

107 584 279 632 hensus.

172 666 349 728 Magna
383 666 484 714 sunt
519 667 628 714 haec
663 666 801 714 virilis
833 668 1011 730 pietatis
1046 684 1182 732 opera
1194 689 1210 726 3
1245 667 1318 715 sed
1352 666 1501 715 nescio
1536 684 1592 715 an
1626 669 1694 716 his
1727 670 1938 718 omnibus
1964 679 2003 709 3²
2033 689 2107 720 va-

2124 714 2207 743 Ann.
2229 712 2298 744 urb.

59 742 66 746 ”
106 743 269 790 lentius
305 746 353 791 ὃς
385 745 627 792 animofius
665 751 706 783 33
733 745 951 792 Claudiae
973 746 1165 794 Vestalis
1205 747 1393 811 virginis
1428 746 1613 795 fabium.
1658 747 1792 808 Qae
1826 766 1933 796 cum
1959 757 2003 789 34
2028 768 2101 814 pa·
2125 758 2190 785 ⁶10·
2217 757 2288 786 Cic-

2122 803 2178 834 pro
2201 799 2248 827 M.

103 833 219 867 trem
255 819 381 868 suum
418 824 776 886 triumphantem
811 823 836 869 ἐ
872 838 1009 870 curru
1059 831 1099 861 3⁵
1146 824 1346 872 violenta
1379 825 1552 871 tribuni
1588 824 1732 888 plebis
1778 827 1821 862 3⁶
1856 844 1991 874 manu
2026 828 2100 874 de·
2121 837 2321 874 cae110.15.·

104 900 221 945 trahi
265 901 677 961 animadvertifl‘et‚
731 902 844 948 mira
890 901 1119 948 celeritate
1164 902 1365 965 utrisque
1399 901 1440 947 se
1476 903 1810 966 interponendo
1830 939 1844 964 ‚
1892 907 2101 970 amplissi-

101 996 219 1025 mam
268 980 534 1043 potestatem
580 981 832 1027 inimicitiis
877 980 1106 1028 accensam
1141 981 1334 1046 depulit.
1403 982 1556 1045 Igitur
1588 981 1781 1030 alterum
1816 986 2104 1051 triumphum

101 1073 226 1122 pater
270 1063 318 1106 in
360 1062 645 1126 Capitolium
677 1096 693 1121 ‚
739 1062 931 1116 alterum
977 1062 1069 1109 filia
1109 1064 1156 1111 in
1188 1063 1342 1110 aedem
1378 1063 1541 1110 Vestae
1575 1063 1722 1111 duxit.
1792 1066 1902 1114 Nec
1937 1068 2098 1116 discer-

98 1141 144 1186 ni
188 1142 374 1204 potuit,
418 1144 510 1190 utri
545 1143 644 1207 plus
678 1142 818 1189 laudis
862 1143 1162 1202 tribueretur3
1202 1152 1243 1182 3⁷
1281 1145 1356 1191 cui
1389 1143 1604 1204 victoria,
1639 1162 1693 1192 an
1730 1147 1805 1192 cui
1840 1148 1979 1210 pietas
2014 1166 2094 1196 co-

101 1240 193 1270 mes
228 1223 391 1271 aderat.

168 1306 396 1370 Ignoscite
432 1307 473 1344 38
507 1306 787 1355 vetustiflimi
832 1307 963 1368 foci,
1005 1310 1276 1373 veniamque
1318 1309 1486 1357 aeterni
1530 1308 1632 1356 date
1678 1310 1840 1373 ignes³
1890 1311 1920 1358 fi
1956 1313 1981 1359 ii
2015 1332 2091 1362 ve-

2006 1395 2095 1442 stro

103 1522 214 1551 vocat
234 1518 352 1563 referre
372 1518 484 1566 legem.
511 1526 580 1564 pro
597 1528 674 1565 quo
694 1517 802 1555 Leid.
831 1518 937 1566 prim.
962 1517 1072 1557 habet
1126 1517 1303 1557 Claudiae
1324 1520 1475 1557 fratrem
1497 1516 1610 1556 fuisse.
1663 1517 1735 1556 Sed
1753 1529 1839 1556 cum
1866 1519 1989 1558 nostro
2007 1521 2095 1562 facit

98 1563 404 1616 deserenti‚quart.
424 1570 561 1613 ferenti.
580 1568 691 1604 ceteri
708 1568 995 1617 referenti,quod
1014 1570 1072 1606 in-
1124 1570 1257 1608 Cicero
1279 1571 1317 1607 in
1340 1572 1408 1608 Or.
1434 1582 1503 1619 pro
1523 1569 1625 1607 Cael.
1652 1570 1846 1608 VORST.

98 1615 216 1653 solens
249 1618 340 1654 mihi
372 1617 528 1655 videtur.
581 1620 709 1666 Quare
739 1620 901 1669 conjicio
940 1619 1066 1668 legen·
1174 1633 1232 1670 35.
1261 1623 1421 1658 Violenta
1452 1620 1530 1657 trib.
1559 1619 1664 1669 plebis
1692 1619 1812 1670 mama]
1852 1620 1985 1669 Copes.
2016 1622 2089 1662 fine

99 1665 211 1710 dum,
240 1669 340 1718 legem
355 1672 429 1716 jam
441 1671 642 1717 perferenti,
669 1670 692 1707 i.
720 1682 752 1707 e.
781 1682 865 1708 cum
895 1671 968 1716 iam
995 1682 1066 1719 po-
1109 1671 1161 1719 pl.
1190 1671 1366 1715 &re&e,
1394 1671 1512 1719 potest
1538 1671 1639 1708 enirn
1666 1670 1745 1708 satis
1763 1670 1926 1719 intelligi.
1952 1672 2088 1711 PERI-

2120 877 2313 912 suetTibcz,

97 1716 201 1765 pulus
218 1717 340 1767 legem
356 1719 525 1767 juberet,
554 1731 640 1757 cum
665 1721 744 1768 jam
776 1722 854 1759 fere
881 1719 941 1758 lex
976 1720 1064 1759 effet

94 1767 252 1816 perlata,
281 1769 354 1807 five
376 1781 396 1806 a
418 1771 560 1818 populo
580 1779 739 1819 accepta.
790 1774 846 1810 Ut
873 1780 975 1820 pater
1008 1772 1062 1810 di—

94 1818 230 1857 stulerit
251 1821 429 1869 potestate
455 1821 515 1858 sua
543 1821 613 1865 uti,
642 1822 822 1870 quamdiu
845 1823 1059 1870 ambiguum

93 1870 383 1917 quodammodo
401 1880 478 1909 erat
491 1899 501 1915 ,
514 1884 590 1921 quo
609 1873 738 1921 populi
756 1873 923 1922 suffragia
944 1871 1059 1912 effent

92 1919 308 1960 inclinatura
334 1950 343 1966 ‚
373 1933 458 1959 cum
480 1934 573 1960 vero
595 1925 760 1971 apparuit
779 1924 853 1961 fine
872 1923 984 1961 dubio
1007 1925 1059 1962 le-

93 1979 179 2017 gem
200 1971 300 2009 illam
320 1972 516 2020 probatum
534 1973 601 2017 iri,
622 1981 703 2011 tum
730 1974 848 2013 statim
880 1975 957 2012 filio
978 1987 1058 2013 ma-

89 2030 183 2057 num
214 2021 404 2070 injecerit,
432 2022 477 2060 de
495 2023 715 2074 temploque
744 2037 831 2062 euin
853 2024 1056 2063 deduxerit.

89 2069 170 2107 Cic.
196 2083 263 2119 pro
285 2073 429 2119 Domo.
451 2084 482 2110 C.
513 2076 616 2121 10.fi
642 2089 747 2125 quae,
775 2086 844 2111 tum
866 2078 1058 2124 promulga-

78 2123 129 2169 sti
151 2149 160 2165 ,
197 2124 386 2171 constituisti
410 2151 421 2168 ‚
452 2125 629 2172 promtfisti
652 2154 662 2170 ,
695 2123 893 2172 vendidisti,
914 2128 1058 2174 perferre

79 2173 248 2221 potuisses.
310 2173 380 2210 Sed
422 2175 481 2211 cui
518 2174 664 2222 ignotus
681 2177 742 2213 hic
764 2177 842 2214 usus
863 2175 963 2213 verbi
977 2186 1054 2225 per-

80 2224 188 2269 ferre?
203 2236 316 2273 quare
340 2223 510 2272 exempla
530 2225 678 2262 omitto.
706 2226 779 2263 Pro
798 2226 953 2273 framis,
983 2227 1051 2266 Bit.

85 2275 194 2321 prim.
200 2278 329 2322 stratus
355 2275 513 2312 exhibet.
535 2275 643 2312 Leid.
656 2277 772 2324 quint.
793 2286 912 2326 prmtm
932 2291 1051 2315 numen

86 2325 124 2362 δε
144 2325 232 2373 sept.
264 2341 382 2362 mamm
412 2337 565 2375 quoque
596 2326 742 2363 exhibet
766 2328 905 2365 recenti
924 2339 1049 2367 manu.

135 2386 192 2423 32.
220 2379 401 2414 Valentius
422 2386 468 2413 ω’
489 2375 683 2426 animosius]
713 2376 844 2427 Ultraj.
870 2379 976 2427 prim.
1004 2382 1049 2417 Et

83 2427 252 2462 valentius
284 2435 328 2462 (φ’
350 2428 540 2475 animosius.

135 2488 194 2525 33.
222 2476 401 2528 Claudiae]
440 2480 547 2516 Haec
577 2477 636 2515 illa
662 2479 733 2526 ipsa
763 2478 833 2522 est,
869 2478 915 2516 de
947 2481 1047 2530 cujus

82 2527 256 2574 pudicitia
276 2528 358 2567 alibi
376 2529 543 2567 Valerius
563 2529 745 2567 &Plinius
763 2529 856 2567 libro
876 2542 946 2568 vn.
967 2543 1043 2580 cap.

83 2589 142 2626 35.
165 2578 387 2626 Augustinus
403 2580 497 2618 libro
521 2593 553 2617 x.
583 2580 700 2628 capite
724 2580 778 2618 16.
805 2581 866 2618 De
879 2582 1040 2620 Civitate

80 2627 166 2665 Dei.
205 2630 397 2668 COLER.
444 2632 505 2668 De
545 2630 698 2668 Claudia
730 2630 814 2669 vide
835 2632 1038 2678 Colerum,

78 2690 193 2727 quem
212 2688 304 2728 puto
325 2693 453 2718 errare.
486 2681 598 2719 credo
620 2680 818 2720 Claudium
846 2680 915 2719 effe
935 2695 1037 2729 eum,

79 2731 143 2777 qui
163 2730 209 2767 de
239 2731 373 2768 Salaffis
392 2733 582 2779 triumpho
610 2740 745 2779 negato
760 2761 770 2777 ‚
797 2734 864 2772 suis
888 2734 1038 2784 sumpti-

77 2778 141 2817 bus
160 2781 411 2830 triumphavit.
437 2782 680 2820 PERIZON.

126 2843 183 2879 34.
210 2833 345 2869 Patrem
365 2833 481 2883 ficum]
513 2834 708 2871 Suetonius
740 2834 858 2873 scribit
886 2836 1033 2876 fratrem

74 2879 179 2918 fuiffe
194 2910 203 2925 ,
230 2883 290 2920 scd
311 2896 395 2921 cum
419 2884 571 2921 Valerio
597 2885 731 2922 Cicero
753 2898 904 2936 quoquc
931 2889 1036 2927 sentit

68 2941 139 2980 pro
166 2933 307 2971 Caelio.
336 2935 531 2973 COLER.
568 2937 661 2984 Quae
687 2951 757 2972 cnm
784 2947 913 2987 patrem
937 2942 1036 2987 fimm

71 2983 337 3035 triumphantem.
382 2986 579 3027 Suetonius
624 2988 662 3027 in
697 2987 853 3028 Tiberio
889 2990 1006 3032 scribit
1023 3019 1035 3040 ,

1115 1721 1240 1758 ΖΟΝ.
1265 1721 1370 1759 Idem
1402 1720 1626 1758 confirmant
1649 1721 1755 1758 MSS.
1787 1721 1965 1759 tredecim
1999 1736 2085 1764 cum

1115 1771 1184 1809 Ed.
1212 1773 1319 1821 Nlog.
1358 1772 1466 1810 Leid.
1504 1772 1621 1822 quint.
1655 1773 1817 1809 ‘violentia
1845 1773 1980 1813 tribuni.
2019 1776 2088 1813 Ul-

1113 1823 1193 1872 traj.
1220 1823 1329 1872 prim.
1366 1827 1393 1859 E
1411 1837 1506 1860 curru
1527 1823 1722 1872 triumphali
1740 1825 1901 1861 violenta.

1168 1874 1227 1922 36.
1253 1878 1371 1911 Manu
1388 1873 1519 1911 detrahi
1536 1873 1835 1924 animadvertiffivt]
1866 1874 1971 1912 MSS.
2001 1877 2083 1915 No-

1113 1935 1201 1962 vem
1224 1929 1340 1962 Manu
1356 1925 1445 1962 trahi
1467 1924 1762 1973 animadvertiffbt.
1791 1927 1827 1963 ἂ
1848 1925 1894 1962 fic
1915 1926 2020 1975 blog.
2033 1928 2082 1966 E-

1112 1974 1216 2012 ditio.
1244 1976 1376 2025 Ultraj.
1403 1977 1512 2025 prim.
1540 1975 1636 2014 delet
1663 1975 1806 2013 detrahi.
1834 1976 1980 2013 Deinde
2012 1979 2080 2014 Ul-

1108 2026 1188 2075 traj.
1222 2028 1356 2077 utrique
1385 2030 1425 2075 se
1463 2026 1704 2076 interponendo.
1732 2027 1848 2064 Periz.
1882 2028 2081 2076 imponendo.

1110 2075 1215 2115 Med.
1248 2079 1356 2126 prim.
1392 2079 1430 2116 &
1469 2078 1584 2116 Periz.
1612 2081 1654 2115 In
1681 2076 1792 2114 aedem
1823 2082 1943 2127 Vestae
1981 2079 2078 2117 indu-

1106 2137 1172 2165 xtt.

1160 2190 1218 2227 37.
1245 2180 1308 2215 Cui
1331 2180 1497 2225 vifloria,
1531 2194 1575 2216 an
1598 2182 1650 2217 cui
1671 2181 1782 2230 pietas
1811 2193 1910 2215 comes
1938 2181 2073 2231 aderat]

1102 2225 1250 2275 Pighius
1283 2229 1417 2278 adjecit
1440 2231 1596 2267 alterum
1622 2245 1691 2274 an,
1715 2229 1922 2279 scripsitque
1949 2246 1993 2267 an
2021 2236 2074 2269 cuz?

1102 2279 1269 2315 mitior-ia:
1298 2291 1460 2329 eumque
1484 2280 1638 2317 Colerus
1659 2282 1697 2318 δε
1717 2279 1877 2328 Thyfius
1908 2281 1988 2320 sunt
2019 2284 2073 2320 se-

1100 2330 1185 2366 cuti.
1239 2330 1385 2368 Verum
1419 2331 1561 2380 antiqui
1590 2332 1686 2379 typis
1717 2331 1868 2379 expreffi
1897 2343 1978 2370 eam
2004 2346 2072 2370 vo-

1101 2379 1222 2417 culam
1245 2392 1322 2418 non
1341 2381 1488 2420 habent.
1538 2382 1588 2419 Et
1607 2382 1701 2419 abest
1718 2383 1809 2419 item
1840 2382 1884 2419 ab
1906 2392 2065 2432 utroque

1101 2430 1184 2467 cod.
1212 2431 1344 2469 Brand.
1398 2433 1533 2481 Neque
1550 2432 1631 2469 usus
1653 2432 1740 2470 illud
1763 2434 1854 2477 fert,
1885 2441 1926 2470 ut
1943 2448 1986 2469 an
2002 2445 2066 2480 gc-

1099 2481 1291 2526 minetur3
1325 2482 1387 2519 sed
1414 2482 1504 2520 solet
1533 2494 1644 2520 utrum
1673 2483 1894 2521 antecedere
1915 2511 1926 2527 ,
1964 2485 2061 2519 &an

1098 2531 1233 2579 deinde
1266 2533 1378 2583 sequi.
1407 2534 1541 2571 Cicero
1577 2534 1638 2571 lib.
1670 2548 1700 2573 1.
1738 2547 1794 2583 ep.
1824 2547 1854 2579 7.
1907 2534 2058 2568 Multum

1095 2584 1226 2632 interest
1239 2611 1249 2627 ‚
1274 2595 1386 2621 utrum
1408 2586 1482 2621 ῖιτω
1503 2586 1674 2622 minuatur
1687 2613 1698 2630 ‚
1715 2600 1760 2621 an
1772 2587 1866 2631 salus
1884 2581 2060 2637 desc-ratur.

1089 2633 1204 2683 Saepe
1224 2642 1346 2673 tamen
1369 2647 1479 2673 utrum
1497 2636 1702 2679 omittitur,
1716 2637 1753 2672 &
1773 2640 1920 2686 apparet
1938 2633 2054 2670 lolum

1090 2699 1158 2729 an;
1189 2694 1228 2723 ut
1255 2686 1449 2724 hocloco.
1502 2686 1601 2723 Vide
1626 2687 1663 2723 ὃς
1686 2692 1793 2732 caput
1817 2684 1870 2720 18.
1899 2681 1977 2719 libri
2009 2683 2055 2720 de

1090 2736 1244 2774 Latinit.
1274 2746 1362 2775 met.
1390 2738 1476 2786 susp.
1509 2745 1729 2774 extremum.
1756 2731 1948 2769 VORST.
1976 2733 2056 2771 Ab-

1089 2787 1139 2825 est
1167 2788 1279 2825 etiam
1318 2800 1337 2825 a
1367 2787 1587 2837 Copefiano.
1625 2786 1706 2822 Liv.
1742 2784 1786 2819 L.
1811 2795 1854 2819 11.
1890 2795 1951 2828 40.
1982 2784 2057 2825 ,Ad

1086 2837 1227 2886 bostem,
1263 2854 1308 2875 cm
1343 2838 1510 2885 adfiltum
1531 2838 1684 2875 venerim.
1706 2833 1950 2871 PERIZON.
1970 2835 2052 2890 Nec

1086 2891 1273 2927 invenitur
1296 2891 1334 2927 in
1356 2890 1431 2927 ullo
1463 2889 1667 2926 nosstorum
1689 2884 1896 2922 MStorum.
1952 2885 2050 2922 Vide

1089 2941 1234 2978 Cellarii
1252 2940 1367 2979 Curas
1387 2941 1596 2988 posteriores
1615 2950 1649 2986 p.
1681 2935 1762 2992 161⁴.
1786 2984 1792 2991 ⁴
2028 2984 2033 2989 ἢ

1140 2992 1200 3043 38.
1235 2992 1452 3043 Vetusttffimtt
1477 2992 1544 3038 foci
1573 3016 1584 3035 ,
1620 2997 1752 3077 gtgrga
1779 2984 1888 3035 lgnes]
1937 2983 2058 3071 Angs
