<?xml version="1.0" encoding="UTF-8"?>
<!DOCTYPE html PUBLIC "-//W3C//DTD XHTML 1.0 Transitional//EN"
    "http://www.w3.org/TR/xhtml1/DTD/xhtml1-transitional.dtd">
<html xmlns="http://www.w3.org/1999/xhtml" xml:lang="en" lang="en">
 <head>
  <title>
</title>
<meta http-equiv="Content-Type" content="text/html;charset=utf-8" />
  <meta name='ocr-system' content='tesseract 3.04.00' />
  <meta name='ocr-capabilities' content='ocr_page ocr_carea ocr_par ocr_line ocrx_word'/>
</head>
<body>
  <div class='ocr_page' id='page_1' title='image "./librinovemfactor00valeuoft_0865.png"; bbox 0 0 2516 3509; ppageno 0'>
   <div class='ocr_carea' id='block_1_1' title="bbox 455 117 2107 190">
    <p class='ocr_par' dir='ltr' id='par_1_1' title="bbox 455 117 2107 190">
     <span class='ocr_line' id='line_1_1' title="bbox 455 117 2107 190; baseline 0.009 -18"><span class='ocrx_word' id='word_1_1' title='bbox 455 117 1805 184; x_wconf 74' lang='lat' dir='ltr'><strong>DECRUDELITATE.</strong></span> <span class='ocrx_word' id='word_1_2' title='bbox 2003 134 2107 190; x_wconf 82' lang='lat'><strong>811</strong></span> 
     </span>
    </p>
   </div>
   <div class='ocr_carea' id='block_1_2' title="bbox 124 215 2320 292">
    <p class='ocr_par' dir='ltr' id='par_1_2' title="bbox 124 215 2320 292">
     <span class='ocr_line' id='line_1_2' title="bbox 124 215 2320 292; baseline 0.005 -23"><span class='ocrx_word' id='word_1_3' title='bbox 124 220 333 270; x_wconf 86' lang='lat' dir='ltr'><strong>vivorum</strong></span> <span class='ocrx_word' id='word_1_4' title='bbox 369 232 563 280; x_wconf 89' lang='lat' dir='ltr'><strong>corpora</strong></span> <span class='ocrx_word' id='word_1_5' title='bbox 597 215 885 266; x_wconf 85' lang='lat' dir='ltr'><strong>cadaveribus</strong></span> <span class='ocrx_word' id='word_1_6' title='bbox 918 220 1097 268; x_wconf 82' lang='lat' dir='ltr'><strong>adversa</strong></span> <span class='ocrx_word' id='word_1_7' title='bbox 1126 220 1315 269; x_wconf 79' lang='lat' dir='ltr'><strong>adversis</strong></span> <span class='ocrx_word' id='word_1_8' title='bbox 1350 223 1529 287; x_wconf 83' lang='lat' dir='ltr'><strong>alligata</strong></span> <span class='ocrx_word' id='word_1_9' title='bbox 1563 239 1697 291; x_wconf 88' lang='lat' dir='ltr'><strong>atque</strong></span> <span class='ocrx_word' id='word_1_10' title='bbox 1732 229 1973 279; x_wconf 69' lang='lat' dir='ltr'><strong>constri&amp;a</strong></span> <span class='ocrx_word' id='word_1_11' title='bbox 1993 266 2008 292; x_wconf 86' lang='lat'>,</span> <span class='ocrx_word' id='word_1_12' title='bbox 2051 230 2320 279; x_wconf 48' lang='lat' dir='ltr'><strong>itaxrirgwm.</strong></span> 
     </span>
    </p>
   </div>
   <div class='ocr_carea' id='block_1_3' title="bbox 122 292 2116 1138">
    <p class='ocr_par' dir='ltr' id='par_1_3' title="bbox 125 292 2113 440">
     <span class='ocr_line' id='line_1_3' title="bbox 125 292 2113 365; baseline 0.008 -24"><span class='ocrx_word' id='word_1_13' title='bbox 125 310 178 344; x_wconf 85' lang='lat' dir='ltr'><strong>ut</strong></span> <span class='ocrx_word' id='word_1_14' title='bbox 215 293 412 359; x_wconf 85' lang='lat' dir='ltr'><strong>fingulae</strong></span> <span class='ocrx_word' id='word_1_15' title='bbox 446 292 758 340; x_wconf 88' lang='lat' dir='ltr'><strong>membrorum</strong></span> <span class='ocrx_word' id='word_1_16' title='bbox 794 309 939 358; x_wconf 87' lang='lat' dir='ltr'><strong>partes</strong></span> <span class='ocrx_word' id='word_1_17' title='bbox 975 296 1159 362; x_wconf 84' lang='lat' dir='ltr'><strong>singulis</strong></span> <span class='ocrx_word' id='word_1_18' title='bbox 1192 297 1330 345; x_wconf 83' lang='lat' dir='ltr'><strong>effent</strong></span> <span class='ocrx_word' id='word_1_19' title='bbox 1362 304 1759 365; x_wconf 78' lang='lat' dir='ltr'>accommodatae,</span> <span class='ocrx_word' id='word_1_20' title='bbox 1807 307 2027 356; x_wconf 83' lang='lat' dir='ltr'><strong>tabescere</strong></span> <span class='ocrx_word' id='word_1_21' title='bbox 2061 309 2113 357; x_wconf 86' lang='lat' dir='ltr'><strong>si-</strong></span> 
     </span>
     <span class='ocr_line' id='line_1_4' title="bbox 125 375 1778 440; baseline 0.001 -15"><span class='ocrx_word' id='word_1_22' title='bbox 125 377 222 425; x_wconf 90' lang='lat' dir='ltr'><strong>mul</strong></span> <span class='ocrx_word' id='word_1_23' title='bbox 255 375 566 439; x_wconf 82' lang='lat' dir='ltr'><strong>patiebantur:</strong></span> <span class='ocrx_word' id='word_1_24' title='bbox 603 375 740 420; x_wconf 84' lang='lat' dir='ltr'><strong>amari</strong></span> <span class='ocrx_word' id='word_1_25' title='bbox 776 376 895 422; x_wconf 86' lang='lat' dir='ltr'><strong>vitae</strong></span> <span class='ocrx_word' id='word_1_26' title='bbox 929 378 1096 440; x_wconf 81' lang='lat' dir='ltr'><strong>pariter</strong></span> <span class='ocrx_word' id='word_1_27' title='bbox 1126 393 1177 424; x_wconf 86' lang='lat' dir='ltr'><strong>ac</strong></span> <span class='ocrx_word' id='word_1_28' title='bbox 1211 378 1372 424; x_wconf 85' lang='lat' dir='ltr'><strong>mortis</strong></span> <span class='ocrx_word' id='word_1_29' title='bbox 1408 392 1647 436; x_wconf 53' lang='lat' dir='ltr'><strong>tortores„</strong></span> <span class='ocrx_word' id='word_1_30' title='bbox 1775 432 1778 433; x_wconf 16' lang='lat'><em>⁷</em></span> 
     </span>
    </p>

    <p class='ocr_par' dir='ltr' id='par_1_4' title="bbox 122 452 2116 1138">
     <span class='ocr_line' id='line_1_5' title="bbox 193 452 2110 521; baseline 0.002 -21"><span class='ocrx_word' id='word_1_31' title='bbox 193 454 325 500; x_wconf 84' lang='lat' dir='ltr'>Sicut</span> <span class='ocrx_word' id='word_1_32' title='bbox 358 453 422 499; x_wconf 92' lang='lat' dir='ltr'><strong>illi</strong></span> <span class='ocrx_word' id='word_1_33' title='bbox 457 452 681 511; x_wconf 86' lang='lat' dir='ltr'><strong>Barbari,</strong></span> <span class='ocrx_word' id='word_1_34' title='bbox 727 467 841 514; x_wconf 91' lang='lat' dir='ltr'><strong>quos</strong></span> <span class='ocrx_word' id='word_1_35' title='bbox 876 452 1029 500; x_wconf 86' lang='lat' dir='ltr'><strong>ferunt</strong></span> <span class='ocrx_word' id='word_1_36' title='bbox 1063 453 1355 501; x_wconf 68' lang='lat' dir='ltr'><strong>mactatarum</strong></span> <span class='ocrx_word' id='word_1_37' title='bbox 1401 455 1630 518; x_wconf 89' lang='lat' dir='ltr'><strong>pecudum</strong></span> <span class='ocrx_word' id='word_1_38' title='bbox 1666 459 1882 508; x_wconf 84' lang='lat' dir='ltr'><strong>intestinis</strong></span> <span class='ocrx_word' id='word_1_39' title='bbox 1906 496 1921 521; x_wconf 81' lang='grc'>,</span> <span class='ocrx_word' id='word_1_40' title='bbox 1964 465 2009 511; x_wconf 85' lang='lat'>&amp;</span> <span class='ocrx_word' id='word_1_41' title='bbox 2044 468 2110 512; x_wconf 71' lang='lat' dir='ltr'><strong>vi.</strong></span> 
     </span>
     <span class='ocr_line' id='line_1_6' title="bbox 123 533 2113 599; baseline 0.004 -19"><span class='ocrx_word' id='word_1_42' title='bbox 123 533 317 581; x_wconf 81' lang='lat' dir='ltr'><strong>secribus</strong></span> <span class='ocrx_word' id='word_1_43' title='bbox 349 535 538 599; x_wconf 83' lang='lat' dir='ltr'><strong>egestis,</strong></span> <span class='ocrx_word' id='word_1_44' title='bbox 573 533 778 582; x_wconf 88' lang='lat' dir='ltr'><strong>homines</strong></span> <span class='ocrx_word' id='word_1_45' title='bbox 813 535 1031 596; x_wconf 75' lang='lat' dir='ltr'><strong>inserere,</strong></span> <span class='ocrx_word' id='word_1_46' title='bbox 1064 537 1126 583; x_wconf 90' lang='lat' dir='ltr'><strong>ita</strong></span> <span class='ocrx_word' id='word_1_47' title='bbox 1161 548 1212 582; x_wconf 88' lang='lat' dir='ltr'><strong>ut</strong></span> <span class='ocrx_word' id='word_1_48' title='bbox 1249 536 1473 599; x_wconf 86' lang='lat' dir='ltr'><strong>capitibus</strong></span> <span class='ocrx_word' id='word_1_49' title='bbox 1507 537 1829 584; x_wconf 86' lang='lat' dir='ltr'><strong>tantummodo</strong></span> <span class='ocrx_word' id='word_1_50' title='bbox 1860 541 2113 599; x_wconf 85' lang='lat' dir='ltr'><strong>emineant,</strong></span> 
     </span>
     <span class='ocr_line' id='line_1_7' title="bbox 122 611 2115 681; baseline 0.007 -27"><span class='ocrx_word' id='word_1_51' title='bbox 122 617 165 652; x_wconf 87' lang='lat'><strong>9¹</strong></span> <span class='ocrx_word' id='word_1_52' title='bbox 214 627 397 675; x_wconf 85' lang='lat' dir='ltr'><strong>quoque</strong></span> <span class='ocrx_word' id='word_1_53' title='bbox 444 611 614 658; x_wconf 87' lang='lat' dir='ltr'><strong>diutius</strong></span> <span class='ocrx_word' id='word_1_54' title='bbox 651 629 822 676; x_wconf 86' lang='lat' dir='ltr'><strong>poenae</strong></span> <span class='ocrx_word' id='word_1_55' title='bbox 864 613 1123 674; x_wconf 83' lang='lat' dir='ltr'><strong>sufficiant,</strong></span> <span class='ocrx_word' id='word_1_56' title='bbox 1170 613 1276 661; x_wconf 89' lang='lat' dir='ltr'><strong>cibo</strong></span> <span class='ocrx_word' id='word_1_57' title='bbox 1321 613 1370 660; x_wconf 66' lang='grc' dir='ltr'><strong>δε</strong></span> <span class='ocrx_word' id='word_1_58' title='bbox 1404 615 1593 679; x_wconf 85' lang='lat' dir='ltr'><strong>potione</strong></span> <span class='ocrx_word' id='word_1_59' title='bbox 1638 616 1864 664; x_wconf 81' lang='lat' dir='ltr'><strong>infelicem</strong></span> <span class='ocrx_word' id='word_1_60' title='bbox 1910 617 2115 681; x_wconf 86' lang='lat' dir='ltr'><strong>spiritum</strong></span> 
     </span>
     <span class='ocr_line' id='line_1_8' title="bbox 123 692 2116 764; baseline 0.007 -27"><span class='ocrx_word' id='word_1_61' title='bbox 123 707 394 755; x_wconf 79' lang='lat' dir='ltr'><strong>prorogare:</strong></span> <span class='ocrx_word' id='word_1_62' title='bbox 431 699 475 729; x_wconf 85' lang='lat'><strong>9²</strong></span> <span class='ocrx_word' id='word_1_63' title='bbox 512 692 657 740; x_wconf 89' lang='lat' dir='ltr'><strong>donec</strong></span> <span class='ocrx_word' id='word_1_64' title='bbox 693 694 812 741; x_wconf 86' lang='lat' dir='ltr'><strong>intus</strong></span> <span class='ocrx_word' id='word_1_65' title='bbox 848 695 1118 756; x_wconf 60' lang='lat' dir='ltr'><strong>putrefacff‘ci,</strong></span> <span class='ocrx_word' id='word_1_66' title='bbox 1154 693 1337 741; x_wconf 84' lang='lat' dir='ltr'><strong>laniatui</strong></span> <span class='ocrx_word' id='word_1_67' title='bbox 1374 694 1459 742; x_wconf 80' lang='lat' dir='ltr'><strong>sint</strong></span> <span class='ocrx_word' id='word_1_68' title='bbox 1494 697 1788 758; x_wconf 75' lang='lat' dir='ltr'><strong>animalibus,</strong></span> <span class='ocrx_word' id='word_1_69' title='bbox 1822 707 1867 737; x_wconf 82' lang='lat'><strong>93</strong></span> <span class='ocrx_word' id='word_1_70' title='bbox 1905 717 2017 764; x_wconf 83' lang='lat' dir='ltr'><strong>quae</strong></span> <span class='ocrx_word' id='word_1_71' title='bbox 2049 718 2116 752; x_wconf 84' lang='lat' dir='ltr'><strong>ta-</strong></span> 
     </span>
     <span class='ocr_line' id='line_1_9' title="bbox 125 766 2114 845; baseline 0.009 -34"><span class='ocrx_word' id='word_1_72' title='bbox 125 766 240 814; x_wconf 83' lang='lat' dir='ltr'><strong>bidis</strong></span> <span class='ocrx_word' id='word_1_73' title='bbox 277 771 320 816; x_wconf 88' lang='lat' dir='ltr'><strong>in</strong></span> <span class='ocrx_word' id='word_1_74' title='bbox 355 771 625 833; x_wconf 83' lang='lat' dir='ltr'><strong>corporibus</strong></span> <span class='ocrx_word' id='word_1_75' title='bbox 659 771 775 818; x_wconf 82' lang='lat' dir='ltr'><strong>nasci</strong></span> <span class='ocrx_word' id='word_1_76' title='bbox 810 771 965 819; x_wconf 83' lang='lat' dir='ltr'><strong>solent.</strong></span> <span class='ocrx_word' id='word_1_77' title='bbox 1033 771 1293 831; x_wconf 81' lang='lat' dir='ltr'><strong>Qeramur</strong></span> <span class='ocrx_word' id='word_1_78' title='bbox 1316 787 1439 818; x_wconf 87' lang='lat' dir='ltr'><strong>nunc</strong></span> <span class='ocrx_word' id='word_1_79' title='bbox 1463 787 1568 817; x_wconf 91' lang='lat' dir='ltr'><strong>cum</strong></span> <span class='ocrx_word' id='word_1_80' title='bbox 1592 785 1749 819; x_wconf 83' lang='lat' dir='ltr'><strong>natura</strong></span> <span class='ocrx_word' id='word_1_81' title='bbox 1781 791 1954 839; x_wconf 81' lang='lat' dir='ltr'><strong>rerum,</strong></span> <span class='ocrx_word' id='word_1_82' title='bbox 1991 783 2114 845; x_wconf 91' lang='lat' dir='ltr'><strong>quod</strong></span> 
     </span>
     <span class='ocr_line' id='line_1_10' title="bbox 128 843 2112 908; baseline 0.009 -20"><span class='ocrx_word' id='word_1_83' title='bbox 128 858 210 889; x_wconf 90' lang='lat' dir='ltr'><strong>nos</strong></span> <span class='ocrx_word' id='word_1_84' title='bbox 244 844 398 890; x_wconf 86' lang='lat' dir='ltr'><strong>multis</strong></span> <span class='ocrx_word' id='word_1_85' title='bbox 433 844 481 890; x_wconf 60' lang='grc' dir='ltr'><strong>ὃς</strong></span> <span class='ocrx_word' id='word_1_86' title='bbox 515 843 673 908; x_wconf 87' lang='lat' dir='ltr'><strong>asperis</strong></span> <span class='ocrx_word' id='word_1_87' title='bbox 707 845 908 892; x_wconf 87' lang='lat' dir='ltr'><strong>adversae</strong></span> <span class='ocrx_word' id='word_1_88' title='bbox 941 845 1206 893; x_wconf 86' lang='lat' dir='ltr'><strong>valetudinis</strong></span> <span class='ocrx_word' id='word_1_89' title='bbox 1242 844 1547 892; x_wconf 84' lang='lat' dir='ltr'><strong>incommodis</strong></span> <span class='ocrx_word' id='word_1_90' title='bbox 1579 844 1804 896; x_wconf 75' lang='lat' dir='ltr'><strong>obnoxios</strong></span> <span class='ocrx_word' id='word_1_91' title='bbox 1839 853 1922 900; x_wconf 84' lang='lat' dir='ltr'><strong>effe</strong></span> <span class='ocrx_word' id='word_1_92' title='bbox 1956 859 2112 904; x_wconf 83' lang='lat' dir='ltr'><strong>volue-</strong></span> 
     </span>
     <span class='ocr_line' id='line_1_11' title="bbox 127 916 2111 992; baseline 0.01 -29"><span class='ocrx_word' id='word_1_93' title='bbox 127 920 220 966; x_wconf 86' lang='lat' dir='ltr'><strong>rit:</strong></span> <span class='ocrx_word' id='word_1_94' title='bbox 276 922 578 988; x_wconf 81' lang='lat' dir='ltr'><strong>habitumque</strong></span> <span class='ocrx_word' id='word_1_95' title='bbox 622 924 825 971; x_wconf 87' lang='lat' dir='ltr'><strong>coelestis</strong></span> <span class='ocrx_word' id='word_1_96' title='bbox 866 925 1041 972; x_wconf 85' lang='lat' dir='ltr'><strong>roboris</strong></span> <span class='ocrx_word' id='word_1_97' title='bbox 1074 927 1296 973; x_wconf 79' lang='lat' dir='ltr'><strong>humanae</strong></span> <span class='ocrx_word' id='word_1_98' title='bbox 1330 916 1586 973; x_wconf 81' lang='lat' dir='ltr'><strong>c⁰onditioni</strong></span> <span class='ocrx_word' id='word_1_99' title='bbox 1619 926 1891 992; x_wconf 86' lang='lat' dir='ltr'><strong>denegatum</strong></span> <span class='ocrx_word' id='word_1_100' title='bbox 1927 936 2111 983; x_wconf 86' lang='lat' dir='ltr'><strong>moleste</strong></span> 
     </span>
     <span class='ocr_line' id='line_1_12' title="bbox 124 996 2110 1066; baseline 0.008 -23"><span class='ocrx_word' id='word_1_101' title='bbox 124 996 316 1044; x_wconf 82' lang='lat' dir='ltr'><strong>feramus</strong></span> <span class='ocrx_word' id='word_1_102' title='bbox 343 1020 358 1054; x_wconf 78' lang='lat'>3</span> <span class='ocrx_word' id='word_1_103' title='bbox 403 1015 510 1046; x_wconf 90' lang='lat' dir='ltr'><strong>cum</strong></span> <span class='ocrx_word' id='word_1_104' title='bbox 547 1012 619 1047; x_wconf 90' lang='lat' dir='ltr'><strong>tot</strong></span> <span class='ocrx_word' id='word_1_105' title='bbox 654 1001 879 1047; x_wconf 87' lang='lat' dir='ltr'><strong>cruciatus</strong></span> <span class='ocrx_word' id='word_1_106' title='bbox 916 1000 1185 1065; x_wconf 77' lang='lat' dir='ltr'><strong>sibimetipsa</strong></span> <span class='ocrx_word' id='word_1_107' title='bbox 1217 1003 1464 1050; x_wconf 72' lang='lat' dir='ltr'><strong>mortalitas</strong></span> <span class='ocrx_word' id='word_1_108' title='bbox 1498 1003 1692 1066; x_wconf 89' lang='lat' dir='ltr'><strong>impulsu</strong></span> <span class='ocrx_word' id='word_1_109' title='bbox 1727 1006 1999 1056; x_wconf 87' lang='lat' dir='ltr'><strong>crudelitatis</strong></span> <span class='ocrx_word' id='word_1_110' title='bbox 2034 1026 2110 1059; x_wconf 74' lang='lat' dir='ltr'><strong>ex-</strong></span> 
     </span>
     <span class='ocr_line' id='line_1_13' title="bbox 125 1075 415 1138; baseline -0.003 -18"><span class='ocrx_word' id='word_1_111' title='bbox 125 1075 415 1138; x_wconf 84' lang='lat' dir='ltr'><strong>cogitaverit.</strong></span> 
     </span>
    </p>
   </div>
   <div class='ocr_carea' id='block_1_4' title="bbox 58 1203 2110 1763">
    <p class='ocr_par' dir='ltr' id='par_1_5' title="bbox 58 1203 2110 1408">
     <span class='ocr_line' id='line_1_14' title="bbox 128 1203 2110 1258; baseline 0.006 -17"><span class='ocrx_word' id='word_1_112' title='bbox 128 1203 313 1242; x_wconf 83' lang='lat' dir='ltr'><strong>exhibent.</strong></span> <span class='ocrx_word' id='word_1_113' title='bbox 330 1203 400 1242; x_wconf 86' lang='lat' dir='ltr'><strong>Sed</strong></span> <span class='ocrx_word' id='word_1_114' title='bbox 421 1205 580 1242; x_wconf 86' lang='lat' dir='ltr'><strong>omnino</strong></span> <span class='ocrx_word' id='word_1_115' title='bbox 601 1204 698 1242; x_wconf 51' lang='lat' dir='ltr'><strong>redte</strong></span> <span class='ocrx_word' id='word_1_116' title='bbox 720 1204 867 1252; x_wconf 81' lang='lat' dir='ltr'><strong>Pighius</strong></span> <span class='ocrx_word' id='word_1_117' title='bbox 888 1206 1104 1244; x_wconf 83' lang='lat' dir='ltr'><strong>emendavit</strong></span> <span class='ocrx_word' id='word_1_118' title='bbox 1153 1207 1314 1244; x_wconf 79' lang='lat' dir='ltr'><strong>Saniatui</strong></span> <span class='ocrx_word' id='word_1_119' title='bbox 1337 1207 1407 1253; x_wconf 75' lang='lat' dir='ltr'><strong>sint</strong></span> <span class='ocrx_word' id='word_1_120' title='bbox 1433 1207 1649 1246; x_wconf 78' lang='lat' dir='ltr'><strong>animalibus.</strong></span> <span class='ocrx_word' id='word_1_121' title='bbox 1676 1210 1776 1258; x_wconf 84' lang='lat' dir='ltr'><strong>cujus</strong></span> <span class='ocrx_word' id='word_1_122' title='bbox 1804 1210 2003 1250; x_wconf 82' lang='lat' dir='ltr'><strong>sententiae</strong></span> <span class='ocrx_word' id='word_1_123' title='bbox 2030 1215 2110 1252; x_wconf 91' lang='lat' dir='ltr'><strong>sub-</strong></span> 
     </span>
     <span class='ocr_line' id='line_1_15' title="bbox 126 1255 2105 1306; baseline 0.008 -17"><span class='ocrx_word' id='word_1_124' title='bbox 126 1258 294 1293; x_wconf 57' lang='lat' dir='ltr'><strong>vivorum.</strong></span> <span class='ocrx_word' id='word_1_125' title='bbox 330 1255 513 1293; x_wconf 84' lang='lat' dir='ltr'><strong>Nonnulli</strong></span> <span class='ocrx_word' id='word_1_126' title='bbox 545 1258 644 1293; x_wconf 86' lang='lat' dir='ltr'><strong>hunc</strong></span> <span class='ocrx_word' id='word_1_127' title='bbox 679 1255 847 1293; x_wconf 88' lang='lat' dir='ltr'><strong>ordinem</strong></span> <span class='ocrx_word' id='word_1_128' title='bbox 876 1258 1098 1305; x_wconf 85' lang='lat' dir='ltr'><strong>praeferunt.</strong></span> <span class='ocrx_word' id='word_1_129' title='bbox 1149 1258 1303 1296; x_wconf 88' lang='lat' dir='ltr'><strong>scribere</strong></span> <span class='ocrx_word' id='word_1_130' title='bbox 1340 1270 1418 1296; x_wconf 90' lang='lat' dir='ltr'><strong>non</strong></span> <span class='ocrx_word' id='word_1_131' title='bbox 1449 1256 1607 1306; x_wconf 87' lang='lat' dir='ltr'><strong>poffum.</strong></span> <span class='ocrx_word' id='word_1_132' title='bbox 1658 1259 1751 1297; x_wconf 87' lang='lat' dir='ltr'><strong>Illud</strong></span> <span class='ocrx_word' id='word_1_133' title='bbox 1782 1262 1880 1299; x_wconf 90' lang='lat' dir='ltr'><strong>enim</strong></span> <span class='ocrx_word' id='word_1_134' title='bbox 1916 1264 2105 1304; x_wconf 73' lang='lat' dir='ltr'><strong>Valerium</strong></span> 
     </span>
     <span class='ocr_line' id='line_1_16' title="bbox 125 1304 2105 1361; baseline 0.006 -19"><span class='ocrx_word' id='word_1_135' title='bbox 125 1304 354 1343; x_wconf 64' lang='lat' dir='ltr'><strong>cadaveribus</strong></span> <span class='ocrx_word' id='word_1_136' title='bbox 383 1306 533 1352; x_wconf 65' lang='lat' dir='ltr'><strong>adversis</strong></span> <span class='ocrx_word' id='word_1_137' title='bbox 563 1306 705 1354; x_wconf 61' lang='lat' dir='ltr'><strong>adversa</strong></span> <span class='ocrx_word' id='word_1_138' title='bbox 729 1307 892 1357; x_wconf 77' lang='lat' dir='ltr'><strong>alligata.</strong></span> <span class='ocrx_word' id='word_1_139' title='bbox 1151 1308 1271 1347; x_wconf 84' lang='lat' dir='ltr'><strong>dicere</strong></span> <span class='ocrx_word' id='word_1_140' title='bbox 1293 1321 1394 1347; x_wconf 91' lang='lat' dir='ltr'><strong>reor:</strong></span> <span class='ocrx_word' id='word_1_141' title='bbox 1424 1309 1637 1357; x_wconf 87' lang='lat' dir='ltr'><strong>corporibus</strong></span> <span class='ocrx_word' id='word_1_142' title='bbox 1657 1310 1804 1347; x_wconf 83' lang='lat' dir='ltr'><strong>taurinis</strong></span> <span class='ocrx_word' id='word_1_143' title='bbox 1824 1322 2015 1361; x_wconf 82' lang='lat' dir='ltr'><strong>propterea</strong></span> <span class='ocrx_word' id='word_1_144' title='bbox 2035 1317 2105 1354; x_wconf 87' lang='lat' dir='ltr'><strong>mi-</strong></span> 
     </span>
     <span class='ocr_line' id='line_1_17' title="bbox 58 1356 2106 1408; baseline 0.005 -15"><span class='ocrx_word' id='word_1_145' title='bbox 58 1400 64 1405; x_wconf 33' lang='lat'>.</span> <span class='ocrx_word' id='word_1_146' title='bbox 172 1369 233 1404; x_wconf 87' lang='lat'><strong>91.</strong></span> <span class='ocrx_word' id='word_1_147' title='bbox 262 1361 397 1407; x_wconf 61' lang='lat' dir='ltr'><strong>Atque</strong></span> <span class='ocrx_word' id='word_1_148' title='bbox 423 1368 460 1393; x_wconf 81' lang='lat' dir='ltr'><strong>ut</strong></span> <span class='ocrx_word' id='word_1_149' title='bbox 482 1357 608 1393; x_wconf 81' lang='lat' dir='ltr'><strong>diutius</strong></span> <span class='ocrx_word' id='word_1_150' title='bbox 633 1356 772 1406; x_wconf 79' lang='lat' dir='ltr'><strong>poenae]</strong></span> <span class='ocrx_word' id='word_1_151' title='bbox 805 1358 885 1394; x_wconf 88' lang='lat' dir='ltr'><strong>MS.</strong></span> <span class='ocrx_word' id='word_1_152' title='bbox 912 1372 1041 1408; x_wconf 80' lang='lat' dir='ltr'><strong>quoque</strong></span> <span class='ocrx_word' id='word_1_153' title='bbox 1059 1369 1096 1395; x_wconf 81' lang='lat' dir='ltr'><strong>ut</strong></span> <span class='ocrx_word' id='word_1_154' title='bbox 1147 1359 1242 1398; x_wconf 83' lang='lat' dir='ltr'><strong>seros</strong></span> <span class='ocrx_word' id='word_1_155' title='bbox 1261 1360 1341 1398; x_wconf 90' lang='lat' dir='ltr'><strong>illos</strong></span> <span class='ocrx_word' id='word_1_156' title='bbox 1362 1359 1498 1397; x_wconf 89' lang='lat' dir='ltr'><strong>includi</strong></span> <span class='ocrx_word' id='word_1_157' title='bbox 1517 1359 1662 1403; x_wconf 83' lang='lat' dir='ltr'><strong>solitos,</strong></span> <span class='ocrx_word' id='word_1_158' title='bbox 1691 1369 1729 1397; x_wconf 89' lang='lat' dir='ltr'><strong>ut</strong></span> <span class='ocrx_word' id='word_1_159' title='bbox 1747 1361 1967 1401; x_wconf 82' lang='lat' dir='ltr'><strong>laniarentur</strong></span> <span class='ocrx_word' id='word_1_160' title='bbox 1986 1379 2005 1403; x_wconf 85' lang='lat' dir='ltr'><strong>a</strong></span> <span class='ocrx_word' id='word_1_161' title='bbox 2027 1378 2106 1403; x_wconf 79' lang='lat' dir='ltr'><strong>ver-</strong></span> 
     </span>
    </p>

    <p class='ocr_par' dir='ltr' id='par_1_6' title="bbox 121 1405 2109 1763">
     <span class='ocr_line' id='line_1_18' title="bbox 125 1405 2103 1461; baseline 0.006 -19"><span class='ocrx_word' id='word_1_162' title='bbox 125 1405 269 1446; x_wconf 78' lang='lat' dir='ltr'><strong>diutius.</strong></span> <span class='ocrx_word' id='word_1_163' title='bbox 308 1409 435 1456; x_wconf 87' lang='lat' dir='ltr'><strong>Lege,</strong></span> <span class='ocrx_word' id='word_1_164' title='bbox 463 1409 600 1457; x_wconf 60' lang='lat' dir='ltr'><strong>Quoque</strong></span> <span class='ocrx_word' id='word_1_165' title='bbox 618 1407 758 1445; x_wconf 74' lang='lat' dir='ltr'><strong>diutius.</strong></span> <span class='ocrx_word' id='word_1_166' title='bbox 788 1413 830 1444; x_wconf 79' lang='lat' dir='ltr'><strong>Ut</strong></span> <span class='ocrx_word' id='word_1_167' title='bbox 858 1408 1095 1457; x_wconf 79' lang='lat' dir='ltr'><strong>expositionis</strong></span> <span class='ocrx_word' id='word_1_168' title='bbox 1148 1411 1291 1455; x_wconf 88' lang='lat' dir='ltr'><strong>mibus,</strong></span> <span class='ocrx_word' id='word_1_169' title='bbox 1325 1411 1388 1461; x_wconf 86' lang='lat' dir='ltr'><strong>qui</strong></span> <span class='ocrx_word' id='word_1_170' title='bbox 1416 1409 1546 1448; x_wconf 83' lang='lat' dir='ltr'><strong>tabidis</strong></span> <span class='ocrx_word' id='word_1_171' title='bbox 1577 1411 1791 1458; x_wconf 87' lang='lat' dir='ltr'><strong>corporibus</strong></span> <span class='ocrx_word' id='word_1_172' title='bbox 1817 1415 1950 1451; x_wconf 80' lang='lat' dir='ltr'><strong>innasci</strong></span> <span class='ocrx_word' id='word_1_173' title='bbox 1976 1416 2103 1454; x_wconf 77' lang='lat' dir='ltr'><strong>solent.</strong></span> 
     </span>
     <span class='ocr_line' id='line_1_19' title="bbox 128 1458 2106 1509; baseline 0.005 -14"><span class='ocrx_word' id='word_1_174' title='bbox 128 1460 242 1506; x_wconf 74' lang='lat' dir='ltr'><strong>gratia</strong></span> <span class='ocrx_word' id='word_1_175' title='bbox 282 1459 448 1496; x_wconf 79' lang='lat' dir='ltr'><strong>additum</strong></span> <span class='ocrx_word' id='word_1_176' title='bbox 489 1469 592 1506; x_wconf 82' lang='lat' dir='ltr'><strong>puto.</strong></span> <span class='ocrx_word' id='word_1_177' title='bbox 637 1460 683 1496; x_wconf 88' lang='lat' dir='ltr'><strong>Et</strong></span> <span class='ocrx_word' id='word_1_178' title='bbox 720 1458 767 1495; x_wconf 87' lang='lat' dir='ltr'><strong>fic</strong></span> <span class='ocrx_word' id='word_1_179' title='bbox 802 1460 911 1497; x_wconf 85' lang='lat' dir='ltr'><strong>habet</strong></span> <span class='ocrx_word' id='word_1_180' title='bbox 935 1460 1097 1499; x_wconf 87' lang='lat' dir='ltr'><strong>Ascenfii</strong></span> <span class='ocrx_word' id='word_1_181' title='bbox 1148 1462 1322 1499; x_wconf 86' lang='lat' dir='ltr'><strong>Reddidit</strong></span> <span class='ocrx_word' id='word_1_182' title='bbox 1351 1462 1425 1499; x_wconf 92' lang='lat' dir='ltr'><strong>hoc</strong></span> <span class='ocrx_word' id='word_1_183' title='bbox 1452 1460 1666 1509; x_wconf 88' lang='lat' dir='ltr'><strong>supplicium</strong></span> <span class='ocrx_word' id='word_1_184' title='bbox 1694 1470 1756 1499; x_wconf 86' lang='lat' dir='ltr'><strong>aut</strong></span> <span class='ocrx_word' id='word_1_185' title='bbox 1775 1472 1872 1500; x_wconf 83' lang='lat' dir='ltr'><strong>certe</strong></span> <span class='ocrx_word' id='word_1_186' title='bbox 1891 1465 2106 1506; x_wconf 81' lang='lat' dir='ltr'><strong>affimulavit</strong></span> 
     </span>
     <span class='ocr_line' id='line_1_20' title="bbox 127 1508 2104 1564; baseline 0.005 -19"><span class='ocrx_word' id='word_1_187' title='bbox 127 1508 266 1548; x_wconf 82' lang='lat' dir='ltr'><strong>Editio.</strong></span> <span class='ocrx_word' id='word_1_188' title='bbox 280 1510 522 1547; x_wconf 80' lang='lat' dir='ltr'><strong>PERIZON.</strong></span> <span class='ocrx_word' id='word_1_189' title='bbox 544 1509 650 1547; x_wconf 88' lang='lat' dir='ltr'><strong>MSS.</strong></span> <span class='ocrx_word' id='word_1_190' title='bbox 669 1509 798 1547; x_wconf 79' lang='lat' dir='ltr'><strong>decem</strong></span> <span class='ocrx_word' id='word_1_191' title='bbox 819 1510 976 1555; x_wconf 87' lang='lat' dir='ltr'><strong>habent,</strong></span> <span class='ocrx_word' id='word_1_192' title='bbox 991 1513 1097 1559; x_wconf 56' lang='lat' dir='ltr'><em>Quos-</em></span> <span class='ocrx_word' id='word_1_193' title='bbox 1150 1513 1294 1560; x_wconf 89' lang='lat' dir='ltr'><strong>Opilius</strong></span> <span class='ocrx_word' id='word_1_194' title='bbox 1314 1511 1373 1550; x_wconf 90' lang='lat' dir='ltr'><strong>ille</strong></span> <span class='ocrx_word' id='word_1_195' title='bbox 1391 1512 1580 1549; x_wconf 84' lang='lat' dir='ltr'><strong>Macrinus</strong></span> <span class='ocrx_word' id='word_1_196' title='bbox 1595 1538 1605 1554; x_wconf 92' lang='lat'>‚</span> <span class='ocrx_word' id='word_1_197' title='bbox 1633 1511 1678 1548; x_wconf 92' lang='lat' dir='ltr'><strong>de</strong></span> <span class='ocrx_word' id='word_1_198' title='bbox 1698 1524 1774 1561; x_wconf 88' lang='lat' dir='ltr'><strong>quo</strong></span> <span class='ocrx_word' id='word_1_199' title='bbox 1793 1514 1906 1559; x_wconf 86' lang='lat' dir='ltr'><strong>Julius</strong></span> <span class='ocrx_word' id='word_1_200' title='bbox 1929 1516 2104 1564; x_wconf 82' lang='lat' dir='ltr'><strong>Capitoli-</strong></span> 
     </span>
     <span class='ocr_line' id='line_1_21' title="bbox 124 1562 2108 1614; baseline 0.005 -20"><span class='ocrx_word' id='word_1_201' title='bbox 124 1573 187 1608; x_wconf 75' lang='lat' dir='ltr'><strong>que</strong></span> <span class='ocrx_word' id='word_1_202' title='bbox 212 1573 245 1596; x_wconf 80' lang='grc' dir='ltr'><strong>ιιι</strong></span> <span class='ocrx_word' id='word_1_203' title='bbox 273 1563 418 1598; x_wconf 73' lang='lat' dir='ltr'><strong>diutius.</strong></span> <span class='ocrx_word' id='word_1_204' title='bbox 443 1569 513 1597; x_wconf 82' lang='lat' dir='ltr'><strong>tres</strong></span> <span class='ocrx_word' id='word_1_205' title='bbox 529 1588 538 1603; x_wconf 93' lang='lat'>‚</span> <span class='ocrx_word' id='word_1_206' title='bbox 569 1575 697 1610; x_wconf 74' lang='lat' dir='ltr'><strong>quoque</strong></span> <span class='ocrx_word' id='word_1_207' title='bbox 723 1572 772 1597; x_wconf 83' lang='lat' dir='ltr'><strong>ut.</strong></span> <span class='ocrx_word' id='word_1_208' title='bbox 805 1562 961 1611; x_wconf 83' lang='lat' dir='ltr'><strong>Aliquot</strong></span> <span class='ocrx_word' id='word_1_209' title='bbox 981 1563 1093 1601; x_wconf 85' lang='lat' dir='ltr'><strong>etiam</strong></span> <span class='ocrx_word' id='word_1_210' title='bbox 1144 1574 1231 1601; x_wconf 87' lang='lat' dir='ltr'><strong>nus:</strong></span> <span class='ocrx_word' id='word_1_211' title='bbox 1255 1567 1347 1600; x_wconf 76' lang='lat' dir='ltr'><strong>Duos</strong></span> <span class='ocrx_word' id='word_1_212' title='bbox 1372 1562 1468 1599; x_wconf 64' lang='lat' dir='ltr'><strong>boves</strong></span> <span class='ocrx_word' id='word_1_213' title='bbox 1487 1564 1591 1598; x_wconf 73' lang='lat' dir='ltr'><strong>mirae</strong></span> <span class='ocrx_word' id='word_1_214' title='bbox 1611 1563 1854 1613; x_wconf 77' lang='lat' dir='ltr'><strong>magnitudinis</strong></span> <span class='ocrx_word' id='word_1_215' title='bbox 1877 1567 1975 1602; x_wconf 67' lang='lat' dir='ltr'><strong>vivos</strong></span> <span class='ocrx_word' id='word_1_216' title='bbox 1995 1569 2108 1614; x_wconf 71' lang='lat' dir='ltr'><strong>subito</strong></span> 
     </span>
     <span class='ocr_line' id='line_1_22' title="bbox 124 1611 2108 1665; baseline 0.004 -19"><span class='ocrx_word' id='word_1_217' title='bbox 124 1622 193 1657; x_wconf 86' lang='lat' dir='ltr'><strong>pro</strong></span> <span class='ocrx_word' id='word_1_218' title='bbox 217 1614 400 1661; x_wconf 71' lang='lat' dir='ltr'><strong>prorogant</strong></span> <span class='ocrx_word' id='word_1_219' title='bbox 415 1639 424 1655; x_wconf 88' lang='lat'><strong>,</strong></span> <span class='ocrx_word' id='word_1_220' title='bbox 452 1611 663 1660; x_wconf 77' lang='lat' dir='ltr'><strong>praeferunt</strong></span> <span class='ocrx_word' id='word_1_221' title='bbox 690 1622 880 1662; x_wconf 77' lang='lat' dir='ltr'><strong>prorogare.</strong></span> <span class='ocrx_word' id='word_1_222' title='bbox 903 1612 1001 1661; x_wconf 81' lang='lat' dir='ltr'><strong>quafi</strong></span> <span class='ocrx_word' id='word_1_223' title='bbox 1029 1624 1093 1651; x_wconf 86' lang='lat' dir='ltr'><strong>co-</strong></span> <span class='ocrx_word' id='word_1_224' title='bbox 1141 1616 1266 1664; x_wconf 81' lang='lat' dir='ltr'><strong>aperiri</strong></span> <span class='ocrx_word' id='word_1_225' title='bbox 1293 1613 1375 1661; x_wconf 57' lang='lat' dir='ltr'><strong>suffit</strong></span> <span class='ocrx_word' id='word_1_226' title='bbox 1390 1642 1400 1658; x_wconf 93' lang='lat'>,</span> <span class='ocrx_word' id='word_1_227' title='bbox 1425 1626 1529 1662; x_wconf 81' lang='lat' dir='ltr'><strong>atque</strong></span> <span class='ocrx_word' id='word_1_228' title='bbox 1553 1613 1606 1648; x_wconf 81' lang='lat' dir='ltr'><strong>his</strong></span> <span class='ocrx_word' id='word_1_229' title='bbox 1629 1614 1775 1664; x_wconf 77' lang='lat' dir='ltr'><strong>singulos</strong></span> <span class='ocrx_word' id='word_1_230' title='bbox 1796 1617 1919 1651; x_wconf 84' lang='lat' dir='ltr'><strong>milites</strong></span> <span class='ocrx_word' id='word_1_231' title='bbox 1937 1619 2036 1665; x_wconf 86' lang='lat' dir='ltr'><strong>inseri</strong></span> <span class='ocrx_word' id='word_1_232' title='bbox 2055 1633 2108 1654; x_wconf 81' lang='lat' dir='ltr'><strong>ca-</strong></span> 
     </span>
     <span class='ocr_line' id='line_1_23' title="bbox 122 1660 2109 1714; baseline 0.003 -17"><span class='ocrx_word' id='word_1_233' title='bbox 122 1660 313 1705; x_wconf 78' lang='lat' dir='ltr'><strong>haereret,</strong></span> <span class='ocrx_word' id='word_1_234' title='bbox 336 1663 615 1710; x_wconf 70' lang='lat' dir='ltr'><strong>Qaeosqueferunt</strong></span> <span class='ocrx_word' id='word_1_235' title='bbox 632 1674 808 1712; x_wconf 76' lang='lat' dir='ltr'><strong>prorogare</strong></span> <span class='ocrx_word' id='word_1_236' title='bbox 819 1665 991 1711; x_wconf 80' lang='lat' dir='ltr'><strong>spiritum.</strong></span> <span class='ocrx_word' id='word_1_237' title='bbox 1011 1669 1094 1705; x_wconf 56' lang='lat' dir='ltr'><strong>elft-</strong></span> <span class='ocrx_word' id='word_1_238' title='bbox 1134 1665 1287 1714; x_wconf 74' lang='lat' dir='ltr'><strong>picibus,</strong></span> <span class='ocrx_word' id='word_1_239' title='bbox 1310 1675 1347 1701; x_wconf 76' lang='lat' dir='ltr'><strong>ut</strong></span> <span class='ocrx_word' id='word_1_240' title='bbox 1359 1667 1467 1712; x_wconf 84' lang='lat' dir='ltr'><strong>secum</strong></span> <span class='ocrx_word' id='word_1_241' title='bbox 1486 1664 1629 1712; x_wconf 79' lang='lat' dir='ltr'><strong>colloqui</strong></span> <span class='ocrx_word' id='word_1_242' title='bbox 1645 1664 1767 1711; x_wconf 72' lang='lat' dir='ltr'><strong>poffint</strong></span> <span class='ocrx_word' id='word_1_243' title='bbox 1780 1693 1789 1709; x_wconf 85' lang='lat'><em>,</em></span> <span class='ocrx_word' id='word_1_244' title='bbox 1817 1669 1966 1712; x_wconf 79' lang='lat' dir='ltr'><strong>exsertis.</strong></span> <span class='ocrx_word' id='word_1_245' title='bbox 1994 1669 2109 1706; x_wconf 80' lang='lat' dir='ltr'><strong>Simili</strong></span> 
     </span>
     <span class='ocr_line' id='line_1_24' title="bbox 121 1712 2104 1763; baseline 0.005 -17"><span class='ocrx_word' id='word_1_246' title='bbox 121 1725 184 1761; x_wconf 78' lang='lat' dir='ltr'><strong>que</strong></span> <span class='ocrx_word' id='word_1_247' title='bbox 211 1722 247 1747; x_wconf 80' lang='lat' dir='ltr'><strong>ut</strong></span> <span class='ocrx_word' id='word_1_248' title='bbox 269 1724 287 1748; x_wconf 90' lang='lat' dir='ltr'><strong>a</strong></span> <span class='ocrx_word' id='word_1_249' title='bbox 307 1713 437 1760; x_wconf 84' lang='lat' dir='ltr'><strong>Pighio</strong></span> <span class='ocrx_word' id='word_1_250' title='bbox 469 1712 583 1749; x_wconf 84' lang='lat' dir='ltr'><strong>fluxit.</strong></span> <span class='ocrx_word' id='word_1_251' title='bbox 634 1716 791 1762; x_wconf 66' lang='lat' dir='ltr'><strong>Quosque</strong></span> <span class='ocrx_word' id='word_1_252' title='bbox 817 1724 854 1749; x_wconf 79' lang='lat' dir='ltr'><strong>ut</strong></span> <span class='ocrx_word' id='word_1_253' title='bbox 882 1721 956 1750; x_wconf 70' lang='lat' dir='ltr'><strong>eye.</strong></span> <span class='ocrx_word' id='word_1_254' title='bbox 977 1725 1090 1763; x_wconf 84' lang='lat' dir='ltr'><strong>proro-</strong></span> <span class='ocrx_word' id='word_1_255' title='bbox 1142 1716 1320 1752; x_wconf 87' lang='lat' dir='ltr'><strong>cruciatus</strong></span> <span class='ocrx_word' id='word_1_256' title='bbox 1343 1726 1479 1762; x_wconf 85' lang='lat' dir='ltr'><strong>genere</strong></span> <span class='ocrx_word' id='word_1_257' title='bbox 1509 1715 1587 1751; x_wconf 87' lang='lat' dir='ltr'><strong>fere</strong></span> <span class='ocrx_word' id='word_1_258' title='bbox 1610 1713 1799 1752; x_wconf 82' lang='lat' dir='ltr'><strong>Christiani</strong></span> <span class='ocrx_word' id='word_1_259' title='bbox 1828 1717 1918 1754; x_wconf 88' lang='lat' dir='ltr'><strong>olim</strong></span> <span class='ocrx_word' id='word_1_260' title='bbox 1945 1718 2024 1756; x_wconf 90' lang='lat' dir='ltr'><strong>sunt</strong></span> <span class='ocrx_word' id='word_1_261' title='bbox 2044 1732 2104 1757; x_wconf 81' lang='lat' dir='ltr'><strong>ve-</strong></span> 
     </span>
    </p>
   </div>
   <div class='ocr_carea' id='block_1_5' title="bbox 101 1761 1091 2619">
    <p class='ocr_par' dir='ltr' id='par_1_7' title="bbox 110 1761 1091 2368">
     <span class='ocr_line' id='line_1_25' title="bbox 113 1761 1090 1813; baseline 0.003 -15"><span class='ocrx_word' id='word_1_262' title='bbox 113 1776 212 1812; x_wconf 78' lang='lat' dir='ltr'><strong>gare.</strong></span> <span class='ocrx_word' id='word_1_263' title='bbox 239 1763 307 1799; x_wconf 90' lang='lat' dir='ltr'><strong>Ed.</strong></span> <span class='ocrx_word' id='word_1_264' title='bbox 336 1764 441 1811; x_wconf 84' lang='lat' dir='ltr'><strong>Mog.</strong></span> <span class='ocrx_word' id='word_1_265' title='bbox 470 1765 508 1800; x_wconf 65' lang='grc' dir='ltr'><strong>ὃς</strong></span> <span class='ocrx_word' id='word_1_266' title='bbox 529 1761 685 1800; x_wconf 91' lang='lat' dir='ltr'><strong>Mediol.</strong></span> <span class='ocrx_word' id='word_1_267' title='bbox 719 1763 829 1800; x_wconf 90' lang='lat' dir='ltr'><strong>ceteri</strong></span> <span class='ocrx_word' id='word_1_268' title='bbox 851 1764 989 1813; x_wconf 61' lang='lat' dir='ltr'><strong>Quoque</strong></span> <span class='ocrx_word' id='word_1_269' title='bbox 1013 1763 1090 1801; x_wconf 84' lang='lat' dir='ltr'><strong>diu-</strong></span> 
     </span>
     <span class='ocr_line' id='line_1_26' title="bbox 120 1813 1091 1863; baseline 0.003 -14"><span class='ocrx_word' id='word_1_270' title='bbox 120 1815 201 1850; x_wconf 81' lang='lat' dir='ltr'><strong>tius.</strong></span> <span class='ocrx_word' id='word_1_271' title='bbox 255 1813 366 1850; x_wconf 88' lang='lat' dir='ltr'><strong>Certe</strong></span> <span class='ocrx_word' id='word_1_272' title='bbox 386 1825 563 1863; x_wconf 80' lang='lat' dir='ltr'><strong>prorogare</strong></span> <span class='ocrx_word' id='word_1_273' title='bbox 590 1813 699 1851; x_wconf 90' lang='lat' dir='ltr'><strong>debet</strong></span> <span class='ocrx_word' id='word_1_274' title='bbox 717 1814 766 1851; x_wconf 85' lang='lat' dir='ltr'><strong>ad</strong></span> <span class='ocrx_word' id='word_1_275' title='bbox 782 1814 958 1851; x_wconf 80' lang='lat' dir='ltr'><strong>Barbaros</strong></span> <span class='ocrx_word' id='word_1_276' title='bbox 980 1816 1091 1852; x_wconf 75' lang='lat' dir='ltr'><strong>refe‘r-</strong></span> 
     </span>
     <span class='ocr_line' id='line_1_27' title="bbox 121 1864 1090 1909; baseline 0.002 -9"><span class='ocrx_word' id='word_1_277' title='bbox 121 1864 163 1901; x_wconf 88' lang='lat' dir='ltr'><strong>ri.</strong></span> <span class='ocrx_word' id='word_1_278' title='bbox 215 1865 303 1900; x_wconf 79' lang='lat' dir='ltr'><strong>Sicut</strong></span> <span class='ocrx_word' id='word_1_279' title='bbox 335 1866 390 1900; x_wconf 80' lang='lat' dir='ltr'><strong>illi</strong></span> <span class='ocrx_word' id='word_1_280' title='bbox 412 1866 554 1902; x_wconf 76' lang='lat' dir='ltr'><strong>Barbari</strong></span> <span class='ocrx_word' id='word_1_281' title='bbox 579 1864 740 1902; x_wconf 87' lang='lat' dir='ltr'><strong>absolute</strong></span> <span class='ocrx_word' id='word_1_282' title='bbox 760 1893 770 1909; x_wconf 90' lang='lat'>‚</span> <span class='ocrx_word' id='word_1_283' title='bbox 805 1872 845 1902; x_wconf 90' lang='lat' dir='ltr'><strong>ut</strong></span> <span class='ocrx_word' id='word_1_284' title='bbox 870 1866 1007 1903; x_wconf 90' lang='lat' dir='ltr'><strong>centies</strong></span> <span class='ocrx_word' id='word_1_285' title='bbox 1029 1866 1090 1903; x_wconf 85' lang='lat' dir='ltr'><strong>ali-</strong></span> 
     </span>
     <span class='ocr_line' id='line_1_28' title="bbox 120 1914 1086 1965; baseline 0.003 -14"><span class='ocrx_word' id='word_1_286' title='bbox 120 1914 178 1958; x_wconf 89' lang='lat' dir='ltr'><strong>bi,</strong></span> <span class='ocrx_word' id='word_1_287' title='bbox 201 1914 361 1962; x_wconf 90' lang='lat' dir='ltr'><strong>pofitum</strong></span> <span class='ocrx_word' id='word_1_288' title='bbox 394 1914 452 1952; x_wconf 92' lang='lat' dir='ltr'><strong>est.</strong></span> <span class='ocrx_word' id='word_1_289' title='bbox 508 1916 549 1953; x_wconf 90' lang='lat' dir='ltr'><strong>In</strong></span> <span class='ocrx_word' id='word_1_290' title='bbox 569 1928 646 1965; x_wconf 93' lang='lat' dir='ltr'><strong>quo</strong></span> <span class='ocrx_word' id='word_1_291' title='bbox 667 1915 773 1964; x_wconf 86' lang='lat' dir='ltr'><strong>poffis</strong></span> <span class='ocrx_word' id='word_1_292' title='bbox 793 1923 920 1952; x_wconf 83' lang='lat' dir='ltr'><strong>tamen</strong></span> <span class='ocrx_word' id='word_1_293' title='bbox 950 1928 997 1953; x_wconf 87' lang='lat' dir='ltr'><strong>ex</strong></span> <span class='ocrx_word' id='word_1_294' title='bbox 1017 1916 1086 1954; x_wconf 90' lang='lat' dir='ltr'><strong>ini-</strong></span> 
     </span>
     <span class='ocr_line' id='line_1_29' title="bbox 119 1964 1086 2014; baseline 0.001 -13"><span class='ocrx_word' id='word_1_295' title='bbox 119 1964 174 2002; x_wconf 88' lang='lat' dir='ltr'><strong>tio</strong></span> <span class='ocrx_word' id='word_1_296' title='bbox 202 1964 453 2013; x_wconf 79' lang='lat' dir='ltr'><strong>praecedentis</strong></span> <span class='ocrx_word' id='word_1_297' title='bbox 484 1966 646 2014; x_wconf 85' lang='lat' dir='ltr'><strong>exempli</strong></span> <span class='ocrx_word' id='word_1_298' title='bbox 674 1966 939 2014; x_wconf 85' lang='lat' dir='ltr'><strong>subintelligere</strong></span> <span class='ocrx_word' id='word_1_299' title='bbox 962 1969 1086 2012; x_wconf 82' lang='lat' dir='ltr'><strong>feroces</strong></span> 
     </span>
     <span class='ocr_line' id='line_1_30' title="bbox 118 2015 1086 2066; baseline 0.002 -15"><span class='ocrx_word' id='word_1_300' title='bbox 118 2016 154 2051; x_wconf 82' lang='lat' dir='ltr'><strong>in</strong></span> <span class='ocrx_word' id='word_1_301' title='bbox 178 2027 285 2064; x_wconf 83' lang='lat' dir='ltr'><strong>poena</strong></span> <span class='ocrx_word' id='word_1_302' title='bbox 309 2015 540 2066; x_wconf 77' lang='lat' dir='ltr'><strong>excogitanda,</strong></span> <span class='ocrx_word' id='word_1_303' title='bbox 569 2016 687 2064; x_wconf 90' lang='lat' dir='ltr'><strong>Quod</strong></span> <span class='ocrx_word' id='word_1_304' title='bbox 715 2016 740 2052; x_wconf 90' lang='lat' dir='ltr'><strong>fi</strong></span> <span class='ocrx_word' id='word_1_305' title='bbox 769 2017 920 2058; x_wconf 81' lang='lat' dir='ltr'><strong>feceris,</strong></span> <span class='ocrx_word' id='word_1_306' title='bbox 955 2016 991 2052; x_wconf 69' lang='grc' dir='ltr'><em>τὲ</em></span> <span class='ocrx_word' id='word_1_307' title='bbox 1008 2028 1086 2065; x_wconf 84' lang='lat' dir='ltr'><strong>pro·</strong></span> 
     </span>
     <span class='ocr_line' id='line_1_31' title="bbox 117 2065 1085 2115; baseline 0.003 -13"><span class='ocrx_word' id='word_1_308' title='bbox 117 2077 237 2115; x_wconf 79' lang='lat' dir='ltr'><strong>rogant</strong></span> <span class='ocrx_word' id='word_1_309' title='bbox 267 2066 505 2103; x_wconf 84' lang='lat' dir='ltr'><strong>nominativo</strong></span> <span class='ocrx_word' id='word_1_310' title='bbox 542 2066 607 2103; x_wconf 88' lang='lat' dir='ltr'><strong>suo</strong></span> <span class='ocrx_word' id='word_1_311' title='bbox 644 2066 856 2103; x_wconf 89' lang='lat' dir='ltr'><strong>destituetur</strong></span> <span class='ocrx_word' id='word_1_312' title='bbox 878 2094 888 2109; x_wconf 95' lang='lat'>‚</span> <span class='ocrx_word' id='word_1_313' title='bbox 928 2065 1016 2104; x_wconf 87' lang='lat' dir='ltr'><strong>ficut</strong></span> <span class='ocrx_word' id='word_1_314' title='bbox 1047 2069 1085 2105; x_wconf 70' lang='grc' dir='ltr'><strong>δε</strong></span> 
     </span>
     <span class='ocr_line' id='line_1_32' title="bbox 116 2115 1082 2166; baseline 0.002 -13"><span class='ocrx_word' id='word_1_315' title='bbox 116 2117 283 2166; x_wconf 78' lang='lat' dir='ltr'><strong>alioquin</strong></span> <span class='ocrx_word' id='word_1_316' title='bbox 311 2128 441 2165; x_wconf 84' lang='lat' dir='ltr'><strong>parum</strong></span> <span class='ocrx_word' id='word_1_317' title='bbox 473 2127 635 2164; x_wconf 85' lang='lat' dir='ltr'><strong>congrua</strong></span> <span class='ocrx_word' id='word_1_318' title='bbox 658 2115 804 2154; x_wconf 85' lang='lat' dir='ltr'><strong>videtur</strong></span> <span class='ocrx_word' id='word_1_319' title='bbox 825 2116 955 2153; x_wconf 83' lang='lat' dir='ltr'><strong>oratio.</strong></span> <span class='ocrx_word' id='word_1_320' title='bbox 979 2119 1082 2165; x_wconf 87' lang='lat' dir='ltr'><strong>Qua-</strong></span> 
     </span>
     <span class='ocr_line' id='line_1_33' title="bbox 116 2166 1085 2216; baseline 0.001 -12"><span class='ocrx_word' id='word_1_321' title='bbox 116 2178 157 2204; x_wconf 82' lang='lat' dir='ltr'><strong>re</strong></span> <span class='ocrx_word' id='word_1_322' title='bbox 186 2181 313 2216; x_wconf 79' lang='lat' dir='ltr'><strong>quoque</strong></span> <span class='ocrx_word' id='word_1_323' title='bbox 341 2167 468 2203; x_wconf 76' lang='lat' dir='ltr'><strong>diutius</strong></span> <span class='ocrx_word' id='word_1_324' title='bbox 491 2168 563 2204; x_wconf 68' lang='grc' dir='ltr'><strong>ἃς.</strong></span> <span class='ocrx_word' id='word_1_325' title='bbox 582 2178 758 2216; x_wconf 76' lang='lat' dir='ltr'><strong>prorogare</strong></span> <span class='ocrx_word' id='word_1_326' title='bbox 785 2166 959 2214; x_wconf 80' lang='lat' dir='ltr'><strong>praetuli,</strong></span> <span class='ocrx_word' id='word_1_327' title='bbox 986 2167 1085 2205; x_wconf 72' lang='lat' dir='ltr'><strong>retste</strong></span> 
     </span>
     <span class='ocr_line' id='line_1_34' title="bbox 114 2217 1087 2265; baseline 0 -10"><span class='ocrx_word' id='word_1_328' title='bbox 114 2217 410 2255; x_wconf 69' lang='lat' dir='ltr'><strong>animadvertisse</strong></span> <span class='ocrx_word' id='word_1_329' title='bbox 428 2217 596 2265; x_wconf 83' lang='lat' dir='ltr'><strong>judicans</strong></span> <span class='ocrx_word' id='word_1_330' title='bbox 619 2217 948 2262; x_wconf 84' lang='lat' dir='ltr'><strong>C1.Perizonium,</strong></span> <span class='ocrx_word' id='word_1_331' title='bbox 966 2229 1003 2255; x_wconf 79' lang='lat' dir='ltr'><strong>ut</strong></span> <span class='ocrx_word' id='word_1_332' title='bbox 1025 2230 1087 2256; x_wconf 90' lang='lat' dir='ltr'><strong>or-</strong></span> 
     </span>
     <span class='ocr_line' id='line_1_35' title="bbox 115 2267 1083 2319; baseline 0.002 -14"><span class='ocrx_word' id='word_1_333' title='bbox 115 2276 197 2306; x_wconf 88' lang='lat' dir='ltr'><strong>tum</strong></span> <span class='ocrx_word' id='word_1_334' title='bbox 228 2267 297 2306; x_wconf 82' lang='lat' dir='ltr'><strong>effe</strong></span> <span class='ocrx_word' id='word_1_335' title='bbox 326 2269 369 2306; x_wconf 83' lang='lat' dir='ltr'><strong>ab</strong></span> <span class='ocrx_word' id='word_1_336' title='bbox 398 2268 522 2318; x_wconf 86' lang='lat' dir='ltr'><strong>aliquo</strong></span> <span class='ocrx_word' id='word_1_337' title='bbox 542 2297 552 2313; x_wconf 94' lang='lat'>‚</span> <span class='ocrx_word' id='word_1_338' title='bbox 578 2269 642 2318; x_wconf 88' lang='lat' dir='ltr'><strong>qui</strong></span> <span class='ocrx_word' id='word_1_339' title='bbox 662 2282 791 2319; x_wconf 76' lang='lat' dir='ltr'><strong>quoque</strong></span> <span class='ocrx_word' id='word_1_340' title='bbox 818 2269 1083 2317; x_wconf 84' lang='lat' dir='ltr'><strong>exponendum</strong></span> 
     </span>
     <span class='ocr_line' id='line_1_36' title="bbox 110 2319 461 2368; baseline -0.003 -11"><span class='ocrx_word' id='word_1_341' title='bbox 110 2319 298 2367; x_wconf 82' lang='lat' dir='ltr'><strong>judicabat</strong></span> <span class='ocrx_word' id='word_1_342' title='bbox 327 2331 391 2368; x_wconf 91' lang='lat' dir='ltr'><strong>per</strong></span> <span class='ocrx_word' id='word_1_343' title='bbox 412 2330 461 2356; x_wconf 80' lang='lat' dir='ltr'><strong>ut.</strong></span> 
     </span>
    </p>

    <p class='ocr_par' dir='ltr' id='par_1_8' title="bbox 101 2368 1085 2619">
     <span class='ocr_line' id='line_1_37' title="bbox 164 2368 1085 2419; baseline -0.001 -13"><span class='ocrx_word' id='word_1_344' title='bbox 164 2383 224 2417; x_wconf 82' lang='lat'><strong>92.</strong></span> <span class='ocrx_word' id='word_1_345' title='bbox 248 2374 362 2406; x_wconf 80' lang='lat' dir='ltr'><strong>Donec</strong></span> <span class='ocrx_word' id='word_1_346' title='bbox 389 2371 480 2406; x_wconf 71' lang='lat' dir='ltr'><strong>intus</strong></span> <span class='ocrx_word' id='word_1_347' title='bbox 500 2369 685 2419; x_wconf 68' lang='lat' dir='ltr'><strong>putrefafli</strong></span> <span class='ocrx_word' id='word_1_348' title='bbox 713 2369 840 2405; x_wconf 74' lang='lat' dir='ltr'><strong>laniati</strong></span> <span class='ocrx_word' id='word_1_349' title='bbox 852 2369 925 2416; x_wconf 82' lang='lat' dir='ltr'><strong>fint</strong></span> <span class='ocrx_word' id='word_1_350' title='bbox 944 2368 986 2404; x_wconf 85' lang='lat' dir='ltr'><strong>ab</strong></span> <span class='ocrx_word' id='word_1_351' title='bbox 1009 2370 1085 2405; x_wconf 83' lang='lat' dir='ltr'><strong>ani-</strong></span> 
     </span>
     <span class='ocr_line' id='line_1_38' title="bbox 112 2420 1081 2470; baseline 0.002 -15"><span class='ocrx_word' id='word_1_352' title='bbox 112 2421 274 2470; x_wconf 82' lang='lat' dir='ltr'><strong>malibus]</strong></span> <span class='ocrx_word' id='word_1_353' title='bbox 305 2422 517 2469; x_wconf 83' lang='lat' dir='ltr'><strong>Elegantius</strong></span> <span class='ocrx_word' id='word_1_354' title='bbox 545 2421 583 2458; x_wconf 89' lang='lat' dir='ltr'><strong>in</strong></span> <span class='ocrx_word' id='word_1_355' title='bbox 616 2420 888 2467; x_wconf 85' lang='lat' dir='ltr'><strong>manuscriptis,</strong></span> <span class='ocrx_word' id='word_1_356' title='bbox 914 2420 1081 2457; x_wconf 71' lang='lat' dir='ltr'><strong>Laniatui&#39;</strong></span> 
     </span>
     <span class='ocr_line' id='line_1_39' title="bbox 106 2470 1080 2522; baseline 0 -16"><span class='ocrx_word' id='word_1_357' title='bbox 106 2471 177 2519; x_wconf 81' lang='lat' dir='ltr'><strong>fint</strong></span> <span class='ocrx_word' id='word_1_358' title='bbox 202 2472 406 2508; x_wconf 79' lang='lat' dir='ltr'><strong>animalibus</strong></span> <span class='ocrx_word' id='word_1_359' title='bbox 428 2500 439 2516; x_wconf 93' lang='lat'>‚</span> <span class='ocrx_word' id='word_1_360' title='bbox 476 2486 563 2522; x_wconf 81' lang='lat' dir='ltr'><strong>quae</strong></span> <span class='ocrx_word' id='word_1_361' title='bbox 589 2470 715 2507; x_wconf 77' lang='lat' dir='ltr'><strong>tabidis</strong></span> <span class='ocrx_word' id='word_1_362' title='bbox 743 2470 926 2517; x_wconf 81' lang='lat' dir='ltr'><strong>corporibus</strong></span> <span class='ocrx_word' id='word_1_363' title='bbox 954 2473 1080 2519; x_wconf 74' lang='lat' dir='ltr'><strong>innasci</strong></span> 
     </span>
     <span class='ocr_line' id='line_1_40' title="bbox 101 2521 1080 2570; baseline 0.002 -14"><span class='ocrx_word' id='word_1_364' title='bbox 101 2523 230 2570; x_wconf 84' lang='lat' dir='ltr'><strong>solent.</strong></span> <span class='ocrx_word' id='word_1_365' title='bbox 251 2522 391 2561; x_wconf 82' lang='lat' dir='ltr'><strong>PiGH.</strong></span> <span class='ocrx_word' id='word_1_366' title='bbox 419 2524 581 2559; x_wconf 81' lang='lat' dir='ltr'><strong>Laniatui</strong></span> <span class='ocrx_word' id='word_1_367' title='bbox 595 2522 667 2570; x_wconf 78' lang='lat' dir='ltr'><strong>sint</strong></span> <span class='ocrx_word' id='word_1_368' title='bbox 686 2521 903 2558; x_wconf 78' lang='lat' dir='ltr'><strong>animalibus.</strong></span> <span class='ocrx_word' id='word_1_369' title='bbox 925 2521 1080 2559; x_wconf 85' lang='lat' dir='ltr'><strong>Monuit</strong></span> 
     </span>
     <span class='ocr_line' id='line_1_41' title="bbox 113 2570 1077 2619; baseline 0.003 -10"><span class='ocrx_word' id='word_1_370' title='bbox 113 2582 176 2609; x_wconf 90' lang='lat' dir='ltr'><strong>me</strong></span> <span class='ocrx_word' id='word_1_371' title='bbox 207 2573 343 2612; x_wconf 86' lang='lat' dir='ltr'><strong>amicus</strong></span> <span class='ocrx_word' id='word_1_372' title='bbox 366 2602 376 2619; x_wconf 92' lang='lat'>‚</span> <span class='ocrx_word' id='word_1_373' title='bbox 414 2574 579 2612; x_wconf 80' lang='lat' dir='ltr'><strong>Isaacum</strong></span> <span class='ocrx_word' id='word_1_374' title='bbox 617 2573 831 2612; x_wconf 88' lang='lat' dir='ltr'><strong>Pontanum</strong></span> <span class='ocrx_word' id='word_1_375' title='bbox 868 2570 1077 2612; x_wconf 87' lang='lat' dir='ltr'><strong>emendaffe</strong></span> 
     </span>
    </p>
   </div>
   <div class='ocr_carea' id='block_1_6' title="bbox 1129 1764 2107 2576">
    <p class='ocr_par' dir='ltr' id='par_1_9' title="bbox 1133 1764 2107 2061">
     <span class='ocr_line' id='line_1_42' title="bbox 1144 1764 2101 1813; baseline 0.006 -11"><span class='ocrx_word' id='word_1_376' title='bbox 1144 1766 1230 1802; x_wconf 80' lang='lat' dir='ltr'><strong>xati.</strong></span> <span class='ocrx_word' id='word_1_377' title='bbox 1282 1765 1453 1813; x_wconf 89' lang='lat' dir='ltr'><strong>Sulpitius</strong></span> <span class='ocrx_word' id='word_1_378' title='bbox 1471 1764 1654 1803; x_wconf 80' lang='lat' dir='ltr'><strong>Historiae</strong></span> <span class='ocrx_word' id='word_1_379' title='bbox 1674 1765 1792 1802; x_wconf 79' lang='lat' dir='ltr'><strong>sacrae</strong></span> <span class='ocrx_word' id='word_1_380' title='bbox 1813 1765 1903 1804; x_wconf 86' lang='lat' dir='ltr'><strong>libro</strong></span> <span class='ocrx_word' id='word_1_381' title='bbox 1921 1767 2101 1808; x_wconf 89' lang='lat' dir='ltr'><strong>secundo:</strong></span> 
     </span>
     <span class='ocr_line' id='line_1_43' title="bbox 1140 1816 2107 1864; baseline 0.006 -13"><span class='ocrx_word' id='word_1_382' title='bbox 1140 1816 1232 1864; x_wconf 77' lang='lat' dir='ltr'><strong>Qin</strong></span> <span class='ocrx_word' id='word_1_383' title='bbox 1253 1823 1297 1851; x_wconf 66' lang='grc' dir='ltr'><strong>Θ·</strong></span> <span class='ocrx_word' id='word_1_384' title='bbox 1310 1830 1418 1852; x_wconf 66' lang='lat' dir='ltr'><strong>novae</strong></span> <span class='ocrx_word' id='word_1_385' title='bbox 1435 1826 1552 1852; x_wconf 86' lang='lat' dir='ltr'><strong>mortes</strong></span> <span class='ocrx_word' id='word_1_386' title='bbox 1569 1817 1778 1864; x_wconf 74' lang='lat' dir='ltr'><strong>excogitatae</strong></span> <span class='ocrx_word' id='word_1_387' title='bbox 1793 1842 1802 1858; x_wconf 94' lang='lat'>‚</span> <span class='ocrx_word' id='word_1_388' title='bbox 1822 1829 1857 1854; x_wconf 78' lang='lat' dir='ltr'><strong>ut</strong></span> <span class='ocrx_word' id='word_1_389' title='bbox 1873 1821 2022 1863; x_wconf 81' lang='lat' dir='ltr'><strong>ferarum</strong></span> <span class='ocrx_word' id='word_1_390' title='bbox 2043 1832 2107 1857; x_wconf 82' lang='lat' dir='ltr'><strong>ter-</strong></span> 
     </span>
     <span class='ocr_line' id='line_1_44' title="bbox 1133 1867 2104 1916; baseline 0.008 -15"><span class='ocrx_word' id='word_1_391' title='bbox 1133 1869 1192 1916; x_wconf 82' lang='lat' dir='ltr'><strong>gis</strong></span> <span class='ocrx_word' id='word_1_392' title='bbox 1216 1867 1355 1902; x_wconf 63' lang='lat' dir='ltr'><strong>contet‘li</strong></span> <span class='ocrx_word' id='word_1_393' title='bbox 1381 1868 1515 1903; x_wconf 80' lang='lat' dir='ltr'><strong>laniatu</strong></span> <span class='ocrx_word' id='word_1_394' title='bbox 1543 1879 1658 1901; x_wconf 82' lang='lat' dir='ltr'><strong>canum</strong></span> <span class='ocrx_word' id='word_1_395' title='bbox 1691 1868 1877 1905; x_wconf 82' lang='lat' dir='ltr'><strong>interirent.</strong></span> <span class='ocrx_word' id='word_1_396' title='bbox 1910 1870 2104 1909; x_wconf 82' lang='lat' dir='ltr'><strong>COLER.</strong></span> 
     </span>
     <span class='ocr_line' id='line_1_45' title="bbox 1140 1916 2099 1966; baseline 0.008 -14"><span class='ocrx_word' id='word_1_397' title='bbox 1140 1919 1307 1953; x_wconf 71' lang='lat' dir='ltr'><strong>Laniatui</strong></span> <span class='ocrx_word' id='word_1_398' title='bbox 1327 1917 1401 1964; x_wconf 76' lang='lat' dir='ltr'><strong>fine</strong></span> <span class='ocrx_word' id='word_1_399' title='bbox 1429 1916 1647 1953; x_wconf 82' lang='lat' dir='ltr'><strong>animalibus.</strong></span> <span class='ocrx_word' id='word_1_400' title='bbox 1689 1917 1743 1955; x_wconf 81' lang='lat' dir='ltr'><strong>Ita</strong></span> <span class='ocrx_word' id='word_1_401' title='bbox 1764 1918 1908 1966; x_wconf 81' lang='lat' dir='ltr'><strong>Pighius</strong></span> <span class='ocrx_word' id='word_1_402' title='bbox 1929 1932 1971 1957; x_wconf 86' lang='lat' dir='ltr'><strong>ex</strong></span> <span class='ocrx_word' id='word_1_403' title='bbox 1993 1923 2099 1961; x_wconf 90' lang='lat' dir='ltr'><strong>codd.</strong></span> 
     </span>
     <span class='ocr_line' id='line_1_46' title="bbox 1137 1967 2101 2017; baseline 0.006 -13"><span class='ocrx_word' id='word_1_404' title='bbox 1137 1967 1244 2004; x_wconf 89' lang='lat' dir='ltr'><strong>MSS.</strong></span> <span class='ocrx_word' id='word_1_405' title='bbox 1271 1968 1320 2005; x_wconf 89' lang='lat' dir='ltr'><strong>Et</strong></span> <span class='ocrx_word' id='word_1_406' title='bbox 1339 1968 1476 2005; x_wconf 86' lang='lat' dir='ltr'><strong>habent</strong></span> <span class='ocrx_word' id='word_1_407' title='bbox 1495 1979 1648 2017; x_wconf 87' lang='lat' dir='ltr'><strong>quoque</strong></span> <span class='ocrx_word' id='word_1_408' title='bbox 1676 1968 1724 2005; x_wconf 87' lang='lat' dir='ltr'><strong>ita</strong></span> <span class='ocrx_word' id='word_1_409' title='bbox 1748 1969 1856 2007; x_wconf 84' lang='lat' dir='ltr'><strong>codd.</strong></span> <span class='ocrx_word' id='word_1_410' title='bbox 1878 1970 2008 2009; x_wconf 82' lang='lat' dir='ltr'><strong>Brand.</strong></span> <span class='ocrx_word' id='word_1_411' title='bbox 2035 1974 2101 2010; x_wconf 71' lang='lat' dir='ltr'><strong>Ai-</strong></span> 
     </span>
     <span class='ocr_line' id='line_1_47' title="bbox 1138 2016 2103 2061; baseline 0.005 -7"><span class='ocrx_word' id='word_1_412' title='bbox 1138 2017 1203 2054; x_wconf 90' lang='lat' dir='ltr'><strong>dus</strong></span> <span class='ocrx_word' id='word_1_413' title='bbox 1223 2017 1383 2056; x_wconf 80' lang='lat' dir='ltr'><strong>ediderat</strong></span> <span class='ocrx_word' id='word_1_414' title='bbox 1394 2018 1533 2055; x_wconf 81' lang='lat' dir='ltr'><strong>Laniati</strong></span> <span class='ocrx_word' id='word_1_415' title='bbox 1552 2017 1618 2060; x_wconf 74' lang='lat' dir='ltr'><strong>lint</strong></span> <span class='ocrx_word' id='word_1_416' title='bbox 1635 2016 1675 2052; x_wconf 88' lang='lat' dir='ltr'><strong>ab</strong></span> <span class='ocrx_word' id='word_1_417' title='bbox 1686 2020 2103 2061; x_wconf 65' lang='lat' dir='ltr'><strong>animalibusNORST.</strong></span> 
     </span>
    </p>

    <p class='ocr_par' dir='ltr' id='par_1_10' title="bbox 1129 2068 2102 2576">
     <span class='ocr_line' id='line_1_48' title="bbox 1187 2068 2102 2122; baseline 0.007 -17"><span class='ocrx_word' id='word_1_418' title='bbox 1187 2081 1248 2118; x_wconf 84' lang='lat'><strong>93.</strong></span> <span class='ocrx_word' id='word_1_419' title='bbox 1275 2073 1376 2118; x_wconf 58' lang='lat' dir='ltr'><strong>Quae</strong></span> <span class='ocrx_word' id='word_1_420' title='bbox 1392 2068 1520 2105; x_wconf 82' lang='lat' dir='ltr'><strong>tabidis</strong></span> <span class='ocrx_word' id='word_1_421' title='bbox 1539 2068 1722 2116; x_wconf 82' lang='lat' dir='ltr'><strong>corporibus</strong></span> <span class='ocrx_word' id='word_1_422' title='bbox 1743 2071 1869 2118; x_wconf 80' lang='lat' dir='ltr'><strong>innasci</strong></span> <span class='ocrx_word' id='word_1_423' title='bbox 1895 2073 2014 2122; x_wconf 81' lang='lat' dir='ltr'><strong>solent]</strong></span> <span class='ocrx_word' id='word_1_424' title='bbox 2048 2075 2102 2111; x_wconf 81' lang='lat' dir='ltr'><strong>lta</strong></span> 
     </span>
     <span class='ocr_line' id='line_1_49' title="bbox 1137 2118 2099 2168; baseline 0.008 -14"><span class='ocrx_word' id='word_1_425' title='bbox 1137 2119 1253 2157; x_wconf 89' lang='lat' dir='ltr'><strong>rursus</strong></span> <span class='ocrx_word' id='word_1_426' title='bbox 1275 2120 1432 2168; x_wconf 88' lang='lat' dir='ltr'><strong>Pighius.</strong></span> <span class='ocrx_word' id='word_1_427' title='bbox 1466 2120 1611 2156; x_wconf 86' lang='lat' dir='ltr'><strong>Verum</strong></span> <span class='ocrx_word' id='word_1_428' title='bbox 1642 2118 1751 2157; x_wconf 89' lang='lat' dir='ltr'><strong>codd.</strong></span> <span class='ocrx_word' id='word_1_429' title='bbox 1779 2120 1910 2159; x_wconf 80' lang='lat' dir='ltr'><strong>Brand.</strong></span> <span class='ocrx_word' id='word_1_430' title='bbox 1936 2124 1995 2161; x_wconf 87' lang='lat' dir='ltr'><strong>hic</strong></span> <span class='ocrx_word' id='word_1_431' title='bbox 2022 2136 2099 2162; x_wconf 89' lang='lat' dir='ltr'><strong>non</strong></span> 
     </span>
     <span class='ocr_line' id='line_1_50' title="bbox 1138 2169 2099 2221; baseline 0.007 -17"><span class='ocrx_word' id='word_1_432' title='bbox 1138 2170 1344 2208; x_wconf 79' lang='lat' dir='ltr'><strong>consonant</strong></span> <span class='ocrx_word' id='word_1_433' title='bbox 1355 2186 1366 2214; x_wconf 86' lang='lat'>;</span> <span class='ocrx_word' id='word_1_434' title='bbox 1394 2179 1436 2208; x_wconf 87' lang='lat' dir='ltr'><strong>ut</strong></span> <span class='ocrx_word' id='word_1_435' title='bbox 1455 2170 1518 2219; x_wconf 91' lang='lat' dir='ltr'><strong>qui</strong></span> <span class='ocrx_word' id='word_1_436' title='bbox 1534 2169 1693 2213; x_wconf 83' lang='lat' dir='ltr'><strong>habent,</strong></span> <span class='ocrx_word' id='word_1_437' title='bbox 1717 2173 1817 2221; x_wconf 77' lang='lat' dir='ltr'><strong>Qae</strong></span> <span class='ocrx_word' id='word_1_438' title='bbox 1836 2172 1959 2209; x_wconf 73' lang='lat' dir='ltr'><strong>tabidis</strong></span> <span class='ocrx_word' id='word_1_439' title='bbox 1978 2176 2012 2211; x_wconf 86' lang='lat' dir='ltr'><strong>in</strong></span> <span class='ocrx_word' id='word_1_440' title='bbox 2033 2189 2099 2211; x_wconf 83' lang='lat' dir='ltr'><strong>cor-</strong></span> 
     </span>
     <span class='ocr_line' id='line_1_51' title="bbox 1132 2219 2101 2269; baseline 0.009 -15"><span class='ocrx_word' id='word_1_441' title='bbox 1132 2219 1269 2267; x_wconf 67' lang='lat' dir='ltr'><strong>pnribus</strong></span> <span class='ocrx_word' id='word_1_442' title='bbox 1294 2222 1385 2268; x_wconf 83' lang='lat' dir='ltr'><strong>nasci</strong></span> <span class='ocrx_word' id='word_1_443' title='bbox 1404 2222 1525 2268; x_wconf 82' lang='lat' dir='ltr'><strong>solent.</strong></span> <span class='ocrx_word' id='word_1_444' title='bbox 1565 2219 1698 2269; x_wconf 88' lang='lat' dir='ltr'><strong>Estque</strong></span> <span class='ocrx_word' id='word_1_445' title='bbox 1725 2221 1774 2258; x_wconf 85' lang='lat' dir='ltr'><strong>ita</strong></span> <span class='ocrx_word' id='word_1_446' title='bbox 1801 2223 1896 2260; x_wconf 86' lang='lat' dir='ltr'><strong>&amp;in</strong></span> <span class='ocrx_word' id='word_1_447' title='bbox 1923 2226 2101 2263; x_wconf 86' lang='lat' dir='ltr'><strong>veteribus</strong></span> 
     </span>
     <span class='ocr_line' id='line_1_52' title="bbox 1136 2269 2096 2321; baseline 0.008 -15"><span class='ocrx_word' id='word_1_448' title='bbox 1136 2271 1232 2318; x_wconf 87' lang='lat' dir='ltr'><strong>typis</strong></span> <span class='ocrx_word' id='word_1_449' title='bbox 1260 2271 1437 2319; x_wconf 84' lang='lat' dir='ltr'><strong>expreffis.</strong></span> <span class='ocrx_word' id='word_1_450' title='bbox 1458 2269 1653 2308; x_wconf 88' lang='lat' dir='ltr'><strong>VORST.</strong></span> <span class='ocrx_word' id='word_1_451' title='bbox 1700 2275 1866 2309; x_wconf 70' lang='lat' dir='ltr'><strong>laniatui</strong></span> <span class='ocrx_word' id='word_1_452' title='bbox 1887 2275 1959 2321; x_wconf 84' lang='lat' dir='ltr'><strong>fint</strong></span> <span class='ocrx_word' id='word_1_453' title='bbox 1988 2277 2096 2313; x_wconf 80' lang='lat' dir='ltr'><strong>etiam</strong></span> 
     </span>
     <span class='ocr_line' id='line_1_53' title="bbox 1135 2320 2096 2372; baseline 0.006 -15"><span class='ocrx_word' id='word_1_454' title='bbox 1135 2320 1245 2358; x_wconf 88' lang='lat' dir='ltr'><strong>nostri</strong></span> <span class='ocrx_word' id='word_1_455' title='bbox 1275 2322 1382 2359; x_wconf 91' lang='lat' dir='ltr'><strong>MSS.</strong></span> <span class='ocrx_word' id='word_1_456' title='bbox 1407 2322 1620 2360; x_wconf 84' lang='lat' dir='ltr'><strong>anteferunt</strong></span> <span class='ocrx_word' id='word_1_457' title='bbox 1640 2321 1679 2358; x_wconf 62' lang='grc' dir='ltr'><strong>ὃς</strong></span> <span class='ocrx_word' id='word_1_458' title='bbox 1701 2323 1809 2372; x_wconf 87' lang='lat' dir='ltr'><strong>Mog.</strong></span> <span class='ocrx_word' id='word_1_459' title='bbox 1836 2335 1919 2362; x_wconf 89' lang='lat' dir='ltr'><strong>cum</strong></span> <span class='ocrx_word' id='word_1_460' title='bbox 1944 2327 2096 2363; x_wconf 88' lang='lat' dir='ltr'><strong>Mediol.</strong></span> 
     </span>
     <span class='ocr_line' id='line_1_54' title="bbox 1135 2372 2097 2424; baseline 0.007 -17"><span class='ocrx_word' id='word_1_461' title='bbox 1135 2372 1460 2419; x_wconf 88' lang='lat' dir='ltr'><strong>quemadmodum</strong></span> <span class='ocrx_word' id='word_1_462' title='bbox 1482 2372 1571 2411; x_wconf 89' lang='lat' dir='ltr'><strong>illud</strong></span> <span class='ocrx_word' id='word_1_463' title='bbox 1595 2383 1747 2420; x_wconf 88' lang='lat' dir='ltr'><strong>quoque</strong></span> <span class='ocrx_word' id='word_1_464' title='bbox 1763 2399 1774 2417; x_wconf 86' lang='lat'>,</span> <span class='ocrx_word' id='word_1_465' title='bbox 1800 2376 1903 2424; x_wconf 88' lang='lat' dir='ltr'><strong>quod</strong></span> <span class='ocrx_word' id='word_1_466' title='bbox 1926 2376 1970 2413; x_wconf 92' lang='lat' dir='ltr'><strong>de</strong></span> <span class='ocrx_word' id='word_1_467' title='bbox 1989 2377 2097 2414; x_wconf 85' lang='lat' dir='ltr'><strong>Bran-</strong></span> 
     </span>
     <span class='ocr_line' id='line_1_55' title="bbox 1133 2420 2091 2472; baseline 0.003 -14"><span class='ocrx_word' id='word_1_468' title='bbox 1133 2420 1335 2472; x_wconf 86' lang='lat' dir='ltr'><strong>deburgicis</strong></span> <span class='ocrx_word' id='word_1_469' title='bbox 1367 2425 1516 2462; x_wconf 83' lang='lat' dir='ltr'><strong>testatur</strong></span> <span class='ocrx_word' id='word_1_470' title='bbox 1551 2422 1731 2461; x_wconf 89' lang='lat' dir='ltr'><strong>Vorstius.</strong></span> <span class='ocrx_word' id='word_1_471' title='bbox 1776 2426 1871 2472; x_wconf 59' lang='lat' dir='ltr'><strong>Quae</strong></span> <span class='ocrx_word' id='word_1_472' title='bbox 1902 2427 2024 2463; x_wconf 77' lang='lat' dir='ltr'><strong>tabidis</strong></span> <span class='ocrx_word' id='word_1_473' title='bbox 2057 2430 2091 2461; x_wconf 83' lang='lat' dir='ltr'><strong>in</strong></span> 
     </span>
     <span class='ocr_line' id='line_1_56' title="bbox 1129 2474 2094 2523; baseline 0.006 -16"><span class='ocrx_word' id='word_1_474' title='bbox 1129 2474 1312 2519; x_wconf 80' lang='lat' dir='ltr'><strong>corporibus</strong></span> <span class='ocrx_word' id='word_1_475' title='bbox 1338 2477 1427 2523; x_wconf 80' lang='lat' dir='ltr'><strong>nasci</strong></span> <span class='ocrx_word' id='word_1_476' title='bbox 1456 2476 1568 2522; x_wconf 84' lang='lat' dir='ltr'><strong>solent</strong></span> <span class='ocrx_word' id='word_1_477' title='bbox 1589 2502 1602 2518; x_wconf 94' lang='lat'><em>‚</em></span> <span class='ocrx_word' id='word_1_478' title='bbox 1646 2480 1687 2510; x_wconf 90' lang='lat' dir='ltr'><strong>ut</strong></span> <span class='ocrx_word' id='word_1_479' title='bbox 1716 2475 1896 2515; x_wconf 58' lang='lat' dir='ltr'><strong>&gt;edebatur</strong></span> <span class='ocrx_word' id='word_1_480' title='bbox 1929 2485 2010 2514; x_wconf 78' lang='lat' dir='ltr'><strong>ante</strong></span> <span class='ocrx_word' id='word_1_481' title='bbox 2035 2477 2094 2513; x_wconf 89' lang='lat' dir='ltr'><strong>Pi-</strong></span> 
     </span>
     <span class='ocr_line' id='line_1_57' title="bbox 1129 2522 1714 2576; baseline 0.002 -16"><span class='ocrx_word' id='word_1_482' title='bbox 1129 2522 1256 2571; x_wconf 88' lang='lat' dir='ltr'><strong>ghium</strong></span> <span class='ocrx_word' id='word_1_483' title='bbox 1273 2553 1284 2570; x_wconf 90' lang='lat'><strong><em>,</em></strong></span> <span class='ocrx_word' id='word_1_484' title='bbox 1314 2533 1426 2576; x_wconf 86' lang='lat' dir='ltr'><strong>atque</strong></span> <span class='ocrx_word' id='word_1_485' title='bbox 1452 2524 1540 2563; x_wconf 89' lang='lat' dir='ltr'><strong>ideo</strong></span> <span class='ocrx_word' id='word_1_486' title='bbox 1568 2523 1714 2563; x_wconf 88' lang='lat' dir='ltr'><strong>restitui.</strong></span> 
     </span>
    </p>
   </div>
   <div class='ocr_carea' id='block_1_7' title="bbox 1388 3058 1635 3100">
    <p class='ocr_par' dir='ltr' id='par_1_11' title="bbox 1388 3058 1635 3100">
     <span class='ocr_line' id='line_1_58' title="bbox 1388 3058 1635 3100; baseline -0.004 -4"><span class='ocrx_word' id='word_1_487' title='bbox 1388 3058 1421 3096; x_wconf 94' lang='lat' dir='ltr'><strong>K</strong></span> <span class='ocrx_word' id='word_1_488' title='bbox 1431 3061 1455 3100; x_wconf 91' lang='lat' dir='ltr'>k</span> <span class='ocrx_word' id='word_1_489' title='bbox 1466 3061 1489 3098; x_wconf 80' lang='lat' dir='ltr'>k</span> <span class='ocrx_word' id='word_1_490' title='bbox 1524 3060 1546 3097; x_wconf 67' lang='lat' dir='ltr'><strong>l&lt;</strong></span> <span class='ocrx_word' id='word_1_491' title='bbox 1557 3059 1579 3097; x_wconf 89' lang='lat' dir='ltr'>k</span> <span class='ocrx_word' id='word_1_492' title='bbox 1616 3071 1635 3095; x_wconf 85' lang='lat'><strong>2.</strong></span> 
     </span>
    </p>
   </div>
   <div class='ocr_carea' id='block_1_8' title="bbox 2127 278 2329 388">
    <p class='ocr_par' dir='ltr' id='par_1_12' title="bbox 2127 278 2329 388">
     <span class='ocr_line' id='line_1_59' title="bbox 2127 278 2294 311; baseline 0.012 -6"><span class='ocrx_word' id='word_1_493' title='bbox 2127 278 2206 305; x_wconf 85' lang='lat' dir='ltr'><strong>Aen.</strong></span> <span class='ocrx_word' id='word_1_494' title='bbox 2223 279 2294 311; x_wconf 82' lang='lat'>485-</span> 
     </span>
     <span class='ocr_line' id='line_1_60' title="bbox 2130 316 2329 363; baseline -0.01 -17"><span class='ocrx_word' id='word_1_495' title='bbox 2130 316 2169 363; x_wconf 76' lang='lat' dir='ltr'><strong>de</strong></span> <span class='ocrx_word' id='word_1_496' title='bbox 2197 318 2329 346; x_wconf 81' lang='lat' dir='ltr'><strong>Mezen-</strong></span> 
     </span>
     <span class='ocr_line' id='line_1_61' title="bbox 2129 366 2189 388; baseline 0 0"><span class='ocrx_word' id='word_1_497' title='bbox 2129 366 2189 388; x_wconf 79' lang='lat' dir='ltr'><strong>tio.</strong></span> 
     </span>
    </p>
   </div>
   <div class='ocr_carea' id='block_1_9' title="bbox 2192 505 2246 531">
    <p class='ocr_par' dir='ltr' id='par_1_13' title="bbox 2192 505 2246 531">
     <span class='ocr_line' id='line_1_62' title="bbox 2192 505 2246 531; baseline -0.019 0"><span class='ocrx_word' id='word_1_498' title='bbox 2192 505 2246 531; x_wconf 87' lang='lat'><strong>11.</strong></span> 
     </span>
    </p>
   </div>
  </div>
 </body>
</html>
