2516 3509
553 80 700 135 'DE
781 83 920 142 ·PA
962 87 1281 152 U'PzssR
1323 97 1377 153 T
1419 97 1565 153 AT
1606 95 1669 149 E.

2018 87 2124 158 3³69

116 181 228 230 GUIO
251 179 451 228 sustineri
469 173 633 227 voluit..
683 183 829 247 Papus
849 203 1033 251 quoque
1056 189 1152 238 satis
1173 193 1394 254 animose,
1428 195 1507 256 qui
1527 208 1635 240 cum
1657 185 1917 235 hereditatis
1935 187 2123 234 nomine

117 276 168 306 ea
187 257 450 323 accepisset,
487 258 719 322 religionis
740 265 885 310 caussa
907 266 1192 316 abalienanda
1214 287 1306 317 non
1331 272 1524 334 putavit.

155 334 256 380 ..Illi
281 335 417 380 etiam
441 334 736 398 praedivites,
775 340 816 366 28
839 341 916 402 qui
941 341 995 387 ab
1016 357 1160 391 aratro
1183 346 1513 392 arcessebantur
1546 355 1599 390 ut
1633 357 1777 388 coss.
1816 338 2005 397 fierent,
2038 354 2123 384 vo-

111 409 302 473 luptatis
323 411 468 458 CstUff‘d
491 411 636 458 sterile
660 427 796 477 atque
816 417 1183 467 aestuofisiimum
1222 429 1266 459 Ζ9
1290 423 1510 485 Pupiniae
1532 420 1674 467 solum
1689 416 1928 462 versabant
1942 449 1957 474 9
1986 421 2028 452 30
2042 415 2119 460 dea

115 487 414 550 liciarumque
444 488 589 550 gratia
621 489 872 537 vastissimas
903 492 1054 556 glebas
1081 495 1283 558 plurimo
1323 512 1430 541 cum
1463 493 1623 541 sudore
1656 489 1935 552 dissipabant.

2016 490 2117 535 Imo

117 581 226 612 Vero
262 581 375 628 quos
406 566 607 628 pericula
640 568 750 631 reip.
799 575 836 605 3¹
875 571 1168 634 imperatores
1194 573 1438 620 affer-eoam
1458 607 1474 631 ,
1517 571 1747 636 angustiae
1785 569 1847 613 rei
1890 566 2116 614 finni-liaris

117 642 255 705 (quid
278 642 656 707 ceffoproprium
675 662 844 693 nornen
866 649 1046 694 veritati
1065 650 1303 709 reddere?)
1339 650 1565 698 bubulcos
1588 649 1686 695 fieri
1709 645 1950 709 cogebant.

186 725 227 756 3²
250 720 447 767 Atilium
469 734 621 768 autem
636 755 650 781 ,
673 723 751 785 qui
770 722 825 768 ad
849 738 953 770 eum
976 725 1280 773 arcessendum
1301 744 1325 773 a
1347 725 1498 773 senatu
1523 724 1637 771 mifii
1661 735 1786 770 erant
1805 720 1860 766 ad
1879 720 2121 783 imperium

112 928 228 972 fatur,
255 929 337 965 circa
359 929 530 978 Tuftulum
548 928 670 967 urbem.
730 930 834 968 Dicit
862 937 989 968 tamen
1011 933 1090 970 Va-

110 977 221 1016 lerius
239 980 376 1029 ubique
394 981 546 1028 Pupinia
562 1008 572 1024 ‚
600 993 678 1018 non
696 981 868 1029 pupinus.
896 982 1089 1020 COLER.

112 1032 406 1078 Aestuofiffimum
424 1033 588 1080 Pupiniae
598 1034 709 1079 solum
729 1031 916 1078 verfizhant.
946 1033 1087 1071 Festus:

111 1083 254 1129 Pupinia
274 1082 380 1118 tribus
394 1110 403 1125 ,
430 1082 472 1117 ab
491 1085 566 1132 agri
586 1085 715 1118 nomine
734 1080 823 1130 diffu
838 1111 847 1126 ‚
868 1084 928 1132 qui
942 1086 1090 1134 Pupinus

110 1133 324 1179 appellatur,
350 1134 433 1168 circa
457 1134 630 1181 Tufiulum
649 1133 769 1170 urbem.
822 1134 923 1181 Ergo
945 1146 1030 1183 ager
1050 1138 1089 1174 &

110 1184 263 1230 pupinus
296 1184 411 1221 dietus
438 1184 519 1221 fuit.
572 1183 706 1221 Noster
735 1183 846 1232 paulo
867 1185 946 1233 post
973 1186 1089 1224 rursus

110 1233 291 1281 ,Pupiniam
320 1243 443 1272 vocat.
515 1234 663 1272 Dicitur
694 1243 820 1272 autem
845 1237 1088 1283 aestuofiffimus

113 1294 201 1331 ager
219 1285 302 1328 iste,
331 1285 435 1335 quod
455 1284 578 1322 ardori
610 1284 690 1323 solis
709 1285 908 1334 subjectus,
938 1288 1089 1326 multus-

114 1346 189 1384 que
217 1336 257 1372 in
285 1347 333 1373 eo
367 1336 480 1373 aestus
498 1333 595 1373 esset.
624 1336 818 1374 VORST.
871 1337 956 1375 Imo
976 1340 1087 1377 etiam

108 1388 281 1435 Pupinia,
309 1388 348 1424 δί
369 1387 585 1436 Pupinienfis.
615 1387 694 1424 Cic.
724 1389 792 1425 Or.
812 1400 854 1424 11.
875 1390 913 1425 in
938 1390 1019 1427 Rul.
1041 1391 1086 1428 C.

107 1447 171 1485 132.
198 1443 326 1486 <Agros
346 1453 424 1474 vero
448 1442 650 1474 Vaticanum
669 1447 714 1474 ω’
738 1440 912 1488 Pupiniam
933 1455 1002 1477 cum
1015 1444 1088 1489 suis

111 1486 349 1536 (Campani)
377 1489 508 1537 optimis
536 1500 638 1538 atque
660 1488 811 1526 uberibus
840 1494 961 1539 campis
983 1495 1088 1539 confe-

111 1536 227 1574 rondes
253 1541 379 1587 fiilicet
408 1554 472 1575 non
492 1540 671 1588 putabunt.
722 1539 785 1577 Ad
816 1553 929 1590 quem
959 1542 1086 1582 locum

114 1589 201 1626 vide
215 1590 450 1627 Turnebum.
488 1591 608 1627 Varro
633 1591 678 1628 de
700 1592 745 1628 R.
768 1593 813 1628 R.
835 1593 880 1629 L.
908 1606 937 1630 1.
957 1607 992 1641 9.
1015 1597 1090 1631 Ita-

113 1653 176 1689 que
193 1642 229 1676 in
249 1642 292 1676 iis
306 1668 316 1684 ‚
343 1652 381 1676 ut
396 1643 433 1677 in
454 1643 595 1691 Pupinia
610 1669 620 1685 ‚
646 1656 749 1691 neque
767 1642 895 1679 arbores
914 1646 1088 1692 prolixas,

104 1705 213 1740 neque
231 1693 318 1728 vites
340 1695 465 1739 feraces
478 1720 489 1736 ,
523 1706 626 1743 neque
637 1696 823 1741 stramenta
851 1693 964 1731 videre
984 1696 1087 1744 craffiz

131 1742 212 1788 qffis.

102 1751 129 1792 p
160 1804 220 1842 30.
257 1794 525 1844 Deliciarumque
549 1794 686 1844 ignari]
730 1794 878 1843 Pighius
907 1794 946 1832 in
974 1807 1088 1845 marg.

111 1851 245 1881 monet
264 1844 353 1882 alios
368 1846 503 1883 habere
517 1849 637 1896 gratia
656 1848 695 1883 ὅ(
715 1845 763 1882 su:
776 1846 858 1883 MS.
884 1854 994 1896 atque
1014 1848 1088 1885 hoc

112 1894 260 1933 videtur
279 1896 551 1944 reponendum.
577 1896 838 1934 Praecedentia
855 1898 984 1935 omnia
1005 1899 1087 1936 Iro-

113 1944 215 1982 niam
246 1947 458 1994 praeferunt
476 1975 487 1991 ,
524 1948 563 1984 &
594 1948 686 1985 serio
716 1947 871 1985 demum
897 1947 1085 1998 loquitur,

112 2006 231 2047 quum
261 1996 310 2033 ait
329 1999 393 2034 imo
411 2013 500 2034 vero.
553 1997 728 2036 Similiter
759 1998 920 2037 turbavit
939 2000 1086 2048 Pighius

115 2046 209 2082 L.v.
230 2058 263 2095 3.
286 2047 369 2084 Ext.
392 2060 426 2097 3.
444 2057 486 2086 ut
503 2047 576 2085 illic
595 2049 812 2087 videbimus.
838 2049 1085 2088 PERIZON.

110 2097 225 2146 Ignari
243 2099 441 2146 occupavit
470 2099 582 2136 etiam
600 2100 788 2149 plerasque
807 2108 892 2137 ante
912 2101 1083 2148 Pighium

111 2147 207 2184 Edd.
239 2148 346 2195 Mog.
372 2157 500 2186 tamen
522 2153 642 2199 gratia
670 2150 809 2194 habet3
849 2151 953 2199 quod
980 2152 1085 2188 inve-

110 2198 177 2235 nio
218 2198 255 2234 in
297 2200 339 2235 M
354 2199 375 2236 S
390 2199 423 2236 S.
461 2199 606 2237 decern.
683 2201 780 2239 Tres
816 2200 953 2238 habent
977 2203 1086 2251 grati.

113 2246 219 2286 Barb.
249 2249 357 2295 prim.
377 2252 475 2298 grati
502 2251 548 2285 al’
563 2251 703 2299 ignari,
732 2252 770 2287 δε
799 2249 846 2287 fic
872 2251 980 2288 Leid.
999 2254 1087 2299 sept.

112 2308 156 2337 ut
176 2299 345 2336 credibile
367 2300 408 2337 fit
426 2302 538 2349 ignari
550 2309 675 2337 ortum
696 2299 768 2337 effe
787 2300 832 2338 ab
852 2300 989 2352 iis,qui
1009 2315 1087 2340 non

112 2350 364 2399 intelligebant
383 2351 575 2388 auctorem
595 2350 687 2388 serio
707 2363 786 2389 non
814 2350 929 2400 loqui.
957 2358 991 2389 vl
1003 2367 1088 2405 gra-

112 2403 165 2439 tia
186 2401 282 2439 adeo
304 2402 364 2438 hic
383 2403 476 2439 mihi
497 2401 652 2450 placuit,
667 2410 706 2440 ut
723 2403 926 2451 receperim
944 2411 1003 2441 tot
1023 2416 1088 2443 co-

114 2452 241 2491 dicum
262 2452 481 2490 auetoritate
502 2453 538 2490 in
556 2460 788 2491 contextum.

166 2515 226 2553 31.
264 2504 475 2553 Imperatores
503 2502 730 2557 accerfibant]
767 2503 977 2552 eAffi’rcbant
999 2532 1009 2550 ‚
1050 2507 1087 2543 in

117 2554 369 2603 manuscriptis
398 2555 582 2592 omnibus.
633 2556 681 2592 Et
711 2555 748 2592 in
776 2554 941 2604 sequenti
962 2569 1089 2595 exem-

112 2605 201 2655 plo,
229 2611 345 2643 semen
361 2608 585 2657 aspergentem
604 2604 772 2643 viderunt.
794 2606 1089 2655 'Corrigendum,

114 2663 158 2695 ut
177 2657 225 2694 est
246 2658 283 2694 in
304 2657 560 2695 Gemblacenfi
574 2686 584 2700 ,
610 2658 743 2694 semina
766 2658 974 2707 spargentem
992 2657 1087 2696 vide-

117 2719 206 2744 runt.
243 2708 384 2746 PIGH.
435 2708 656 2757 afferebant.
691 2708 899 2747 Restiffime
926 2710 964 2747 in
992 2709 1087 2749 libro

117 2757 284 2797 Danielis
294 2760 531 2809 arceffiebant.
542 2772 612 2798 nec
623 2759 768 2807 Pighius
787 2768 929 2798 mutare
951 2761 1088 2800 debuit.

118 2807 401 2848 Arcessebantur
420 2812 519 2849 enim
543 2811 646 2861 prisci
666 2810 715 2847 illi
732 2822 776 2848 ex
794 2811 885 2858 agris
904 2810 950 2849 ad
970 2812 1020 2850 im
1026 2825 1090 2862 pe-

116 2859 196 2905 ria,
222 2860 269 2898 ad
296 2863 533 2911 magistratus.
583 2862 739 2900 Plinius:
767 2863 866 2898 Tales
893 2873 963 2899 tum
991 2866 1091 2901 etiam

117 2912 268 2949 viatores
286 2923 381 2949 erant
392 2941 403 2957 ‚
430 2913 517 2964 quod
534 2916 638 2964 ipsum
656 2927 770 2950 nomen
787 2911 928 2950 inditum
956 2919 1001 2962 est·
1011 2916 1093 2964 sub-

118 2961 196 3002 inde
212 2970 261 3002 ο·
287 2977 329 3003 ex
352 2965 448 3015 agris
473 2970 634 3006 Senatum
653 2966 828 3015 Ducesque
855 2965 1094 3014 arceffbntibus.

1143 982 1239 1029 Quod
1260 984 1361 1030 ipfiaem
1382 996 1497 1017 nomen
1516 979 1673 1017 indicium
1690 983 1745 1031 est.
1798 980 1857 1017 Sic
1887 979 1985 1017 idem
2010 981 2119 1018 Vale-

1142 1034 1214 1070 rius
1243 1034 1410 1081 sequenti
1439 1032 1636 1080 exemplo:
1667 1033 1734 1079 Qi
1754 1029 1798 1066 ad
1816 1046 1886 1067 eum
1904 1031 2118 1079 arcessendum

1140 1097 1161 1118 a
1183 1086 1304 1131 senatu
1330 1083 1413 1129 mtſjz‘
1442 1096 1549 1120 erant.
1586 1083 1617 1119 C
1632 1083 1814 1120 OLER.
1865 1085 1954 1129 Quos
1971 1086 2118 1131 pericula

1141 1138 1220 1183 reip.
1241 1137 1450 1183 imperatores
1469 1133 1659 1182 afferebant.
1690 1134 1743 1170 Ita
1765 1133 1802 1169 in
1824 1134 1995 1170 omnibus
2007 1135 2114 1171 MSS.

1142 1185 1212 1222 effe
1243 1186 1390 1222 testatur
1420 1185 1576 1233 Pighius.
1630 1185 1676 1221 Et
1706 1183 1840 1221 habent
1861 1196 2013 1234 quoque
2035 1197 2111 1222 non

1140 1236 1243 1273 aliter
1274 1236 1383 1273 codd.
1405 1235 1533 1273 Brand.
1563 1235 1719 1272 Colerus
1745 1243 1871 1272 tamen
1902 1236 2048 1272 testatur
2074 1237 2112 1273 in

1141 1288 1223 1325 cod.
1243 1286 1280 1323 P.
1302 1287 1467 1324 Danielis
1487 1285 1557 1323 effe
1575 1285 1782 1333 arceffi‘bant.
1829 1287 1877 1323 Et
1896 1295 2035 1323 veteres
2055 1294 2114 1334 ty-

1142 1339 1196 1386 pis
1227 1339 1377 1386 expreffi
1403 1338 1540 1375 habent
1561 1337 1770 1384 accersebant.
1820 1336 2113 1375 *Observandum

1142 1389 1366 1426 accusativos
1391 1389 1451 1425 hic
1477 1388 1570 1425 duos
1601 1386 1694 1432 esse,
1721 1402 1803 1437 quos
1833 1389 1871 1424 &
1892 1390 2112 1436 imperatores.

1140 1440 1286 1477 Dubito
1306 1449 1456 1483 autem,
1492 1451 1538 1476 an
1570 1438 1668 1476 recte
1696 1438 1837 1476 dicatur
1871 1438 2017 1486 arcessere
2045 1441 2111 1474 ali-

1139 1504 1236 1541 quem
1257 1493 1493 1540 imperatorem.
1524 1491 1606 1527 Nec
1625 1497 1701 1527 erat
1721 1489 1822 1539 quod
1836 1488 1990 1526 Colerus
2009 1501 2113 1536 urge-

1140 1542 1422 1586 ret‚Valerium
1447 1553 1538 1579 mox
1559 1541 1682 1578 dicere
1696 1569 1705 1584 ‚
1720 1542 1786 1590 Qi
1806 1538 1850 1576 ad
1868 1555 1939 1576 eum
1960 1540 2115 1587 arteffim-

1139 1591 1216 1629 dum
1239 1592 1259 1628 ἂ
1274 1597 1398 1641 senatu
1419 1593 1503 1638 mffl
1520 1603 1615 1629 erant
1635 1590 1679 1628 ad
1697 1593 1865 1641 imperium
1881 1594 1996 1640 populi
2018 1595 2117 1639 Rom.

1131 1643 1386 1692 sufiipiendum.
1434 1643 1599 1680 Multum
1619 1643 1718 1679 enim
1742 1643 1943 1690 discrepant
1967 1642 2117 1689 arceJJbre

1139 1696 1286 1745 aliquem
1302 1694 1346 1730 ad
1365 1696 1534 1742 imperium
1550 1692 1787 1742 sufiipiendum
1802 1694 1860 1731 ,&
1880 1691 2028 1740 arteJfi’re
2049 1695 2119 1728 ali-

1139 1759 1236 1795 quem
1254 1748 1490 1796 imperatorem.
1516 1745 1711 1782 VORST.
1763 1744 1992 1792 accersebant
2013 1744 2116 1781 Harl.

1141 1797 1249 1834 Leid.
1272 1798 1389 1846 quint.
1408 1804 1489 1833 tert.
1508 1795 1690 1843 afferebant
1703 1823 1713 1839 ‚
1732 1797 1788 1831 vel
1808 1795 2017 1843 accersebant.
2047 1794 2118 1831 Ul-

1139 1849 1219 1896 traj.
1250 1847 1317 1884 sec.
1348 1846 1546 1897 acersebant.
1574 1847 1642 1884 Bit.
1665 1847 1772 1895 prim.
1799 1845 1992 1895 afferebant.
2030 1845 2115 1882 reli-

1139 1900 1203 1948 qui
1221 1898 1413 1945 afferebant.
1467 1899 1636 1947 Optime.
1690 1897 1731 1934 Id
1750 1898 1847 1934 enim
1873 1897 1951 1934 vult
1970 1897 2116 1944 pericu-

1138 1948 1172 1986 la
1202 1951 1290 1997 reip.
1313 1947 1511 1988 vindicasse
1542 1961 1606 1986 eos
1637 1948 1749 1986 veluti
1778 1948 1815 1985 in
1834 1947 2038 1986 libertatem
2068 1946 2115 1984 ad

1137 2000 1338 2049 imperium
1369 1999 1636 2048 suscipiendum
1657 2028 1667 2043 ‚
1704 1999 1792 2036 dum
1831 1999 1890 2035 sua
1922 2006 2114 2047 paupertas

1140 2063 1204 2089 eos
1227 2051 1272 2089 ad
1292 2063 1384 2100 opus
1402 2051 1530 2089 servile
1548 2050 1765 2088 detrudebat
1779 2078 1788 2093 ‚
1810 2057 1850 2086 ut
1869 2049 2113 2087 bubulcorum

1139 2113 1295 2140 munere
1317 2104 1570 2151 fungerentur.
1622 2103 1678 2138 Ut
1698 2101 1818 2138 multo
1839 2099 1916 2147 plus
1946 2102 1983 2137 in
2004 2111 2049 2136 eo
2073 2098 2115 2136 fit

1137 2164 1250 2200 quarn
1280 2154 1319 2191 in
1343 2154 1495 2201 vulgato
1515 2153 1732 2201 arceffebant,
1761 2153 1798 2190 δε
1819 2151 1949 2188 clarior
1969 2149 2117 2200 opposi-

1138 2211 1206 2239 tlo.

1190 2265 1246 2302 32.
1276 2255 1333 2288 De
1355 2252 1515 2302 attilio]
1545 2253 1647 2290 Bene
1664 2252 1779 2289 habet
1796 2251 1920 2288 titulus
1940 2252 1977 2289 in
2005 2260 2112 2290 vetu-

1137 2302 1190 2340 sto
1213 2302 1354 2340 codice.
1406 2304 1573 2351 Quidam
1603 2313 1745 2341 temere
1775 2302 1990 2352 adjecerunt
2009 2304 2111 2340 Calas⁷

1137 2356 1217 2390 tino.
1267 2354 1413 2392 Servius
1432 2356 1651 2392 Honoratus
1670 2355 1941 2391 Grammaticus
1962 2353 2006 2390 ad
2024 2352 2110 2390 illud

1137 2404 1282 2453 Virgilii
1310 2404 1434 2444 irtvx.
1457 2406 1615 2444 Aeneid.
1655 2407 1722 2441 Vel
1749 2416 1781 2440 te
1799 2406 1914 2453 βοὴ-ο,
1949 2410 2108 2444 Summe,

1128 2458 1288 2504 serentem
1302 2483 1311 2499 ,
1341 2456 1389 2493 ita
1412 2457 1482 2494 ait:
1519 2458 1688 2496 „Attilius
1709 2454 1845 2506 quidam
1865 2461 2004 2492 senator
2017 2455 2108 2500 fnit,

1135 2509 1195 2557 qui
1214 2521 1315 2557 quum
1331 2520 1449 2557 agrum
1463 2511 1562 2555 fhum
1579 2510 1695 2544 coleret
1708 2536 1717 2551 ‚
1731 2519 1881 2544 evocatus
1896 2515 2024 2554 propter
2035 2504 2105 2536 vir-

1136 2568 1239 2594 tutem
1260 2562 1379 2595 meruit
1395 2557 1596 2596 difflaturam
1609 2588 1618 2604 ,
1641 2564 1803 2595 Serranus
1821 2569 1928 2593 autem
1942 2570 1961 2589 a
1974 2550 2108 2600 serendo

1137 2607 1246 2646 diam
1277 2613 1332 2658 est.
1384 2611 1491 2648 Haec
1522 2611 1592 2648 ille.
1645 2612 1755 2658 Quae
1790 2608 1813 2645 fi
1834 2604 2014 2659 v‹erasunt
2029 2630 2038 2645 ‚
2065 2611 2107 2639 ut

1139 2668 1254 2709 puto,
1281 2673 1360 2699 non
1379 2662 1663 2711 poterunt'haec
1683 2659 1792 2697 verba
1816 2656 1981 2693 Calatino
2005 2654 2110 2690 Con-

1139 2712 1204 2749 suli
1223 2712 1396 2756 adscribi,
1424 2725 1520 2763 quae
1551 2713 1611 2750 hic
1631 2710 1796 2764 Valerius
1809 2706 1948 2762 .'‘¹dfe“·.
1997 2704 2109 2760 Cete-

1140 2774 1223 2800 rum
1242 2764 1299 2800 M.
1311 2763 1459 2801 Attilius
1470 2763 1632 2810 Regulus
1652 2762 1678 2797 is
1692 2788 1701 2802 ‚
1723 2770 1782 2806 qui
1805 2769 1842 2792 m
1867 2756 1994 2813 Africa
2017 2767 2111 2803 peri-

1140 2814 1169 2851 it
1197 2813 1218 2852 a
1261 2813 1614 2863 Carthaginiensibus
1651 2810 1777 2847 misere
1806 2806 1995 2864 afflid‘ti153
2033 2805 2114 2842 Ser-

1142 2865 1221 2902 rani
1240 2866 1436 2914 progenies
1457 2866 1548 2908 fuit,
1576 2869 1637 2900 aut
1665 2868 1703 2897 ut
1723 2859 1921 2895 minimum
1947 2856 2109 2905 ejusdem

1141 2916 1322 2964 sanguinis
1334 2946 1343 2961 ,
1357 2925 1397 2954 ut
1406 2916 1576 2953 Valerius
1596 2911 1768 2960 proximo
1789 2908 1965 2946 subneffit
1983 2918 2112 2944 exem-

1143 2966 1219 3017 plo.
1248 2967 1362 3007 Multi
1377 2963 1674 3050 'alioquiffl‘ttilg'
1686 2968 1942 2999 memorantur
1955 2986 1966 3003 ‚
1987 2966 2021 2996 at
2042 2968 2127 3016 (33¹9.

1686 3022 1736 3050 aa
2035 3019 2120 3057 'prk—

2142 785 2224 813 Arm.
2247 782 2312 813 urb.

1958 800 2118 863 Popilli
2139 830 2210 862 496.
2223 827 2340 856 Cicera

2139 876 2196 906 pro
2221 865 2318 896 Rosc.

1144 929 1363 968 Videndum
1390 941 1436 966 an
1463 928 1679 978 'legendum
1719 927 1759 966 fit
1800 928 1897 976 apud
1936 929 2119 967 Plinium:
2141 909 2339 985 Qffi'iffffm'
