2516 3509
404 64 519 122 DE
591 66 1006 125 PIETATE
1073 69 1337 129 ERGA
1402 66 1860 125 PATRIAM.

2024 88 2135 145 497

200 167 277 216 Ab
320 164 480 212 eodem
525 163 654 212 fonte
698 167 877 230 pietatis
917 167 958 196 ⁶¹
997 169 1273 235 Thrasybuli
1308 184 1493 234 quoque
1526 167 1700 215 animus
1733 168 1944 217 manavit.
2013 169 2054 197 ⁶²
2090 172 2134 218 Is

130 406 240 452 dam
275 404 299 450 ἐ
335 403 522 450 consciis
554 402 733 451 dixiss'et
761 423 772 451 ε
819 408 1020 473 Qantas
1054 410 1218 457 tandem
1251 410 1334 456 tibi
1369 408 1566 454 Athenae
1590 421 1668 467 per
1701 419 1740 454 te
1771 411 2004 458 libertatem
2037 430 2128 460 con-

122 485 292 547 secutae
314 515 328 540 ‚
374 486 539 544 gratias
569 484 767 530 debebunt
793 485 816 530 Ρ
862 485 1090 550 respondit
1118 506 1128 535 ε

1176 489 1263 536 Dii
1284 487 1458 550 faciant
1477 518 1492 543 ‚
1538 495 1585 530 ut
1617 497 1794 546 quantas
1827 488 1907 548 ipse
1940 493 2024 536 illis
2058 493 2129 538 de..

130 567 199 612 beo
220 596 235 622 ,
282 563 432 609 videar
465 566 590 610 retuli
623 583 657 611 e.
725 563 765 601 ⁶3
813 564 927 626 Qo
970 566 1136 616 affectu
1180 567 1407 631 inclytum
1451 563 1700 612 destructae
1734 568 1977 631 tyrannidis
2011 589 2126 635 opus

131 641 262 690 laude
297 642 562 690 cumulavit.

195 718 533 766 Themistocles
568 730 718 768 autem
738 753 753 778 ‚
801 721 844 760 ⁶4
876 739 1012 786 quem
1045 725 1188 772 virtus
1232 723 1305 770 sua
1337 722 1559 771 victorem
1584 757 1599 782 ‚
1644 724 1808 788 injuria
1840 727 2008 789 patriae
2039 728 2124 774 im-

131 812 385 866 peratorem
420 798 651 844 Persarum
682 799 848 848 fecerat
869 835 885 860 ‚
930 816 982 850 ut
1026 803 1067 849 se
1100 803 1154 850 ab
1198 819 1248 850 ea
1279 803 1587 867 oppugnanda
1630 804 1868 852 abstineret
1890 840 1906 865 ‚
1950 808 2124 855 institu-

133 893 184 926 to
218 876 439 925 sacrificio
463 910 477 934 ,
525 890 771 940 exceptum
815 892 966 941 patera
994 880 1032 914 ⁶⁵
1069 882 1185 952 tauri
1230 879 1491 944 sanguinem
1535 881 1682 928 haufit
1707 915 1722 940 ‚
1768 882 1816 928 &
1846 898 1949 931 ante
1989 885 2126 950 ipsam

128 975 250 1005 aram
272 991 287 1016 ,
336 956 458 1020 quasi
500 957 715 1019 quaedam
756 960 940 1005 Pietatis
985 958 1101 1005 clara

1144 959 1328 1007 victima
1370 960 1589 1008 concidit.
1659 958 1773 1021 Quo
1808 964 1992 1025 quidem
2028 980 2123 1014 tam

130 1034 414 1082 memorabili
449 1036 543 1097 ejus
577 1036 754 1082 excessu
777 1069 813 1094 ,,
838 1052 895 1082 ne
934 1036 1153 1084 Graeciae
1195 1038 1336 1086 altero
1372 1039 1690 1087 Themistocle
1725 1057 1839 1103 opus
1872 1044 1978 1091 effet
2002 1079 2017 1104 ,
2061 1042 2125 1090 ef=

132 1115 303 1163 fectum
346 1115 423 1160 est.

130 1327 212 1359 rant
232 1321 432 1370 scriptores.
484 1323 545 1360 De
561 1322 689 1361 habitu
717 1322 849 1362 humssi
874 1326 913 1363 δε
929 1325 992 1365 vili
1020 1328 1100 1367 satis

129 1372 398 1418 consentiunt,
434 1382 474 1410 ut
494 1375 661 1419 famulari
689 1375 841 1423 rejicere
866 1389 943 1414 non
971 1378 1097 1417 ausim.

131 1422 259 1460 Potuit
280 1425 377 1473 ligna
398 1426 530 1472 secuisse
554 1436 638 1461 ‘non
665 1433 856 1474 tamquam
886 1428 1099 1476 pabulatum

131 1471 255 1510 missus
285 1485 370 1510 cum
401 1474 515 1515 falce,
555 1475 615 1512 secl
644 1482 837 1525 tamquam
867 1478 1102 1529 doniinijus-

127 1523 189 1566 su,
204 1524 261 1560 vel
282 1524 486 1561 conduelus
508 1525 678 1563 mercede
700 1526 825 1564 habitu
846 1529 991 1567 aservili
1011 1531 1100 1569 nihil

133 1573 367 1622 discrepante.
380 1575 426 1612 Et
446 1575 493 1612 fic
511 1575 673 1613 similiter
693 1578 834 1615 variant
850 1579 968 1628 scripti
991 1582 1035 1619 L.
1048 1595 1099 1620 VI.

132 1635 167 1669 7.
197 1636 228 1673 3.
258 1626 510 1668 Ndulominus,
535 1629 703 1672 famulari
731 1631 816 1676 veste
836 1633 998 1679 sumpta,
1029 1647 1099 1669 cum

126 1676 255 1710 duabus
273 1678 405 1711 anctllis
423 1676 625 1726 totidemque
640 1680 748 1722 servis
765 1683 809 1715 ad
829 1695 899 1716 eum
920 1682 1094 1727 clandesti-

124 1739 172 1761 na
189 1727 275 1775 fuga
295 1730 458 1774 pervenit.
487 1727 548 1763 ubl
566 1727 663 1764 Vide.
684 1729 766 1766 Val.
781 1729 875 1768 Flac.
896 1731 1094 1772 L.11.268.

177 1777 251 1825 Ipsa
275 1777 369 1821 finus
394 1776 583 1827 hederisque
609 1780 698 1828 ligat
713 1781 940 1825 famularibus
961 1794 1069 1821 artus.

125 1827 299 1864 famulari
327 1828 438 1866 etiam
465 1828 664 1866 Perizonio
691 1841 769 1867 non
795 1830 1007 1881 displicuisse
1037 1835 1094 1872 vi-

120 1876 212 1915 deo.

175 1928 235 1975 58.
262 1930 329 1969 osc
346 1928 580 1976 pabulantium
607 1929 745 1972 hostium
766 1932 885 1983 globo]
915 1934 1092 1983 Ejusdem

126 1977 255 2015 codex.
298 1981 500 2027 palantium·
544 1981 664 2019 LIPS.
704 1983 807 2021 Harl.
837 1986 1090 2033 pululantium,

124 2035 197 2065 tres
219 2028 277 2064 alii
293 2029 606 2075 perambulantium.

175 2090 235 2126 59.
271 2081 369 2114 Falce
393 2080 586 2130 percufflm]
627 2082 771 2120 Graece
801 2082 954 2127 δρέπανον
993 2085 1092 2133 apud

123 2128 287 2166 Poliaen.
316 2129 418 2179 quod
436 2128 612 2177 fignificat
628 2135 775 2170 ‘cultrum
801 2135 984 2172 incurvum.
1010 2136 1090 2173 PE-

170 2231 232 2268 60.
261 2232 314 2265 Ne
334 2229 507 2267 Athenae
533 2230 725 2281 occiderent]
756 2234 852 2282 Cop.
880 2234 1088 2274 Exciderent.

121 2281 232 2319 Forte
249 2280 493 2316 Exciderentur.
520 2280 764 2320 PERIZON.

170 2332 230 2369 61.
258 2330 457 2378 Thrasybuli
478 2331 625 2381 quoque]
656 2333 715 2369 De
747 2333 821 2370 hoc
847 2335 1002 2380 Justinus
1026 2336 1085 2376 h'b.

121 2394 157 2420 v.
183 2381 343 2419 Diodor.
372 2381 510 2418 Siculus
536 2382 595 2419 lib.
615 2395 700 2420 xrv.
729 2383 943 2433 Xenophon
974 2389 1087 2427 ἑλληνι-

122 2435 179 2469 κιῶν
209 2440 245 2477 β.
273 2433 462 2469 Pausanias
491 2434 635 2470 Atticis.
677 2434 903 2472 Nominatus
927 2437 988 2474 hic
1016 2438 1086 2476 fuit

121 2483 281 2526 Tvffldijs.
294 2484 433 2520 Notior
455 2482 524 2527 est,
544 2496 653 2533 quam
679 2484 738 2521 hic
751 2485 997 2535 Thrasybulus
1009 2489 1085 2526 Mi-

121 2533 234 2570 lesius.
259 2534 451 2571 COLER.

169 2585 229 2621 62.
258 2587 291 2619 Is
312 2583 399 2633 cum]
433 2584 529 2633 Cop.
557 2585 594 2622 &
616 2585 722 2623 Leid.
750 2586 866 2636 quint.
902 2591 966 2635 Iste
989 2587 1080 2629 dum.

118 2635 196 2673 dum
215 2635 327 2672 etiam
345 2635 392 2671 est
412 2635 449 2672 in
470 2635 573 2673 Barb.

169 2686 228 2735 63.
258 2687 332 2734 Qo
354 2684 510 2734 affiHum
537 2688 694 2734 inclytum
720 2685 899 2734 destruam
927 2692 1083 2739 tyranni-

118 2736 172 2774 dis
198 2745 357 2786 opusv'c.
384 2737 463 2773 MS.
493 2735 619 2785 EffeHu
638 2737 782 2782 forsan,
807 2739 931 2787 Effizta.
960 2742 1001 2779 Id
1032 2743 1079 2781 est

114 2787 216 2824 dim.
270 2788 369 2823 Nam
397 2786 548 2824 affectus
576 2788 652 2835 ejus
680 2788 718 2824 in
745 2789 821 2836 ipso
850 2802 963 2839 opere
983 2805 1079 2843 quo-

120 2850 193 2888 que
214 2839 251 2874 &
269 2838 328 2873 vel
348 2838 542 2885 praecipue
563 2839 740 2886 apparuit.
779 2839 848 2877 Sed
867 2850 992 2880 tamen
1015 2846 1079 2882 uni

120 2888 254 2927 Codici
280 2899 358 2924 non
386 2896 527 2925 temere
545 2888 784 2927 credendum.
812 2891 941 2932 Claud.
969 2895 1079 2944 Epist.

109 2940 160 2979 ad
179 2937 390 2989 Olybritlm.
442 2937 534 2989 guid
554 2953 629 2978 rear
648 2937 779 2991 affatus
800 2942 887 2993 quod
913 2959 978 2983 mn
1000 2946 1083 2984 mihi

2045 1206 2126 1254 Sem

1150 1327 1273 1382 dirigis
1300 1332 1396 1369 ullos.
1414 1330 1660 1369 PERIZON.
1687 1331 1849 1382 Effeflum
1865 1335 2003 1375 habent
2015 1339 2122 1378 Harl.

1153 1380 1358 1419 Tredecim
1389 1393 1475 1419 cum
1503 1382 1671 1430 Vulgatis
1711 1383 1794 1422 edd.
1830 1399 1923 1435 quem
1949 1388 2117 1437 affet‘lum.

1151 1430 1212 1468 sed
1234 1440 1388 1483 uterque
1398 1432 1530 1482 Ultraj.
1544 1434 1749 1482 cum'Mog.
1772 1449 1835 1484 quo
1856 1435 1990 1486 affec‘iu.
2004 1440 2118 1490 Equi-

1152 1481 1263 1526 dem,
1301 1498 1397 1533 quem
1428 1482 1586 1533 afflatam
1616 1486 1796 1532 praefero.
1850 1487 1964 1535 Quasi
1996 1489 2114 1536 dicat,

1152 1544 1266 1581 quem
1288 1534 1465 1571 affectum
1485 1535 1613 1582 ingens
1631 1534 1707 1573 laus
1727 1547 1771 1572 ex
1792 1535 1967 1576 destructa
1990 1547 2116 1589 tyran-2

1153 1583 1238 1620 nide
1257 1584 1304 1622 est
1322 1584 1453 1622 secuta.
1481 1586 1570 1622 Hoc
1589 1585 1724 1623 affeetu
1746 1598 1830 1635 erga
1853 1590 2006 1636 patriam
2026 1603 2112 1631 cuin

1152 1632 1238 1672 effer
1252 1663 1261 1679 ‚
1274 1636 1428 1683 contigit
1447 1635 1510 1683 ipfi
1521 1635 1699 1684 insignem
1711 1637 1860 1675 laudem
1881 1650 1926 1676 ex
1936 1639 2114 1682 destruCta

1144 1685 1342 1731 tyrannide
1360 1694 1559 1734 reportare.
1574 1687 1678 1723 Harl.
1705 1689 1887 1734 exstinflae
1906 1692 2114 1737 tyrannidis„

1147 1735 1185 1771 ὃς
1202 1734 1277 1772 hoc
1295 1736 1406 1773 etiam
1425 1735 1703 1785 superscriptum
1736 1738 1785 1776 est
1809 1739 1847 1776 in
1864 1740 1972 1779 >Leid.
1998 1743 2118 1792 quin-¹

1145 1792 1199 1822 ῒΟ.

1198 1835 1255 1882 64.
1283 1837 1388 1885 Qem
1417 1837 1545 1880 injuria
1572 1837 1706 1884 patrt‘ae
1741 1840 1968 1888 imperatorem
1997 1845 2116 1890 Persa-

1146 1900 1219 1922 rum
1242 1887 1383 1937 fecerat]
1415 1888 1685 1926 Themistocles
1705 1891 1808 1938 quod
1834 1904 1853 1928 a
1879 1893 1946 1930 suis
1975 1894 2114 1934 civibus

1146 1937 1185 1973 in
1206 1937 1356 1976 exilium
1377 1939 1494 1987 pulsus
1507 1967 1519 1983 ‚
1537 1951 1580 1976 ac
1599 1939 1734 1977 deinde
1753 1942 1792 1978 δε
1811 1941 2028 1989 proditionis
2050 1945 2115 1983 da-

1146 1995 1295 2025 mnatus
1323 1989 1393 2025 fuit
1415 2017 1426 2033 ‚
1458 1988 1604 2027 neceffe
1633 1991 1759 2028 habuit
1778 1992 1823 2029 ad
1843 2004 1967 2041 regem
1987 1994 2111 2033 Persa-

1142 2048 1225 2074 rum
1245 2039 1280 2076 se
1303 2040 1496 2084 conferre,
1511 2041 1618 2089 eique
1640 2043 1906 2090 opprimendae
1927 2045 2107 2084 Graeciae

1139 2086 1241 2136 spem
1262 2090 1395 2128 facere.
1423 2091 1618 2130 VORST.

1190 2138 1248 2187 65.
1278 2142 1383 2177 Tauri
1401 2142 1621 2193 sanguinem]
1647 2142 1741 2181 Plin.
1763 2142 1820 2181 lib.
1849 2156 1985 2181 XXVIII.
2012 2156 2042 2182 C.
2069 2158 2108 2194 9.

1140 2188 1308 2226 Taurinus
1343 2191 1476 2240 quidem
1514 2194 1701 2241 (sanguis)
1739 2208 1845 2230 recens
1873 2197 1960 2231 inter
1980 2209 2108 2233 venena

1137 2240 1195 2282 est.
1223 2239 1328 2277 Idem
1349 2242 1457 2290 hujus
1475 2244 1526 2279 rei
1546 2242 1704 2280 caussam
1727 2245 1885 2292 explicat
1913 2245 1985 2283 alio
2004 2246 2104 2284 loco.

1139 2287 1200 2325 De
1221 2290 1324 2327 obitu
1344 2292 1421 2339 ejus
1441 2292 1621 2330 Plutarch.
1648 2293 1807 2338 Probus,
1836 2295 2077 2345 Thucydides
2090 2326 2102 2342 ,

1138 2338 1370 2388 Anthologia
1395 2341 1454 2379 lib.
1475 2355 1537 2380 111.
1558 2344 1750 2382 COLER.
1777 2348 1870 2394 Utse
1884 2346 1929 2382 ab
1947 2362 1984 2383 ea
2005 2359 2102 2394 oppu-

1130 2390 1271 2440 gnanda
1297 2392 1473 2436 abstineret
1489 2420 1499 2436 ‚
1527 2396 1620 2431 tauri
1633 2397 1834 2446 sanguinem
1852 2396 1972 2443 baufit.
1995 2399 2101 2452 Thu-

1134 2440 1835 2545 {gfflvdgggnssglgXsg¹a0gpfflssgg⁰35rgssffi
1849 2448 1989 2540 ἷῗὲἓέῗ
1998 2447 2096 2544 5:33.ss

1134 2542 1210 2590 regi
1241 2542 1286 2579 de
1314 2545 1559 2593 opprimenda
1589 2547 1744 2585 Graecia
1776 2549 1954 2595 pollicitus
1982 2544 2090 2589 esset„

1132 2593 1310 2640 praestare
1330 2596 1365 2631 se
1383 2594 1484 2643 poffe
1505 2596 1721 2646 desperaret.
1763 2600 1823 2636 De
1831 2598 1994 2646 ſsngus'ne
2015 2608 2093 2632 raca.

1130 2645 1203 2680 rino
1227 2644 1402 2684 scribit&
1422 2647 1557 2685 Plinius
1576 2648 1598 2685 l.
1617 2661 1753 2685 xxvm.
1783 2660 1811 2684 c.
1840 2661 1872 2694 ς).
1900 2646 2000 2702 quod
2030 2658 2087 2683 re-

1130 2705 1214 2732 cens
1240 2696 1336 2733 inter
1364 2709 1508 2735 venena
1539 2698 1589 2735 fit.
1618 2699 1809 2737 VORST.
1846 2696 1916 2732 Pro
1944 2696 2087 2741 fabula,

1128 2745 1232 2795 quod
1259 2746 1304 2784 de
1330 2751 1464 2785 taurino
1483 2751 1649 2800 sanguine
1676 2747 1845 2801 traditur⁷
1874 2745 2022 2790 habuit,
2051 2749 2091 2786 &

1129 2808 1149 2833 a
1181 2796 1369 2836 Clitarcho
1409 2801 1447 2837 ὃ(
1473 2799 1650 2836 Stratocle
1689 2797 1908 2835 Rhetonbus
1939 2797 2091 2842 fidium,

1130 2854 1170 2884 ut
1193 2847 1290 2885 hanc
1319 2858 1479 2887 mortem
1512 2850 1713 2891 rhetorice,
1743 2849 1780 2884 δε
1801 2848 1936 2895 tragice
1958 2860 2089 2887 ornare

1132 2896 1302 2946 poffent,
1320 2902 1465 2948 putavit
1488 2900 1565 2937 Cirr.
1594 2901 1629 2935 in
1652 2899 1764 2935 Bruto
1785 2909 1814 2934 c.
1838 2911 1890 2936 12.
1921 2898 2023 2935 Idem
2047 2899 2094 2936 de

1133 2948 1238 2988 Mida
1261 2951 1374 2990 refert
1394 2952 1504 2990 etiam
1519 2949 1701 2989 StraboL.
1720 2949 1868 2998 1.p.61.
1892 2949 1960 2986 Ed.
1988 2949 2093 2986 Paris.

1627 3001 1713 3038 Rl‘r
1950 2999 2007 3036 66.
2032 3002 2093 3036 ln«

131 263 242 295 cum
277 241 622 291 Atheniensium
656 245 817 292 urbem
852 247 1041 311 triginta
1074 262 1373 313 tyrannorum
1407 247 1639 294 teterrima
1672 245 1984 295 dominatione
2018 248 2129 297 libe·
2144 225 2341 340 ξιιῖἓὲιῖἶῗὲ,

118 336 229 374 ’rare
263 337 450 389 cuperet
472 359 487 384 ,
530 341 758 389 parvaque
792 343 929 375 manu
963 332 1184 378 maximae
1230 331 1294 376 rei
1327 329 1498 376 molem
1541 327 1864 392 aggrederetur
1885 363 1900 388 ‚
1945 329 1994 376 &
2026 348 2126 395 qui·
2140 353 2212 383 Aa.

2137 775 2295 831 rint-arith.

2139 837 2260 872 suidas.
