2516 3509
218 80 790 144 EXERclTATio
827 82 935 142 AD
975 84 1678 150 VAL.MAX.L112.V11.
1715 89 2002 149 cinvn.
2045 114 2156 170 907

155 209 242 243 nec
268 211 362 242 non
383 195 470 242 viri
495 191 621 240 doffi
643 192 699 240 ad
725 192 829 256 Caji
850 192 1163 240 Institutiones
1191 195 1262 240 lib.
1292 209 1307 240 1
1325 209 1362 239 1.
1397 196 1467 241 tit.
1490 194 1532 242 8.
1602 196 1678 243 Sic
1712 197 1834 244 enim
1866 197 1994 246 liberi
2027 196 2155 247 eran't

157 261 293 308 matri
321 258 443 324 quafi
471 258 817 323 consanguinei,
853 257 943 305 five
967 258 1120 306 fratres
1144 255 1191 304 &
1211 257 1380 305 sorores
1411 275 1467 305 ex
1491 260 1652 307 eodem
1676 275 1827 326 patre,
1861 252 2043 311 auCtore
2063 265 2152 311 Ul-

152 325 290 389 piano
315 325 363 371 in
385 323 541 370 eadem
563 323 827 371 Collatione
853 322 992 370 relato
1026 326 1066 370 d.
1101 326 1169 370 tit.
1203 340 1243 370 n.
1271 329 1316 373 6,.
1338 330 1460 369 ‘cum
1482 325 1645 371 mulier
1670 328 1732 373 ita
1754 328 1926 374 nubens
1957 330 2061 375 eslet
2083 331 2150 376 vi-

153 406 206 436 ro
241 402 471 454 tamquam
504 389 631 448 filia,
677 388 787 436 teste
818 388 936 452 Cajo
970 393 1012 436 in
1042 389 1132 435 ead.
1177 390 1327 435 Collat.
1362 390 1402 435 d.
1439 392 1508 434 tit.
1552 407 1591 436 n.
1628 405 1669 436 z.
1738 392 1803 438 At
1834 406 2147 457 praeterquam

155 453 283 529 quod
303 457 377 520 jus
410 454 523 501 illud
547 453 684 501 fuerit
717 453 901 517 fragile,
937 470 987 500 ac
1012 453 1198 500 muliere
1218 452 1372 516 postea
1393 454 1440 499 in
1466 453 1643 502 alterius
1668 471 1850 501 manum
1876 459 2167 505 convenien?

157 532 205 566 te
227 520 437 567 debuerit
459 517 742 575 evanescere,
778 535 872 565 non
894 517 958 564 est
981 517 1219 566 verisimile
1243 519 1491 581 Septiciam
1523 518 1605 565 alia
1635 520 1735 584 lege
1767 522 1905 583 priori
1936 523 2033 569 viro
2065 540 2147 570 nu-

156 583 311 648 psisse,
346 602 480 648 quam
515 584 777 649 posteriori,
811 584 885 630 cui
910 582 1063 629 dotem
1100 582 1388 629 solummodo
1418 583 1568 630 dedit:
1606 586 1807 648 adeoque
1841 587 1888 632 in
1918 589 2053 649 patris
2085 588 2147 634 sui

155 650 405 713 potestate,
441 650 512 696 vel
543 649 607 696 sui
636 650 748 713 juris
782 647 1028 694 remanfiffe
1048 648 1255 704 videtur5
1291 649 1400 711 quin
1431 665 1514 695 nec
1551 649 1625 695 illa
1656 651 1919 714 tempestate
1943 653 2147 699 mulieres

157 716 467 779 opulentiores
496 714 579 761 sese
611 715 716 762 viris
747 726 838 772 tam
874 713 983 759 dura
1017 712 1283 759 conditione
1309 714 1504 774 junxiffe
1525 713 1763 771 existimo,
1798 728 1848 761 ut
1880 714 1961 761 sese
1982 716 2147 763 demit-

156 792 305 828 terent
335 781 380 827 in
419 779 585 827 sortem
623 777 1007 825 filiarumfamilias
1028 812 1042 837 ,
1084 778 1206 824 bona
1233 777 1408 823 illarum
1442 778 1647 825 universa
1681 781 1865 825 maritus
1897 780 2149 843 adquireret

153 844 274 892 dotis
306 845 491 891 nomine
503 867 518 902 3
556 844 681 907 quod
716 843 885 891 facturn
921 844 1004 888 effe
1037 842 1173 889 docet
1208 841 1375 897 Cicero
1413 841 1545 903 Topic.
1582 858 1670 904 cap.
1706 859 1751 905 4.
1802 844 2003 907 adeoque
2033 845 2148 909 ipsae

154 910 271 956 nihil
307 910 470 956 habere
504 909 707 973 poss'ent,
743 908 824 953 nisi
859 907 1063 971 peculia,
1094 906 1339 954 secundum
1372 921 1529 954 notata
1559 908 1615 954 ad
1643 908 1890 972 Ulpianum
1916 914 2038 965 tit.9.
2061 927 2146 957 nec

155 974 420 1021 testamenta
450 973 621 1031 ficere,
664 974 733 1019 uti
760 972 932 1018 ostendi
955 973 1013 1017 ad
1030 972 1164 1018 eumd.
1187 975 1256 1017 tit.
1283 987 1357 1017 zo.
1396 982 1430 1029 §.
1463 987 1533 1033 15.
1602 975 1676 1019 An
1705 987 1856 1018 autem
1892 973 1994 1019 inde
2030 992 2145 1036 quo-

155 1055 244 1102 que
276 1041 393 1086 inter
427 1040 510 1085 alia
542 1038 654 1085 illud
688 1050 841 1098 ortum
878 1036 958 1096 fit,
992 1050 1044 1082 ut
1065 1035 1259 1083 Tiberio
1283 1037 1531 1100 imperante
1550 1054 1666 1083 rarae
1690 1038 1827 1084 efl'ent
1850 1037 2148 1086 confarreatae

156 1105 367 1167 nuptiae,
403 1103 528 1167 quod
552 1104 720 1150 indicat
741 1102 934 1148 Tacitus
960 1104 1123 1147 Amal.
1158 1103 1228 1146 lib.
1257 1117 1325 1147 1v.
1362 1116 1447 1162 cap.
1475 1108 1545 1149 16.
1579 1102 1652 1147 alii
1678 1102 1885 1149 viderint.
1955 1104 2072 1150 Dixi
2091 1102 2148 1151 de

157 1169 249 1216 hoc
276 1169 489 1232 exemplo
510 1167 680 1232 aliquid
703 1167 757 1213 ad
784 1166 1033 1229 Ulpianum
1057 1170 1124 1211 tit.
1141 1171 1215 1210 26.
1249 1174 1283 1221 §.
1308 1181 1353 1225 7.

226 1237 417 1295 Nuptias
448 1237 630 1281 mulieris
657 1270 664 1278 .
693 1271 702 1280 .
729 1268 736 1277 .
761 1229 1044 1292 improbavit]
1082 1231 1153 1277 Eo
1176 1228 1338 1292 usque,
1373 1229 1582 1277 videlicet
1599 1264 1614 1290 ,
1649 1247 1704 1277 ne
1726 1231 1796 1278 vir
1824 1231 1978 1278 dotem
2003 1232 2146 1281 lucra-

159 1311 310 1358 retur,
346 1299 402 1346 de
431 1316 524 1362 quo
559 1314 698 1354 mox3
735 1313 830 1342 non
859 1308 913 1342 ut
949 1295 1075 1357 plane
1109 1291 1243 1340 ess'ent
1273 1294 1431 1341 nullae.

222 1364 536 1425 Hereditatem]
576 1362 818 1427 Inproprie
841 1360 1046 1423 loquitur
1059 1381 1074 1416 3
1100 1374 1182 1405 nec
1203 1360 1324 1405 enim
1342 1359 1491 1406 liberis
1513 1359 1732 1406 hereditas
1748 1362 1849 1425 jure
1871 1361 1992 1407 civili
2018 1378 2147 1408 com-

157 1442 311 1493 petere
349 1442 554 1493 poterat;
591 1427 663 1474 sed
694 1439 874 1473 tantum
905 1426 1135 1473 bonorum
1168 1421 1369 1487 possessio
1397 1426 1500 1487 jure
1522 1424 1769 1471 Praetorio.
1835 1426 1965 1471 Haec
1996 1439 2146 1473 tamen

161 1494 638 1541 hereditatis⁶nomine
668 1491 897 1539 interdum
921 1491 1074 1544 venit;
1111 1505 1203 1535 non
1224 1489 1366 1535 modo
1390 1489 1436 1534 in
1457 1487 1606 1535 edicto
1631 1490 1786 1536 Verris
1806 1490 1945 1536 relato
1966 1507 1990 1536 a
2007 1490 2143 1537 Cice-

162 1575 273 1605 rone
297 1562 340 1606 in
365 1564 485 1604 Verr.
519 1561 590 1605 lib.
610 1575 647 1604 1.
683 1565 770 1617 cap.
793 1572 870 1616 45.
905 1554 976 1602 sed
998 1555 1045 1601 δί
1068 1555 1114 1599 in
1148 1557 1175 1600 l.
1206 1553 1310 1616 138.
1345 1555 1409 1600 D.
1443 1556 1491 1600 de
1524 1554 1686 1599 verbor.
1709 1555 1997 1615 fignification.

227 1628 327 1670 Non
350 1625 670 1685 quaerendorum
693 1623 916 1668 liberorum
940 1619 1065 1682 causa
1092 1618 1191 1680 ὃς]
1218 1620 1288 1664 Pii
1314 1619 1447 1681 hujus
1468 1618 1567 1664 voti
1588 1633 1746 1664 eorum
1761 1652 1776 1675 ,
1811 1619 1890 1680 qui
1915 1619 2149 1665 matrimo-

160 1688 239 1734 nio
268 1704 450 1751 operam
487 1687 619 1746 dant,
655 1686 828 1733 mentio
854 1685 953 1731 inl.
979 1699 1084 1730 220.
1120 1692 1157 1739 §.
1178 1696 1217 1745 3.
1252 1684 1317 1729 D.
1352 1686 1399 1728 de
1424 1684 1586 1741 verbor..
1607 1685 1898 1744 fignification.
1931 1682 1984 1728 ad
2013 1699 2148 1745 quem

153 1754 311 1800 locum
348 1754 475 1817 plura
504 1751 762 1818 congessere
783 1750 869 1798 viri
893 1748 1085 1806 eruditi,
1110 1748 1222 1793 item
1245 1746 1364 1811 apud
1386 1746 1640 1808 Ulpianum
1663 1750 1732 1792 tit.
1760 1761 1796 1810 3.
1812 1756 1848 1804 ς.
1865 1760 1903 1809 3.
1937 1747 1991 1794 ad
2011 1764 2147 1811 quem

156 1818 374 1865 nonnulla
401 1819 561 1879 adjeci.

221 1888 371 1930 Virum
394 1877 567 1930 retinere
588 1880 752 1942 vetuit]
791 1878 937 1941 Qlod
970 1877 1173 1941 alioquin
1194 1875 1378 1923 volebat
1396 1875 1509 1939 juris
1528 1873 1761 1938 dispositio
1786 1876 1831 1922 in
1855 1875 1963 1922 dote
1984 1875 2149 1923 adven-

159 1948 289 2007 titia,
325 1948 507 1995 auctore
526 1948 733 2010 Ulpiano
765 1949 889 1992 tito.
927 1953 1023 2005 §.5.
1058 1943 1149 1988 hoc
1170 1941 1262 2000 est,
1297 1941 1433 1999 dote,
1469 1956 1603 2003 quam
1629 1939 1719 2004 ipsa
1742 1941 1927 1999 mulier,
1957 1953 2033 1987 aut
2062 1957 2146 2004 pro

158 2013 234 2059 illa
263 2025 501 2059 extraneus
532 2012 657 2057 dedit
679 2045 694 2067 ,
736 2007 948 2072 oppofita
982 2007 1081 2053 doti
1114 2005 1401 2070 profestitiae
1422 2039 1436 2063 ‚
1482 2021 1617 2068 quam
1651 2018 1775 2068 pater
1805 2004 1963 2052 avusve
1995 2018 2142 2068 pater-

154 2093 236 2124 nus
268 2094 351 2140 pro
392 2076 484 2122 filia
512 2075 584 2122 vel
617 2086 753 2137 nepte
784 2073 861 2119 dat
883 2107 897 2131 ,
943 2075 1106 2131 Ulpian.
1144 2072 1184 2116 d.
1220 2075 1289 2117 tit.
1327 2077 1362 2125 §.
1383 2085 1421 2134 3.
1460 2073 1488 2116 l.
1506 2084 1549 2132 5.
1577 2084 1649 2130 pr.
1681 2071 1735 2123 69³
1764 2079 1824 2127 §§.
1845 2070 1960 2132 st’qq.
1996 2071 2061 2116 D.
2093 2071 2142 2115 de

141 2144 234 2204 jur.
257 2144 341 2188 dot.
377 2140 639 2205 Augustum
661 2155 799 2197 vero,
834 2150 887 2183 ut
919 2136 980 2182 ita
1001 2151 1057 2182 ex
1081 2135 1207 2181 bono
1232 2135 1280 2181 &
1302 2151 1447 2198 aequo
1469 2134 1590 2196 quafi
1615 2135 1827 2199 magister
1848 2150 2028 2180 morum
2050 2150 2144 2180 ma-

155 2208 253 2271 gis,
289 2223 422 2270 quam
441 2204 613 2269 judex,
645 2203 932 2261 decerneret,
969 2199 1156 2248 movisse
1178 2198 1358 2247 videtur
1377 2200 1441 2245 rei
1461 2198 1720 2263 indignitas.
1764 2200 1880 2246 Dixi
1901 2199 2069 2262 aliquid
2089 2199 2148 2245 ad

156 2275 316 2333 Ulpian.
352 2272 392 2316 d.
414 2274 444 2317 l.
1959 2277 1962 2279 “

221 2337 283 2384 V.
321 2338 541 2382 Praetoris
562 2332 686 2394 Urb.]
725 2332 796 2378 Ita
823 2329 943 2377 recte
960 2329 1179 2393 scriptum
1202 2328 1290 2374 est:
1327 2329 1516 2374 Praetor
1541 2328 1661 2374 enim
1685 2327 1902 2375 Urbanus
1926 2326 2039 2374 solus
2065 2326 2142 2372 ha-

156 2401 244 2449 stae
276 2400 616 2458 centumvirali,
653 2396 772 2461 apud
804 2412 939 2460 quam
973 2395 1080 2443 tales
1111 2391 1444 2441 controverfiae
1477 2394 1637 2457 agitari
1664 2392 1889 2450 solebant,
1922 2389 2111 2455 praefuit
2122 2409 2140 2444 ς

154 2467 210 2514 de
234 2483 326 2530 quo
355 2469 443 2529 jam
466 2464 639 2512 dietum
672 2462 759 2509 est:
794 2474 930 2524 atque
960 2461 1022 2508 ita
1050 2460 1187 2506 libros
1209 2471 1379 2506 veteres
1402 2458 1563 2505 habere
1585 2457 1771 2504 testatur
1796 2459 1880 2505 Vir
1902 2458 2141 2511 Summus,

154 2525 586 2594 Jacobus‘Cujacius
608 2528 903 2589 Obst’rvcztion.
935 2527 1007 2571 lib.
1036 2542 1103 2573 ιν.
1137 2539 1225 2585 cap.
1253 2537 1323 2585 15.
1356 2523 1613 2570 existimans
1644 2538 1851 2586 quoque,
1884 2533 1933 2566 ut
1956 2517 2139 2582 quidem

154 2598 268 2645 mihi
291 2590 497 2654 videtur,
525 2593 787 2650 rectissime,
810 2591 1037 2637 neminem
1061 2589 1373 2655 magistratum
1399 2589 1442 2634 in
1453 2589 1585 2636 Urbe
1612 2587 1772 2634 dedifl'e
1791 2585 2013 2631 bonorum
2038 2581 2139 2645 pos-

152 2662 411 2719 seffionem,
447 2676 560 2724 quae
593 2659 669 2705 hic
703 2657 804 2703 data
837 2668 1140 2712 memoratur,
1174 2654 1255 2701 nifi
1280 2655 1571 2712 Praetorem,
1606 2653 1695 2699 hoc
1727 2651 1872 2697 l‘altem
1905 2662 2139 2709 tempore,

155 2728 375 2792 (Pighius
406 2726 452 2772 in
483 2725 687 2788 margine
717 2721 819 2768 vult
851 2719 977 2766 fuiffe
1006 2719 1072 2767 U.
1111 2719 1168 2766 C.
1204 2735 1370 2767 annum
1394 2720 1683 2769 Iocmzxxu.)
1729 2717 1820 2761 imo
1846 2712 1893 2757 ἃ
1912 2712 1987 2757 diu
2013 2709 2139 2774 post-

153 2808 231 2848 ea;
261 2791 342 2838 nisi
371 2789 495 2853 quod
515 2790 650 2835 etiarn
672 2786 893 2833 Consules
918 2785 964 2832 id
985 2783 1131 2832 facere
1159 2785 1353 2849 potuisse
1384 2786 1526 2831 nolim
1552 2781 1755 2829 inficiari.
1805 2778 1914 2840 quin
1941 2777 1988 2823 ἃ
2024 2777 2141 2822 inte-

153 2859 246 2922 gris
275 2857 420 2904 verbis
452 2857 672 2916 Praetoris
705 2853 824 2898 Urbis
855 2850 1075 2915 scriptum
1108 2851 1154 2896 in
1189 2850 1306 2896 libro
1336 2850 1443 2897 MS.
1475 2848 1516 2896 se
1536 2844 1741 2895 inveniss'e
1774 2842 1959 2890 testatur
1982 2841 2045 2888 V.
2080 2839 2141 2886 C.

147 2925 244 2984 Jac.
278 2920 541 2969 Raevardus
568 2918 848 2964 Protrilmnal.
882 2930 1058 2978 cap.17,
1095 2913 1353 2977 Qomodo
1384 2915 1519 2960 etiam
1553 2914 1596 2958 in
1620 2908 1820 2975 pluribus
1848 2907 1941 2953 aliis
1974 2904 2141 2968 reperi-

151 2990 188 3035 ri
221 2987 403 3037 momiit
436 2982 733 3047 Do&issiinus
763 2981 1020 3029 Torrenius
1047 2980 1104 3029 ad
1134 2983 1179 3029 h.
1212 2984 1241 3028 l.
1306 2981 1467 3042 Itaque
1495 2977 1604 3024 stare
1633 2990 1724 3022 non
1758 2971 1906 3038 potest
1937 2968 2057 3034 quod
2090 2967 2139 3077 {n

1271 3045 1406 3107 ΥΠ
1452 3058 1524 3105 yy
1571 3056 1597 3087 2
2057 3049 2086 3095 Ρ
2107 3046 2152 3076 ⁸-
