2516 3509
362 145 469 200 826
616 141 1014 201 VALERII
1075 141 1454 199 MAXIMI
1503 143 2070 207 L1B.1X.CA1›.V1.

142 237 318 326 ξὲιὲὲιξειῖ..
359 266 517 314 aquam
550 248 680 299 sacris
715 251 914 316 petitum
947 263 1074 298 extra
1107 250 1286 298 moenia
1319 246 1532 311 egressam
1556 283 1571 308 ‚
1609 250 1774 299 Tatius
1796 286 1812 312 ,
1857 267 1910 301 ut
1944 266 2139 301 armatos
2175 254 2366 308 Sabinos

138 323 341 401 {fsbifflffiss
360 330 406 374 in
439 343 588 374 arcem
621 327 772 375 secum
807 328 1060 391 reciperet,
1095 324 1328 389 corrupit,
1363 322 1582 370 mercedis
1616 327 1804 373 nomine
1838 327 2042 392 pactam,
2078 346 2190 394 quae
2224 333 2271 380 in
2307 334 2363 384 fi-

145 413 194 433 ]i.
219 404 298 434 Plut.

141 446 286 474 Romulo

142 487 176 517 e&
190 486 254 518 aiii.

361 407 505 455 nisti-is
541 409 745 456 manibus
780 407 1015 473 gerebant.
1084 408 1227 454 Erant
1261 417 1413 451 autem
1447 404 1514 451 his
1550 405 1748 453 armillae
1772 440 1787 466 ,
1833 405 1881 453 δί
1917 408 2069 455 annuli
2105 427 2272 476 magno
2307 431 2365 463 ex

360 484 561 545 pondere
595 486 705 532 auri.
761 486 898 533 Loco
934 485 1138 547 potitum
1175 498 1337 546 agmen
1374 481 1676 542 Sabinorum,
1713 483 1908 546 puellam
1946 489 2198 548 praemium
2232 492 2364 560 flagi-

343 561 533 610 tantem
560 599 574 624 ,
619 564 752 610 armis
790 562 1004 610 obrutam
1039 561 1218 608 necavit
1244 594 1259 619 ‚
1307 565 1323 595 3
1363 558 1546 622 perinde
1579 559 1702 622 quafi
1738 561 2006 623 promissum
2030 596 2045 621 ,
2099 572 2121 603 4
2155 570 2280 631 quod
2315 589 2365 622 ea

356 656 541 705 quoque
576 640 708 687 laevis
741 639 1048 703 gestaverant,
1084 638 1280 688 solverit.
1328 635 1462 683 Absit
1498 636 1812 701 reprehensio:
1851 638 1956 700 quia
1989 638 2128 703 impia
2160 645 2366 706 proditio

139 879 225 906 Arm.
251 875 318 908 urb.

141 923 212 947 εει.
235 921 320 949 Suet.

141 961 173 989 in
196 961 288 989 Gallu.
311 972 338 996 3.

140 1000 230 1033 Oros.
261 1011 310 1039 xv,

141 1052 191 1075 21.

140 1241 226 1270 Ann.
251 1237 318 1269 urb.

153 1290 204 1314 ‚32
239 1284 299 1311 Eu-

140 1330 222 1362 trop.
243 1320 337 1357 Orus,

140 1365 340 1398 v.13.aliter.

138 1406 255 1446 scalig.
279 1407 318 1437 ad
502 1433 508 1440 .
702 1432 709 1438 .
781 1431 788 1437 .

207 1450 254 1479 eb.
279 1459 309 1479 n.
363 1444 463 1478 Uim
499 1449 546 1478 ln
581 1446 819 1495 psOVXUCla
852 1439 1085 1485 morante,

140 1448 200 1476 Eu!

146 1493 178 1509 -..0

360 721 495 766 celeri
530 736 675 785 poena
707 718 938 768 vindicata
971 719 1050 766 est.

427 803 521 850 Ser.
556 816 741 866 quoque
777 801 926 849 Galba
959 800 1156 847 summae
1197 796 1413 863 perfidiae
1435 831 1451 857 ‚
1499 797 1640 843 trium
1673 795 1795 841 enim
1831 794 2092 844 Lusitaniae
2125 800 2364 853 civitatum

362 895 620 928 convocato
656 881 862 945 populo,
899 892 1114 943 tanquam
1149 878 1205 924 de
1241 876 1498 924 commodis
1532 877 1628 940 ejus
1670 874 1850 922 acturus
1871 909 1887 934 ‚
1937 883 1950 913 5
1989 874 2161 941 septem
2196 881 2364 941 millia,

361 961 406 1005 in
442 960 605 1022 quibus
641 958 725 1005 flos
754 956 1010 1021 juventutis
1046 954 1340 1022 consistebat,
1375 953 1542 1011 electa,
1580 952 1628 998 δί
1649 952 1782 998 armis
1817 966 1981 1013 exuta,
2018 958 2184 1019 partim
2221 962 2364 1007 truci-

359 1036 518 1097 davit,
573 1039 738 1102 partim
783 1033 1004 1081 vendidit.

359 1115 673 1181 magnitudine
705 1112 906 1160 criminis
938 1109 1182 1157 anteceffit.

1073 1031 1094 1060 6
1195 1050 1255 1080 uo
1302 1031 1501 1078 facinore
1536 1029 1782 1075 maximam
1829 1026 2003 1075 cladem
2039 1029 2360 1097 barbarorum,

428 1206 445 1237 7
482 1198 570 1244 Cn.
606 1211 756 1244 autem
794 1193 1062 1242 Domitium
1095 1191 1258 1239 summi
1293 1189 1496 1253 generis,
1531 1185 1580 1232 Sc
1615 1185 1770 1249 magni
1804 1185 1943 1232 animi
1976 1187 2153 1248 virum,
2195 1191 2367 1240 nimiae

361 1291 392 1339 g

396 1274 531 1321 loriae
575 1274 799 1335 cupiditas
836 1269 1065 1335 perfidum
1107 1268 1297 1315 existere
1338 1267 1511 1331 coegit.
1583 1260 1601 1289 8
1639 1263 1784 1309 Iratus
1820 1278 2013 1326 namque
2047 1266 2229 1312 Bituito
2265 1271 2362 1333 regi

364 1354 706 1410 Arvernorum,
741 1348 866 1412 quod
899 1362 1005 1393 cum
1041 1345 1190 1403 suam,
1225 1358 1325 1391 tum
1361 1344 1498 1389 etiam
1535 1338 1847 1403 Allobrogum
1883 1353 2066 1403 gentem
2092 1374 2107 1399 ‚
2152 1340 2192 1386 se
2225 1345 2362 1392 etiam

356 1645 391 1683 bi
417 1645 550 1694 legitur
579 1643 713 1694 proinde
741 1658 777 1680 ac
813 1655 882 1692 pro
909 1639 1044 1689 perinde
1069 1655 1118 1678 ac.
1164 1638 1239 1676 Pro
1261 1639 1331 1686 sol-

354 1712 435 1732 vens
470 1696 580 1735 codd.
623 1695 755 1734 Brand.
800 1696 837 1732 &
864 1702 1009 1732 veteres
1047 1692 1143 1742 typis
1180 1690 1330 1738 expreffi

354 1748 491 1786 habent
515 1749 636 1798 jol-vit.
670 1746 868 1784 VORST.
908 1741 1050 1781 Proinde
1073 1741 1169 1792 qnafi
1190 1743 1331 1792 promis-

345 1802 448 1848 sum,
479 1799 567 1849 quod
588 1813 625 1834 ea
649 1812 776 1847 quoque
803 1797 911 1832 laevis
926 1798 1165 1845 gestaverant,
1182 1793 1332 1840 solvens.

359 1851 442 1888 MS.
462 1853 584 1897 solvit.
610 1849 657 1886 fic
678 1852 714 1887 δε
735 1847 865 1885 Brand.
893 1855 1050 1894 uterque
1069 1847 1107 1882 δί
1130 1852 1218 1881 vett.
1247 1842 1327 1880 edd.

359 1901 496 1950 scripsit
516 1902 686 1939 Valerius
708 1901 866 1948 solverit.
897 1897 1001 1947 quod
1031 1896 1138 1932 facile
1163 1895 1201 1931 in
1223 1893 1333 1941 solvit

359 1953 509 1990 transire
538 1953 684 2002 potuit,
706 1950 880 1999 scriptura
913 1947 1058 1985 concisa
1088 1945 1195 1983 ducfta
1219 1956 1283 1992 per
1309 1960 1332 1980 ν

358 2004 508 2042 lineola.
562 2003 668 2041 Idem
698 2001 819 2040 codex
848 2000 956 2038 habet
977 1997 1191 2050 gestaverat,
1220 1997 1333 2033 etiam

356 2055 447 2092 illud
465 2055 585 2098 reete,
605 2055 775 2102 quamvis
801 2063 923 2101 neque
936 2054 1154 2101 gestaverant
1187 2049 1328 2096 impro-

360 2106 460 2143 bem.
497 2105 743 2143 PERIZON.
791 2104 914 2140 Etiam
955 2101 1066 2138 nostri
1102 2099 1209 2137 MSS.
1249 2100 1328 2135 fere

362 2169 497 2195 omnes
507 2159 638 2204 suffivit,
652 2168 718 2205 pro
734 2156 878 2202 solverit
897 2183 906 2198 ,
927 2161 967 2190 ut
987 2152 1035 2189 est
1054 2152 1092 2188 in
1114 2149 1219 2188 Leid.
1241 2150 1328 2187 sext.

364 2209 558 2257 &optime
578 2208 650 2244 huc
670 2206 838 2256 quadrat.
860 2202 1005 2241 Proinde
1029 2215 1119 2240 unus
1139 2201 1241 2239 Barb.

410 2272 444 2305 4.
473 2259 568 2306 Quod
595 2273 631 2294 ea
660 2272 744 2308 quae
772 2259 880 2293 lae-vis
903 2252 1140 2307 gestaverant]
1185 2253 1227 2289 In
1257 2264 1330 2289 ma-

360 2311 569 2359 nuscriptis.-
610 2309 709 2360 Quod
736 2323 773 2344 ea
802 2321 931 2358 quoque
959 2307 1068 2341 laevis
1092 2307 1332 2354 gestaverant,

359 2364 506 2408 [alvens.
535 2360 676 2401 Recte,
704 2371 768 2408 per
792 2356 1036 2408 parenthesin.
1068 2356 1211 2393 PIGH.
1240 2358 1336 2405 290-

361 2428 426 2463 que
455 2413 566 2450 etiam
598 2411 704 2449 MSS.
743 2410 866 2447 nostri.

418 2478 452 2512 ς.
486 2469 616 2514 Septem
644 2460 773 2510 millia]
819 2459 927 2497 MSS.
961 2472 1088 2495 novem.
1115 2458 1226 2506 Mog.
1252 2458 1337 2495 Me-

367 2515 456 2553 diol.
495 2515 637 2553 Ascens.
680 2513 760 2550 0630
790 2512 913 2548 millia.
956 2509 1065 2546 Leid.
1102 2509 1220 2556 quint.
1253 2513 1337 2544 (en-

366 2578 437 2602 tum
468 2568 536 2602 0670
562 2566 683 2602 millia.
717 2564 803 2601 sext.
837 2574 924 2599 cum
956 2560 1088 2608 Copes.
1119 2562 1180 2601 sex
1212 2561 1335 2597 millia.

367 2619 466 2656 Ven.
491 2617 577 2656 Ald.
609 2617 646 2654 δε
665 2615 794 2665 reliqui
822 2614 934 2662 usque
964 2611 1010 2649 ad
1035 2610 1230 2658 Pighium,
1260 2616 1338 2646 No-

367 2685 442 2706 vem
474 2672 598 2705 millia.
623 2668 684 2704 ille
703 2670 830 2716 septem
856 2665 968 2701 millia
997 2661 1154 2699 dedit&
1176 2673 1260 2699 eum
1285 2663 1337 2699 se·

371 2723 457 2759 cuti.
488 2721 588 2759 Vide
608 2718 761 2757 Casaub.
788 2716 833 2755 ad
853 2716 950 2753 Suet.
977 2714 1015 2751 in
1036 2712 1151 2750 Galba
1171 2724 1248 2761 cap.
1279 2725 1312 2763 3.

420 2774 455 2810 6.
486 2774 557 2820 Quo
577 2773 731 2817 facinore
760 2769 944 2805 maximam
969 2763 1094 2801 cladem
1123 2763 1337 2801 barbarorum

370 2824 602 2874 magnitudine
630 2822 779 2858 criminis
807 2815 986 2866 anteceffit]
1016 2815 1143 2853 Sensus
1174 2816 1221 2853 est
1250 2816 1337 2855 licet

374 2876 538 2912 maxima
551 2873 670 2911 clades
691 2873 802 2910 fuerit
819 2871 1057 2908 barbarorum
1071 2874 1197 2904 tamen
1220 2870 1337 2916 majus

375 2926 480 2964 fuisse
509 2926 600 2963 illius
629 2926 769 2962 crimen
793 2951 802 2968 ‚
840 2922 1011 2972 adeoque
1042 2918 1337 2966 magnitudinem

376 2979 483 3016 cladis
511 2976 766 3025 magnitudine
793 2974 955 3012 criminis
975 2968 1207 3009 antecessisse.
1231 2970 1336 3008 MSS.

374 3031 486 3068 habet
508 3040 648 3079 partem.
698 3027 807 3064 Sensu
834 3038 912 3064 non
940 3023 1145 3065 deteriore,
1172 3020 1230 3057 sed
1258 3022 1338 3059 vul-
1381 3024 1413 3071 s

382 3093 508 3132 gatum
548 3079 731 3130 praefero.
786 3077 859 3117 Sed
887 3075 1033 3117 videtur
1058 3071 1258 3125 legendum
1284 3075 1337 3111 la-

1121 1426 1176 1472 ad
1211 1424 1287 1483 Q
1312 1423 1441 1471 Fabii
1476 1420 1734 1469 successoris
1769 1419 1833 1466 sui
1869 1419 2101 1468 dexteram
2138 1423 2363 1489 confuge-
2405 1472 2407 1475 Α

2317 1522 2366 1552 le

1383 1636 1487 1681 bem,
1530 1635 1588 1673 illa
1629 1636 1701 1684 ipsa
1742 1635 1844 1672 enim
1886 1633 2006 1672 clades
2045 1642 2120 1672 erat
2154 1634 2261 1684 ipsius
2295 1637 2363 1674 cri-

1385 1701 1485 1726 men.
1512 1687 1761 1725 PERIZON.
1790 1689 1927 1722 Partem
1952 1685 2063 1724 habet
2092 1687 2203 1724 etiam
2226 1687 2363 1736 Ultraj..

1384 1741 1492 1788 prim.
1513 1740 1550 1776 ἃ
1567 1739 1674 1776 Leid.
1697 1739 1768 1775 sex.
1792 1738 1905 1775 ceteri
1927 1738 2052 1774 cladem
2072 1739 2251 1782 retinent5
2277 1738 2360 1776 sen-

1383 1792 1420 1828 su
1450 1791 1530 1828 satis
1558 1789 1781 1827 commodo.

1436 1853 1470 1886 7.
1497 1845 1559 1878 Cn.
1585 1852 1697 1877 autem
1725 1838 1931 1888 Domitium]
1973 1838 2089 1887 Atqui
2110 1837 2266 1876 Fabium
2297 1840 2361 1878 ad-

1387 1893 1506 1930 versus
1542 1892 1642 1928 hunc
1679 1903 1805 1939 regem
1834 1888 2009 1938 pugnasse
2035 1888 2194 1927 scribunt
2226 1891 2358 1928 Livius

1386 1944 1467 1980 Lib.
1497 1955 1572 1980 Lxx.
1603 1944 1639 1980 ἃ
1660 1941 1811 1980 Orosius
1831 1942 1915 1979 Lib.
1937 1954 1972 1979 v.
2003 1941 2122 1989 capite
2146 1954 2199 1987 14.
2231 1942 2359 1995 COR:

1386 1996 1509 2032 ΚΑΙ).

1430 2046 1463 2083 8.
1494 2049 1606 2082 Iratus
1624 2058 1768 2092 namque
1789 2043 1916 2078 Bituito
1937 2040 2025 2093 regi]
2057 2041 2332 2091 Corrigendum
2347 2072 2358 2088 ‚

1382 2099 1534 2140 Betulw,
1548 2108 1592 2133 ex
1612 2095 1684 2132 fide
1704 2094 1845 2143 antiqui
1868 2093 2064 2130 marmoris
2078 2121 2087 2135 ,
2102 2094 2204 2143 quod
2222 2095 2357 2133 trium-

1380 2149 1496 2196 phum
1529 2147 1574 2184 de
1603 2146 1739 2183 eodem
1771 2146 1845 2182 hoc
1883 2155 1968 2193 rege
2007 2144 2113 2182 nobis
2149 2148 2359 2194 repraesen-

1382 2208 1456 2243 tat,
1484 2199 1577 2236 fastis
1600 2196 1821 2245 Capitolinis
1839 2195 2088 2232 inserendum.
2127 2197 2216 2234 Hoc
2237 2198 2357 2245 ipsum

1384 2252 1549 2288 inveniet
1569 2248 1745 2286 studiosus
1766 2248 1805 2284 in
1825 2246 1951 2284 nostris
1971 2246 2185 2285 Annalibus.
2213 2248 2355 2287 PIGH.

1385 2305 1499 2338 Iratus
1527 2314 1669 2348 namque
1696 2300 1825 2335 Bituito
1852 2299 1923 2349 regi
1944 2303 2200 2338 esdr-vernorum.
2250 2301 2361 2336 Bimi-

1388 2365 1440 2389 tus
1470 2354 1529 2390 ille
1557 2363 1635 2389 non
1665 2359 1812 2388 tantum
1837 2349 1875 2386 in
1906 2349 2096 2386 codicibus
2117 2350 2255 2387 Valerii
2279 2352 2362 2388 Ma-

1389 2405 1504 2449 ximi,
1541 2403 1601 2440 sed
1631 2403 1669 2451 βε
1696 2402 1733 2438 in
1762 2401 1929 2450 epitome
1966 2400 2047 2437 Lib.
2071 2412 2155 2438 titt.
2194 2402 2294 2439 Livii
2321 2404 2359 2440 δε

1391 2456 1486 2505 apud
1507 2455 1660 2492 Florum
1687 2465 1750 2490 nt.
1777 2465 1810 2490 2.
1838 2460 2005 2489 vocatur.
2059 2451 2206 2500 Pighius
2231 2461 2360 2491 tamen

1391 2507 1520 2546 maluit
1543 2506 1674 2542 Betulto
1696 2504 1791 2552 legi;
1820 2503 2001 2553 quoniam
2029 2503 2067 2539 in
2088 2504 2242 2553 antiquo
2264 2517 2362 2542 mar-

1392 2571 1500 2597 more
1535 2558 1585 2595 ita
1616 2556 1789 2604 scriptum
1827 2554 1972 2601 reperit.
2025 2554 2171 2591 Verum
2199 2555 2360 2604 Scaliger

1388 2607 1783 2648 Animadversionibus
1805 2607 1843 2642 in
1856 2605 2051 2643 Eusebium
2078 2605 2281 2648 existimat,
2303 2619 2362 2644 er-

1388 2671 1509 2700 ratum
1533 2660 1569 2698 id
1592 2658 1664 2697 effe
1694 2657 1898 2706 lapicidae,
1935 2665 1997 2695 aut
2020 2657 2097 2704 ejus
2117 2657 2180 2706 qui
2203 2669 2249 2695 ex
2269 2658 2358 2706 lapi-

1389 2713 1435 2750 de
1465 2711 1658 2760 descripsit.
1696 2706 1856 2747 debuiffe
1890 2708 1989 2745 enim
2020 2707 2204 2746 Bmmro
2233 2710 2367 2754 scribi,

1389 2776 1467 2802 non
1497 2765 1696 2802 Bmvmo.
1734 2759 1930 2798 VORST.
1973 2760 2101 2796 Bituito
2138 2759 2244 2797 MSS.
2280 2761 2359 2798 fere

1390 2817 1551 2853 retinent
1579 2825 1721 2852 omnes.
1771 2813 1832 2849 De
1861 2812 1969 2860 hujus
1992 2811 2158 2849 nominis
2185 2811 2360 2859 scriptura

1391 2867 1477 2904 vide
1524 2867 1684 2904 omnino
1722 2863 1822 2901 viros
1851 2861 2026 2900 Eruditos
2067 2862 2111 2899 ad
2149 2862 2299 2900 citatum
2339 2876 2359 2900 a

1391 2918 1542 2956 Vorstio
1562 2917 1660 2954 Flori
1678 2916 1820 2953 locum.
1851 2913 1969 2951 Paulo
1991 2913 2068 2962 post
2090 2913 2232 2963 aliquot
2253 2913 2360 2950 MSS.

1390 2981 1460 3007 tam
1480 2972 1580 3017 suam
1605 2983 1706 3017 quam
1727 2965 2023 3016 &Allobrogum
2035 2976 2185 3015 gentem.
2215 2964 2273 3001 vel
2289 2975 2363 3000 tum

1406 3036 1482 3057 uam
1503 3029 1548 3057 <9⁹
1570 3019 1823 3068 Allobrogum.

1438 3085 1476 3121 9.
1505 3073 1683 3122 Duplicem
1699 3064 2063 3120 perfidiaeTOrosius
2082 3066 2164 3104 Lib.
2177 3077 2212 3103 v.
2233 3077 2359 3154 capg..
