2516 3509
241 249 272 272 2.

159 290 243 318 Anu.
263 281 330 313 urb.

166 338 231 360 ³27·
255 326 307 356 Li<

164 378 231 397 vius
257 374 342 397 xxiv.

164 414 259 449 Supra
279 419 289 438 1
302 417 347 438 11.

168 466 194 487 4.
219 463 248 488 4.

371 289 582 356 ingressu,

375 115 479 188 378

659 96 1065 162 VALERII
1111 90 1493 149 MAXIMI
1534 88 1661 145 Lm.
1697 88 1798 145 IV.
1842 87 1991 144 Cap.
2022 83 2092 141 V.

441 218 475 238 ¹¹
519 206 769 270 Confregit
813 200 1146 266 rempublicam
1179 196 1426 243 Terentius
1456 194 1608 242 Varro
1639 191 1885 240 Cannensis
1925 203 2110 255 pugnae
2150 185 2403 233 temerario·

656 292 694 311 ¹²
733 281 863 330 Idem
883 278 1078 325 delatam
1103 275 1185 322 fibi
1209 274 1265 321 ab
1289 272 1497 322 universo
1529 272 1682 321 senatu
1704 272 1753 320 &
1776 272 1955 338 populo
1977 269 2247 316 di&attlram
2278 266 2393 311 reci-

376 389 483 439 pere
517 387 612 417 non
645 363 931 422 sustinendo,
966 360 1145 425 pudore
1173 358 1358 421 culpam
1389 357 1614 403 maximae
1649 354 1785 402 cladis
1811 354 2027 401 redemit:
2070 357 2108 387 ¹3
2147 347 2395 413 effecitque

378 463 430 496 ut
461 449 576 496 acies
612 445 803 491 deorum
839 441 928 485 irae
952 474 967 498 ,
1019 434 1239 483 modestia
1269 434 1408 499 ipsius
1445 433 1649 480 moribus
1688 434 2005 496 imputaretur.

2089 430 2250 491 Itaque
2283 430 2396 476 titu-

379 530 426 575 lo
467 526 677 590 imaginis
707 525 803 587 ejus
830 516 1073 584 speciosius
1108 531 1201 561 non
1231 527 1415 578 recepta
1452 513 1676 560 metatura
1697 547 1713 572 ‚
1760 527 1897 574 quam
1930 510 2124 557 aliorum
2162 507 2288 572 gesta
2319 508 2396 554 ad-

378 603 512 653 scribi
548 600 710 668 potest.

451 683 558 729 Nos
590 692 742 726 autem
771 680 813 711 ‘4
847 670 902 717 ad
925 668 1205 734 praeclarum
1229 664 1526 713 verecundiae
1547 678 1664 726 opus
1685 658 2075 724 transgrediamur.
2090 662 2264 724 Magna
2290 678 2403 709 cum-

387 754 555 804 invidia
588 752 772 800 fortuna
805 749 1040 814 praetoriis
1083 747 1283 794 comitiis
1317 743 1523 791 Africani
1559 740 1798 805 superioris
1833 738 1988 785 filium
2020 744 2058 774 ¹5
2095 738 2182 785 Cn.
2219 740 2401 803 Scipio-

2272 835 2375 866 nem
2390 853 2415 879 r

453 979 508 1005 10.
536 965 735 1013 Cozzfitlatus
761 967 835 1012 jam
863 961 981 997 bonore
1008 956 1196 1007 defnnfsns]
1235 957 1305 995 Bit.
1335 957 1373 994 &
1425 966 1538 1005 quare
1571 952 1665 990 Clam
1702 950 1851 1000 Pighius
1889 949 2101 987 mutaverit.
2163 948 2256 987 Vult
2299 950 2401 987 enim

406 1017 513 1056 Leid.
540 1016 650 1065 primi
669 1015 785 1051 honore
796 1013 946 1060 fum‘lus.

1427 1014 1570 1044 tantum
1583 1004 1712 1041 au<stor
1728 1032 1737 1046 ,
1751 1015 1828 1039 non
1841 1001 1975 1039 diutius
1986 1000 2048 1038 fibi
2059 1000 2328 1037 inhaerendum
2356 1000 2415 1038 es·-

456 1083 510 1107 11.
541 1068 711 1115 Confregit
744 1068 861 1114 Remp.
894 1063 1066 1099 Terentius
1105 1058 1234 1109 Varro]
1275 1058 1378 1107 supra
1429 1060 1464 1095 se
1486 1055 1684 1094 referendis
1715 1055 1778 1098 iis,
1807 1065 1902 1103 quae
1922 1052 2034 1090 titulis
2056 1052 2227 1089 Terentii
2246 1052 2418 1101 speciose<

403 1134 469 1158 111.
496 1132 528 1165 4.
556 1131 590 1164 4.
617 1120 699 1153 Cum
725 1114 967 1164 apud'Cannas
998 1114 1093 1160 culpa
1118 1114 1184 1160 saa
1202 1114 1292 1147 vires
1318 1120 1380 1159 po·
1431 1108 1582 1146 adscribi
1604 1103 1770 1156 possent,
1799 1103 1859 1141 sed
1888 1103 2151 1141 transeundum
2186 1101 2256 1140 effe
2281 1103 2328 1141 ad
2348 1115 2406 1147 ea,

400 1173 477 1221 puli.
496 1171 633 1220 Romani
654 1166 859 1215 exhaufiffit..
909 1163 1105 1202 VORST.
1164 1163 1255 1199 Non
1273 1161 1381 1210 pauci
1435 1171 1530 1210 quae
1571 1156 1795 1196 verecundia
1842 1155 2027 1204 praeclare
2073 1155 2257 1202 praestitit.
2303 1154 2409 1192 Barb.

405 1234 492 1259 cum
510 1223 618 1268 Mog.
644 1219 766 1257 delent
789 1223 903 1255 Varro
917 1232 929 1261 ;
944 1218 981 1254 in
1002 1213 1112 1252 Leid.
1138 1213 1224 1262 sept.
1254 1211 1385 1250 adscri-
1438 1211 1546 1260 prim.
1572 1210 1683 1248 habet
1701 1219 1739 1244 ur
1758 1209 1867 1243 animo
1886 1208 2104 1256 praeclarum.

407 1282 514 1322 ptum
547 1271 594 1308 est
620 1282 735 1308 manu
763 1269 912 1307 recenti.
959 1266 1077 1303 Periz.
1124 1269 1236 1301 Varro
1264 1265 1299 1300 T
1296 1278 1388 1299 eren-

408 1337 488 1360 tuis.

467 1387 521 1412 12.
552 1372 639 1409 Idem
660 1371 805 1408 delatum
817 1370 882 1418 fibi
902 1369 945 1405 ab
969 1370 1122 1416 universo
1142 1365 1285 1415 Senam]
1316 1364 1388 1402 sihi

413 1425 527 1462 video
557 1421 674 1461 abeffe
701 1435 720 1459 a
750 1421 857 1458 MSS.
899 1433 1064 1464 novem,
1093 1420 1131 1456 δί
1162 1418 1245 1456 edd.
1282 1419 1388 1464 Mog.

418 1488 488 1513 nee
519 1474 708 1513 desideres.
761 1472 868 1509 Leid.
906 1473 1014 1521 prim.
1049 1471 1216 1507 Delatam
1240 1468 1284 1505 al>
1313 1471 1389 1504 uni*

417 1530 508 1576 νον-β
523 1528 642 1576 populo
667 1524 880 1560 dic‘laturanz.

474 1590 529 1628 13.
560 1575 743 1628 Effert'rque
761 1586 798 1611 ut
820 1589 908 1611 acres
929 1573 1060 1610 deorum
1090 1575 1159 1610 irae
1186 1569 1339 1619 modestia
1362 1572 1392 1606 i-

418 1630 507 1679 pst-ns
535 1628 677 1664 moribus
705 1625 964 1675 imputarentur]
995 1626 1038 1662 In
1065 1623 1217 1661 Sufiano
1240 1651 1250 1667 ‚
1279 1623 1393 1659 Caln-

422 1680 547 1730 pensi,
570 1680 606 1716 8<
629 1677 880 1720 Atrebatensi,
910 1689 946 1712 tet
968 1672 1082 1719 acies,
1102 1675 1268 1711 habetur.
1320 1674 1395 1710 Re-

426 1731 516 1769 elius
535 1732 571 1767 in
593 1729 809 1766 Cauchiano
825 1757 835 1771 ‚
861 1740 898 1763 ut
919 1726 1039 1763 clades.
1067 1726 1207 1762 PIGH.
1263 1729 1305 1759 Ut
1326 1728 1396 1764 est-

424 1784 486 1819 cies
508 1785 650 1818 Deorum
674 1783 753 1816 irae.
786 1780 840 1816 Ita
862 1790 954 1815 unus
982 1777 1103 1814 codex
1124 1774 1257 1813 Brand.
1289 1775 1327 1811 ὃ(
1351 1786 1396 1810 ex

425 1832 692 1883 antiquioribus
704 1831 799 1880 typis
813 1829 979 1877 expreffis
998 1829 1037 1873 ii,
1053 1828 1116 1878 qui
1128 1840 1148 1864 a
1159 1825 1397 1864 Chalcocon-

428 1885 513 1933 dyle
534 1886 572 1921 ὃς
596 1883 762 1920 Mai-tino
784 1880 937 1928 Herbip.
965 1879 1044 1917 sunt
1072 1878 1198 1916 curati.
1252 1876 1398 1924 Pighius

428 1947 582 1986 quoque
612 1935 648 1971 in
681 1933 792 1971 tribus
823 1931 931 1968 codd.
970 1931 1019 1967 ita
1049 1929 1222 1979 scriptum
1251 1928 1398 1976 reperit.

430 1989 513 2024 Nec
542 1986 701 2024 multum
732 1983 934 2031 discrepant
965 1982 1054 2019 alter
1087 1980 1170 2018 cod.
1190 1979 1321 2017 Brand.
1359 1980 1397 2015 ὃς

430 2037 543 2076 editio
564 2036 719 2079 Aldina,
742 2035 778 2072 in
801 2034 931 2084 quibus
962 2033 1010 2070 est
1035 2046 1125 2069 acres
1144 2035 1187 2068 D.
1208 2033 1289 2068 irae.
1342 2030 1401 2066 Pi-

429 2091 534 2138 ghius
553 2097 680 2126 tamen
696 2115 704 2130 ‚
731 2098 817 2123 curn
836 2086 874 2122 in
894 2097 970 2121 uno
991 2083 1156 2133 quodam
1180 2082 1264 2120 cod.
1297 2093 1401 2129 repe-

429 2137 525 2179 risset
545 2138 652 2175 clades
677 2142 816 2174 Deorum
837 2138 930 2179 irae,
958 2134 1096 2183 recepit
1123 2133 1161 2170 id
1183 2135 1219 2170 in
1241 2141 1399 2170 textum.

430 2194 547 2232 eAcies
568 2190 614 2227 est
632 2190 691 2227 hic
718 2201 785 2237 pro
807 2187 972 2237 proelio;
1003 2187 1040 2222 ἃ
1059 2185 1176 2222 sensus
1208 2185 1255 2222 est
1270 2212 1280 2227 ‚
1308 2183 1403 2221 infe-

432 2244 482 2281 lix
503 2241 588 2279 illud
607 2240 789 2290 proelium
813 2237 1005 2276 Cannense
1023 2237 1196 2274 Deorum
1224 2236 1298 2272 irae
1332 2235 1404 2270 im-

436 2303 608 2343 putatum
633 2289 745 2330 fuisse.
773 2290 970 2328 VORST.
1025 2288 1138 2329 eAcies
1157 2286 1268 2323 habet
1289 2285 1401 2322 etiam

439 2345 510 2384 Ed.
549 2346 655 2391 Mog.
694 2355 777 2380 cum
812 2341 918 2378 MSS.
959 2339 1103 2378 decem.
1140 2337 1249 2375 Leid.
1287 2337 1404 2385 quint.

434 2406 562 2446 patres.
589 2397 674 2432 sext.
691 2395 806 2440 facies.
839 2391 969 2441 Ultraj.
995 2391 1103 2440 prim.
1132 2403 1233 2425 acres.
1293 2390 1407 2427 LAcies

444 2446 543 2484 recle
580 2446 730 2483 restituit
759 2444 925 2480 vorstius
961 2454 1029 2490 pro
1058 2439 1239 2487 Pighiano
1278 2438 1408 2483 clades,

444 2497 547 2548 quod
576 2497 756 2545 nusquam
789 2494 954 2531 invenio.
1015 2490 1210 2538 Quoniam
1246 2490 1411 2526 maxime

448 2549 556 2596 culpa
581 2547 755 2586 Terentii
783 2545 820 2582 in
858 2556 903 2581 eo
930 2542 993 2579 fita
1022 2542 1112 2585 fuit,
1141 2539 1245 2590 quod
1274 2549 1415 2578 temere

451 2600 654 2638 exercitum
677 2599 715 2635 in
735 2597 852 2635 aciem
877 2593 1026 2636 eduxit,
1054 2593 1267 2640 &pugnam
1290 2591 1418 2638 ingres—

451 2653 507 2689 sus
527 2651 575 2688 est
642 2648 761 2698 Quod
787 2647 831 2685 ab
855 2658 903 2683 eo
928 2643 1070 2683 faenum
1101 2642 1207 2685 vult,
1239 2642 1418 2690 quoniam

454 2704 520 2741 Dii
557 2702 668 2745 irati,
701 2701 739 2737 &
769 2698 933 2746 affligere
970 2695 1166 2732 Romanos
1203 2693 1391 2741 cupientes
1412 2722 1422 2738 ‚

454 2756 549 2791 hanc
582 2751 645 2800 ipsi
676 2758 843 2789 mentem
871 2746 1103 2786 indiderant-
1132 2743 1240 2782 Leid.
1266 2743 1352 2781 sext.
1381 2750 1423 2780 Ut

448 2807 553 2852 facies
574 2806 715 2840 Deorum
733 2803 779 2838 ire
801 2797 947 2848 modestis
977 2798 1075 2848 ipsius
1101 2794 1242 2833 motibus
1273 2796 1430 2844 impetra-

455 2868 557 2893 retur.

513 2918 567 2951 14.
595 2903 671 2943 Ad
697 2903 899 2952 praeclarius
925 2897 1137 2938 verecundiae
1169 2896 1281 2948 opus]
1322 2897 1431 2936 MSS.

460 2958 594 2996 decem
622 2967 707 2992 cum
730 2955 815 2993 edit.
842 2961 926 2991 ante
944 2951 1127 3000 Pighiutn.
1180 2948 1253 2990 2Ad
1279 2951 1431 3000 praecla-

458 3025 531 3047 rum
565 3005 776 3047 verecundiae
816 3015 910 3056 opus.
957 3005 1066 3052 Mog.
1101 3002 1238 3039 clarum.
1292 2999 1431 3039 Nescio

1499 1273 1512 1299 1
1524 1275 1554 1310 ς.
1566 1264 1627 1298 Cn.
1637 1257 1836 1309 Scipionem]
1852 1259 1943 1296 Hoc
1954 1257 2169 1306 exemplum
2180 1255 2349 1293 habitum
2362 1255 2410 1294 est

1439 1314 1624 1361 superiore
1643 1312 1737 1348 libro
1759 1310 1851 1358 Cap.
1867 1323 1898 1357 ς.
1918 1309 1978 1346 ubi
2002 1317 2128 1346 tamen
2152 1308 2229 1356 ejus
2249 1319 2410 1355 praeno-

1444 1376 1533 1401 men
1555 1361 1733 1401 omiffum
1755 1361 1823 1405 est,
1855 1359 1943 1397 ficut
1967 1361 2004 1397 ὃς
2023 1358 2117 1407 apud
2141 1358 2225 1395 Liv.
2245 1358 2411 1396 Lib.·vx1.

1443 1416 1538 1453 Dec.
1565 1427 1599 1462 4.
1627 1413 1731 1464 quod
1752 1411 1928 1462 equidem
1950 1411 2077 1448 miror.
2129 1410 2215 1446 Hie.
2243 1413 2304 1446 Cn.
2326 1421 2415 1458 pro-

1442 1467 1551 1504 ditur.
1612 1467 1694 1503 Nos
1722 1465 1760 1501 in
1792 1461 2112 1500 Annotationibus
2133 1460 2259 1498 nostris
2286 1461 2324 1498 in
2348 1461 2415 1498 Li-

1444 1519 1547 1555 vium
1581 1516 1686 1554 editis
1706 1544 1716 1559 ‚
1752 1514 1813 1552 ubi
1848 1513 1894 1551 de
1933 1512 2149 1561 Scipionum
2183 1508 2416 1561 GenealOgia

1447 1568 1674 1611 differimus,
1701 1566 1873 1603 Publium
1896 1564 2094 1613 posuimus.
2109 1563 2221 1600 Haud
2243 1563 2318 1601 scio
2337 1575 2419 1612 quo

1448 1621 1618 1658 authore.
1674 1617 1815 1655 Lector
1834 1615 1907 1665 ipse
1930 1614 2028 1663 apud
2050 1615 2223 1653 authores
2252 1614 2420 1652 attendat

1447 1679 1572 1708 utrum
1597 1668 1728 1707 recftius
1752 1668 1873 1705 fuerit.
1927 1667 2028 1704 Nam
2052 1665 2097 1702 de
2122 1677 2204 1702 mea
2238 1666 2419 1714 opinione

1449 1722 1556 1759 facile
1589 1719 1795 1757 concedam
1828 1720 1866 1755 in
1896 1716 2042 1755 alterius
2073 1716 2202 1754 melius
2233 1716 2420 1754 sentientis

1448 1773 1700 1810 traditionem.
1715 1769 1904 1808 Laudinus
1925 1777 2053 1805 tamen
2084 1767 2122 1803 in
2146 1767 2258 1805 Sexto
2282 1769 2424 1805 Aenei-

1450 1824 1517 1861 dos
1537 1824 1610 1867 ait,
1638 1822 1865 1870 superiorem
1887 1819 2108 1856 Africanum
2137 1817 2297 1855 habuiffe
2328 1819 2423 1856 duos

1452 1875 1578 1919 filios,
1605 1873 1761 1911 alterum
1794 1872 2018 1919 degenerem
2042 1898 2053 1914 ,
2090 1869 2245 1906 alterum
2281 1869 2423 1907 valetu—

1453 1926 1636 1964 dinarium
1659 1952 1670 1968 ,
1706 1931 1871 1960 ceterum
1898 1921 2028 1958 animo
2063 1920 2332 1968 praestantem,
2359 1921 2424 1970 qui

1451 1977 1574 2026 postea
1595 1974 1829 2023 adoptaverit
1852 1972 2134 2010 Aemilianum:
2165 1971 2306 2008 Lecstor
2323 1971 2428 2020 judi-

1453 2038 1521 2066 cet.
1575 2025 1850 2064 GLAREAN.
1876 2023 1963 2060 vide
1984 2023 2087 2070 supra
2111 2022 2157 2058 L.
2170 2035 2231 2060 111.
2262 2036 2291 2071 ς.
2325 2036 2355 2060 1.
2383 2035 2426 2060 u-

1451 2077 1670 2116 biPublium
1702 2073 1806 2113 fuifl'e
1836 2074 2076 2112 nominatum
2097 2071 2238 2123 liquido
2268 2074 2349 2112 satis
2369 2085 2426 2111 ar-

1453 2137 1658 2179 gumento,
1681 2128 1840 2176 opinor,
1868 2126 2033 2174 probavi.

1509 2181 1565 2218 16.
1593 2175 1947 2226 ScribamCicerejum]
1972 2176 2090 2214 Scriba
2109 2178 2228 2214 fuerat
2245 2176 2354 2223 patris
2375 2177 2434 2213 A·-

1458 2232 1612 2276 fricani,
1637 2239 1678 2268 ut
1698 2230 1799 2278 supra
1822 2227 1946 2265 Valer.
1973 2227 2107 2265 lib.111.
2136 2239 2167 2264 c.
2179 2228 2212 2265 6.
2237 2227 2432 2266 COLER.

1455 2283 1604 2321 Scribam
1625 2284 1815 2325 Cicereium.
1834 2279 1997 2317 Scribam
2029 2278 2210 2328 Scipionis
2238 2279 2429 2323 Africani,

1461 2336 1531 2372 Cn.
1574 2333 1755 2382 Scipionis
1791 2331 1911 2381 patris.
1976 2330 2075 2367 Vide
2114 2330 2188 2379 sup.
2225 2342 2288 2366 111.
2325 2343 2356 2378 ς.
2400 2343 2432 2368 1.

1461 2386 1657 2424 VORST.
1695 2384 1772 2421 Hic
1802 2395 1902 2420 anno
1933 2381 2012 2431 post
2041 2381 2254 2429 Scipionem
2284 2390 2433 2429 praetor

1464 2438 1533 2476 fuit
1551 2439 1588 2475 ὃς
1608 2435 1812 2473 Sardiniam
1829 2434 1961 2472 tenuit.
1977 2433 2222 2471 PERIZON.

1519 2501 1575 2536 17.
1604 2489 1705 2523 Tanti
1724 2488 1795 2522 -νὶνὶ
1808 2487 2006 2536 sanguinem
2021 2514 2030 2529 ,
2051 2482 2321 2534 clientelamque]
2346 2488 2438 2520 *San-

1462 2543 1542 2591 guis
1571 2539 1632 2577 hic
1658 2538 1706 2575 est
1726 2537 1818 2575 filius
1839 2536 2020 2585 Scipionis
2041 2536 2237 2580 Africani,
2265 2535 2334 2572 Cn.
2362 2533 2437 2571 Sci—

1468 2593 1553 2640 pio:
1582 2591 1733 2627 clientela
1755 2601 1847 2627 vero
1868 2588 1978 2626 cliens
1998 2587 2160 2635 ejusdem
2176 2615 2185 2631 ,
2207 2595 2338 2635 utpote
2358 2584 2443 2621 scri—

1470 2644 1515 2680 ba
1535 2641 1895 2689 Cicerejus.Dicitur
1917 2646 2043 2676 autem
2064 2640 2216 2674 clientela
2238 2649 2305 2686 pro
2325 2634 2445 2672 clien—

1473 2702 1510 2731 te
1524 2722 1533 2737 ,
1562 2701 1601 2730 ut
1609 2694 1788 2741 servitiu-m
1806 2703 1874 2741 pro
1893 2690 2012 2728 servo.
2038 2689 2233 2727 VORST.

1530 2741 1770 2782 18.Cor'nitiali
1789 2741 1980 2791 certamine]
1997 2741 2095 2779 Cum
2114 2741 2151 2777 in
2163 2737 2323 2776 comitiis
2340 2750 2447 2788 prae—

1481 2803 1601 2832 turam
1631 2802 1809 2843 peterent.
1864 2792 2097 2830 VORST.
2149 2789 2330 2827 Klolzki‘us
2355 2789 2447 2837 legit
2492 2822 2499 2825 „

1486 2848 1645 2883 comitiali
1676 2848 1850 2882 certamine
1868 2842 2092 2889 confaedarat.
2120 2841 2279 2878 Omnino
2301 2849 2445 2889 praeter

1486 2897 1684 2935 rationem.
1736 2897 1840 2946 Quid
1861 2892 1990 2934 enim?
2018 2904 2064 2930 an
2091 2894 2252 2928 comitiali
2275 2892 2450 2928 certamine

1481 2958 1571 2995 ergo
1601 2946 1804 2995 confoederat
1831 2957 1984 2997 quoque
2008 2943 2218 2982 clientelam
2244 2942 2448 2991 Scipionis,

1481 2998 1570 3037 dum
1593 2999 1767 3038 clientem
1789 3001 1865 3049 ejus
1883 2997 1922 3035 in
1941 3006 2027 3034 eum
2047 2995 2171 3034 evehit
2200 2992 2355 3044 gradum
2370 3021 2380 3037 ‚
2408 3003 2454 3032 ur

2368 3055 2461 3084 cum}
