2516 3509
185 297 269 326 Ann.
291 287 357 319 urb.

188 344 258 370 507.
282 331 333 361 Li-

185 375 254 405 vius
278 382 305 401 x.

187 414 271 445 Gell.
292 422 320 443 x.
345 417 373 443 6.

187 458 318 486 sueton.

187 496 262 528 Tib.

193 694 278 724 Arm.
304 687 360 719 urb

198 740 265 768 585.
282 735 361 771 Frag

191 774 296 805 Diarii
317 783 371 803 an-

194 816 277 856 tiqui
298 824 365 845 mc-

196 858 293 888 minit
319 857 366 887 in-

198 899 305 930 cendii
327 899 358 928 in

199 945 289 973 Sacra
315 941 375 972 via.

392 132 500 202 706

685 112 1090 178 VALERH
1167 81 1542 167 MAXIMI
1583 107 1705 163 Lm.
1744 106 1908 163 vm.
1949 107 2095 166 CAP.
2121 107 2164 162 1.

459 224 716 291 Adjiciatur
750 222 818 268 his
853 217 900 258 69
938 215 1130 264 Claudia
1152 249 1168 275 ,
1215 229 1350 278 quam
1386 209 1611 258 insontem
1645 210 1832 257 crimine
1866 224 2029 258 votum
2065 211 2260 275 impium
2296 210 2401 259 sub-

397 307 558 353 vertit:
597 304 724 368 quia,
757 317 866 348 cum
891 299 915 346 a
937 297 1054 344 ludis
1089 296 1282 342 domum
1319 291 1490 339 rediens
1527 289 1660 337 turba
1693 289 1964 350 elideretur,
1998 302 2261 354 optaverat,
2286 296 2329 324 ⁷0
2350 302 2403 337 ut

402 391 440 423 7¹
480 384 615 430 frater
649 381 776 441 suus,
818 380 1145 426 maritimarum
1182 373 1349 420 virium
1385 371 1637 418 nostrarum
1672 371 1912 433 praecipua
1941 368 2138 433 jactura,
2171 368 2406 415 revivisce-

404 478 472 510 ret
484 487 498 522 3
536 462 791 527 saepiusque
825 457 984 506 consul
1019 456 1159 503 faetus
1182 489 1198 514 ,
1242 451 1414 499 infelici
1447 449 1589 496 dui-”tu
1624 449 1756 495 nimis
1791 464 2002 512 magnam
2038 447 2160 495 urbis
2190 446 2407 511 *frequen-

407 545 517 590 tiam
553 544 790 588 minueret.

472 630 513 662 72
551 621 788 669 Possumus
814 619 863 666 &
885 619 939 665 ad
975 616 1074 663 illos
1104 613 1231 662 brevi
1266 609 1542 658 diverticulo
1577 605 1853 670 transgredi,
1889 620 2002 668 quos
2037 603 2153 651 leves
2189 605 2249 653 ob
2285 605 2408 652 caus-

363 711 372 759 ’,
405 703 464 750 sas
502 700 801 748 damnationis
835 696 1034 745 incursus
1069 694 1284 758 abripuit.

1357 697 1396 728 ⁷3
1437 691 1510 736 M.
1548 687 1783 745 Mulvius,
1822 686 1912 732 Cn.
1950 684 2153 743 Lollius,
2199 687 2256 733 L.
2296 688 2409 734 Sex-

406 782 528 828 tilius
563 777 816 835 triumviri,
853 774 979 840 quod
1012 773 1064 818 ad
1101 770 1361 818 incendium
1397 768 1443 813 in
1469 768 1601 813 Sacra
1636 765 1708 810 via
1733 777 1887 810 ortum
1922 763 2285 826 extinguendum
2320 779 2408 812 tat-

411 863 508 909 dius
540 872 781 917 venerant,
817 856 841 903 a
877 855 1069 902 tribunis
1104 854 1223 917 pleb.
1262 859 1307 890 74
1340 849 1412 895 die
1444 847 1563 894 dicta
1597 846 1651 892 ad
1688 845 1913 909 populum
1946 844 2141 890 damnati
2177 844 2292 892 sunt.
2356 836 2357 839 ¹

475 942 594 987 Item
634 947 673 978 7ς
723 939 774 984 P.
811 934 979 983 Villius
1001 968 1016 993 ,
1060 931 1273 979 triumvir
1309 927 1559 974 nocturnus
1586 959 1601 984 ‚
1648 924 1674 970 a
1719 926 1768 970 P.
1813 924 2004 987 Aquilio
2038 923 2144 970 trib.
2180 925 2300 988 pleb.
2335 943 2409 975 ac-

412 1144 622 1183 Pefiinunte
641 1144 806 1181 Romam
835 1138 1033 1177 advectam
1060 1137 1232 1185 suscepit,
1260 1144 1301 1173 111
1324 1135 1386 1172 Li-

417 1197 497 1232 vius
520 1203 639 1231 narrat
665 1194 709 1231 de
735 1193 873 1230 eodem
894 1191 989 1227 bello
1012 1189 1093 1226 Lib.
1126 1200 1180 1226 rx.
1211 1188 1248 1224 86
1268 1186 1381 1223 Ovid.

420 1247 502 1284 Lib.
516 1259 556 1283 xv
596 1245 686 1282 Fast.
712 1244 880 1281 Alteram
901 1241 1132 1278 diffamatam
1149 1249 1310 1285 ‚nempe
1326 1238 1387 1284 ju-

421 1298 520 1334 dicio
547 1296 675 1345 populi
694 1295 905 1332 damnatam
919 1322 930 1335 ,
944 1292 992 1328 ob
1010 1291 1227 1328 sceleratum
1249 1300 1294 1325 ex
1316 1288 1387 1325 irn-

420 1349 597 1397 patientia
618 1346 770 1384 dictum.
800 1345 853 1382 Ea
873 1352 1043 1391 ternpore
1066 1341 1174 1390 primi
1192 1339 1276 1376 belli
1295 1339 1387 1376 Pun.

421 1400 513 1438 vixit
534 1399 637 1436 soror
658 1398 771 1446 Appii
790 1395 956 1437 Pulchri,
986 1393 1032 1430 de
1054 1404 1129 1442 quo
1162 1391 1273 1440 paulo
1303 1399 1389 1427 ante

422 1452 461 1488 in
481 1451 557 1487 1106
575 1447 684 1487 1111110
700 1477 709 1492 ,
738 1449 775 1485 ὅ(
792 1447 898 1494 saepe
916 1444 1009 1482 alibi.
1055 1443 1126 1481 Sed
1145 1442 1318 1490 deceptus
1341 1441 1389 1479 est

426 1501 613 1538 Oliverius
632 1511 677 1536 ex
697 1499 750 1536 his
766 1497 945 1535 Authoris
965 1495 1093 1533 verbis.
1138 1497 1252 1544 Quam
1279 1495 1391 1540 inson-

423 1563 490 1588 tem
509 1553 643 1587 crimine
664 1565 727 1599 quo
756 1548 987 1597 accusabatur,
1007 1558 1121 1583 ¹votum
1149 1546 1287 1593 tmpium
1309 1544 1391 1588 sub-

423 1604 541 1640 vertit.
599 1603 730 1650 Quum
777 1600 824 1637 de
864 1599 1018 1636 crimine
1065 1597 1182 1635 fratris
1219 1596 1393 1644 loquatur

425 1654 577 1691 Author
598 1682 609 1696 ,
651 1654 751 1702 cujus
786 1652 845 1688 illa
878 1651 1058 1687 innocens
1080 1655 1167 1686 erat.
1206 1645 1277 1683 Sed
1307 1647 1392 1695 quia

426 1704 566 1742 dictum
598 1704 674 1752 ejus
702 1702 892 1741 videbatur
921 1700 1020 1750 quafi
1051 1708 1185 1738 votum
1216 1697 1394 1744 impium,

420 1755 596 1793 mulctata
636 1754 696 1791 est.
760 1754 850 1790 Non
891 1759 1074 1789 everterat
1112 1750 1185 1797 ipsa
1224 1745 1392 1792 classem,

422 1807 485 1844 sed
512 1805 674 1843 eversam
717 1802 788 1841 effe
815 1802 1021 1852 gaudebat,
1053 1803 1135 1838 imo
1166 1798 1317 1848 optabat
1344 1799 1394 1835 al-

423 1867 540 1894 teram
586 1855 712 1893 everti.
750 1853 1021 1892 GLAREAN.
1082 1853 1192 1899 (Quam
1235 1852 1396 1898 insontem

421 1911 558 1945 crimine
573 1935 582 1951 ‚
616 1923 679 1955 quo
700 1905 912 1955 accusabatur
927 1933 936 1949 ,
956 1915 1071 1939 ‘votum
1095 1904 1233 1949 impium
1258 1900 1391 1947 subver-

428 1962 485 1996 tit.
534 1957 729 1996 Eradenda
757 1966 849 2005 puto
876 1955 984 1992 verba
1009 1983 1018 1998 ‚
1064 1968 1128 2002 quo
1159 1951 1395 1998 accusabatur,

429 2022 525 2060 quae
562 2009 660 2047 hand
690 2008 803 2045 dubio
833 2019 877 2044 ex
901 2004 1117 2055 gloffemate
1149 2003 1229 2040 sunt
1267 2003 1392 2051 aliquo

423 2062 567 2099 11116113.
612 2060 673 2096 Ob
695 2059 834 2096 nullum
857 2059 955 2095 enim
980 2057 1121 2093 crimen
1143 2053 1306 2091 accusata
1327 2054 1395 2090 fuit

424 2112 578 2150 Claudia
600 2139 609 2154 ‚
651 2110 711 2146 sed
750 2110 798 2147 ob
829 2108 1056 2158 petulantem
1093 2107 1256 2154 linguam
1284 2113 1395 2153 atque

425 2163 641 2210 improbum
671 2160 808 2197 dictum
842 2159 1018 2203 multata,
1046 2165 1086 2195 ut
1114 2158 1151 2194 in
1174 2156 1301 2193 nostris
1332 2167 1396 2192 an-

425 2214 568 2252 nalibus
598 2213 713 2249 latius.
741 2212 881 2248 PIGH.
908 2213 1074 2258 Insontem
1102 2210 1236 2244 crimine
1261 2221 1323 2256 quo
1343 2221 1397 2242 ac-

425 2265 613 2314 cusabatur.
664 2264 791 2300 Voces
820 2277 882 2311 quo
909 2260 1124 2308 accusabatur
1145 2259 1322 2307 expunxit
1340 2258 1398 2295 Pi—

430 2317 556 2365 ghius:
587 2314 688 2363 quod
711 2314 759 2350 ob
780 2313 921 2350 nullum
944 2313 1084 2349 crimen
1112 2309 1266 2347 Claudia
1291 2320 1398 2346 accu-

430 2368 505 2405 sata
539 2367 676 2409 fuerit,
712 2365 770 2401 sed
805 2372 948 2401 tantum
991 2363 1039 2399 ob
1068 2361 1295 2410 petulantem
1331 2360 1400 2396 lin-

433 2430 545 2467 guam
576 2418 612 2454 &
645 2416 857 2463 improbum
887 2414 1024 2451 dicium
1042 2442 1051 2455 ‚
1079 2413 1132 2449 uti
1162 2412 1234 2460 ipse
1262 2413 1300 2448 in
1320 2413 1398 2448 An—

433 2469 573 2507 nalibus
601 2466 779 2504 docuerit.
831 2465 950 2506 Mihi,
979 2465 1064 2512 quia
1086 2472 1207 2500 tantus
1227 2462 1400 2499 codicum

435 2517 628 2558 consensus
659 2517 706 2554 est
729 2546 738 2561 ‚
784 2516 1050 2563 expungendae
1087 2525 1200 2550 voces
1236 2525 1314 2549 non
1348 2514 1404 2550 vi-

435 2572 581 2610 dentur.
608 2569 802 2606 VORST.
830 2566 979 2603 Exstant
1009 2566 1046 2601 in
1079 2564 1207 2601 nostris
1226 2565 1402 2601 undecim

435 2624 506 2661 hae
538 2631 661 2659 voces.
716 2619 787 2656 Sed
817 2625 958 2654 certum
991 2623 1118 2652 13111611
1143 2615 1285 2651 estnon
1309 2614 1404 2659 alio,

432 2685 546 2724 quam
569 2670 762 2720 petulantis
778 2669 926 2718 linguae
947 2665 1101 2703 6111111116
1118 2677 1198 2703 63111
1223 2664 1327 2702 fuiffe
1345 2677 1400 2702 36-

435 2725 609 2763 cusatam.
638 2730 803 2759 ceterum
829 2719 1010 2765 majestatis
1041 2731 1130 2754 ream
1161 2715 1279 2753 3813111
1308 2717 1404 2764 apud

437 2775 620 2824 populum
641 2772 834 2810 Claudiam
859 2770 946 2808 dicit
969 2769 1120 2805 Sueton.
1149 2768 1185 2804 in
1209 2767 1295 2804 Tib.
1325 2778 1403 2804 c.2.

439 2827 595 2869 Livius,
622 2825 795 2861 Mult‘lam
826 2824 854 2858 ei
883 2821 1006 2857 dinam
1034 2819 1103 2866 effe.
1148 2820 1274 2867 Quam
1300 2817 1403 2854 fniffe

438 2879 566 2928 ⁵>viginti
591 2878 737 2926 quinque
771 2876 915 2911 millium
940 2873 1062 2922 gra-vis
1091 2872 1178 2907 aeris
1209 2869 1333 2905 dnslam
1362 2869 1404 2904 ab

439 2927 632 2970 <Aedilibus
659 2928 763 2975 plebei
784 2929 820 2962 C.
844 2922 1041 2964 Fundanio,
1080 2929 1125 2956 ΕΤ
1154 2920 1227 2956 Tib.
1255 2926 1404 2967 Sempro-

441 2982 497 3017 nio
517 2977 644 3016 definit
667 2977 816 3015 Gellius.
870 2975 989 3012 Caute
1018 2973 1127 3020 igitur
1159 2972 1270 3009 etiam
1311 2971 1405 3007 acci-

440 3029 618 3082 piendum
637 3028 685 3066 est
698 3057 708 3074 ,
735 3027 840 3079 quod
860 3025 982 3065 noster
1001 3023 1109 3070 dicit,
1131 3035 1246 3061 votum
1266 3023 1404 3072 impium

2331 1020 2411 1051 CU-

1437 1148 1508 1169 eam
1529 1131 1748 1180 subvertisse,
1789 1130 1891 1181 quod
1929 1131 2049 1181 quivis
2083 1132 2161 1169 fere
2192 1132 2411 1181 intelligeret

1440 1184 1633 1271 1161111110
1663 1184 1833 1232 graviore
1861 1194 1981 1230 poena
2000 1211 2010 1227 ‚
2053 1195 2165 1232 quam
2196 1183 2230 1220 ei
2258 1185 2327 1221 fuit
2355 1186 2413 1222 in-

1454 1243 1548 1272 ncta.

1493 1298 1550 1332 70.
1581 1291 1623 1321 Ut
1636 1288 1749 1331 frater
1764 1283 1864 1333 sum]
1893 1285 1962 1321 Vir
1984 1284 2152 1322 summae
2176 1284 2410 1333 dignitatis&

1440 1337 1657 1374 eruditionis
1678 1336 1865 1373 Laevinus
1885 1336 2108 1374 Torrentius
2125 1364 2135 1379 ‚
2163 1348 2239 1373 non
2259 1337 2412 1375 fratrem

1439 1388 1563 1432 hunc,
1592 1387 1860 1436 sed²nepotem
1889 1387 1976 1423 facit
2015 1398 2059 1423 ex
2099 1387 2220 1424 Plinio
2259 1388 2318 1424 lib.
2347 1400 2409 1426 xv.

1443 1451 1521 1487 cap.
1555 1453 1584 1476 1.
1612 1438 1711 1475 Vide
1742 1439 1967 1474 Ciceronem
2000 1437 2086 1475 Lib.
2120 1452 2148 1476 1.
2179 1438 2224 1474 de
2244 1439 2412 1476 Divinat.

1444 1491 1625 1527 COLER
1671 1489 1879 1527 Oscitanter
1901 1489 2146 1526 Torrentium
2169 1489 2322 1537 inspexit
2333 1490 2413 1528 Co-

1442 1541 1560 1578 lerus:
1592 1553 1678 1578 nam
1713 1540 1770 1577 ille
1799 1552 1877 1577 non
1910 1548 2090 1587 nepotem
2114 1540 2293 1577 Claudiae
2322 1541 2410 1579 facit

1445 1604 1530 1629 enm
1549 1621 1558 1636 ‚
1595 1592 1655 1628 sed
1683 1591 1771 1629 dicit
1798 1592 1904 1628 istum
1936 1589 2138 1634 Claudium,
2174 1592 2237 1639 qui
2265 1590 2410 1630 classem

1445 1642 1588 1688 amisit,
1606 1644 1721 1690 filmm
1743 1645 1868 1692 Appii
1889 1645 1984 1677 Caeci
2004 1643 2131 1678 vocari
2158 1654 2177 1678 a
2200 1642 2410 1686 Cicerone,

1446 1704 1485 1731 ut
1505 1695 1596 1731 haec
1614 1692 1759 1729 Claudia
1780 1694 1901 1744 2Appii
1923 1695 2018 1728 Caeci
2035 1694 2107 1734 filia
2125 1705 2145 1730 a
2159 1692 2303 1737 Gelli03
2326 1705 2413 1731 cum

1448 1753 1575 1782 contra
1591 1745 1727 1782 Plinius
1744 1745 1923 1780 Claudium
1944 1746 2038 1779 Caeci
2057 1755 2201 1794 nepotem
2221 1743 2340 1789 dicat,
2360 1745 2416 1783 vi-

1449 1795 1494 1832 de
1514 1807 1601 1833 eum
1621 1796 1667 1832 ad
1691 1796 1842 1834 Sueton.
1873 1794 1960 1832 Tib.
1987 1806 2017 1830 6.
2041 1806 2073 1830 z.

1517 1858 1575 1892 71.
1625 1850 1744 1883 frater
1782 1851 1864 1895 sum
1900 1847 2148 1881 maritimarum
2189 1846 2316 1882 ‘virium
2358 1861 2418 1882 ησ-

1440 1900 1590 1944 strarum
1611 1900 1786 1945 praedpua
1808 1897 1948 1941 jac'iura.
2000 1895 2084 1934 Fuit
2113 1897 2142 1934 is
2170 1900 2211 1933 P.
2229 1896 2416 1941 Claudias,

1451 1950 1553 1997 cujus
1581 1949 1681 1996 supra
1713 1962 1742 1985 1.
1770 1962 1802 1994 4.
1833 1960 1865 1997 3.
1894 1948 1931 1984 ὃ(
1954 1959 2040 1985 v111.
2072 1961 2100 1985 1.
2125 1960 2159 1994 4.
2187 1949 2333 1985 mentio
2362 1949 2417 1986 fa-

1452 1999 1518 2036 613.
1546 2000 1743 2037 VORST.

1497 2061 1555 2092 72.
1585 2050 1747 2098 Poffumus
1770 2058 1814 2084 (9⁹
1836 2047 1880 2084 ad
1899 2047 1993 2097 illos]
2043 2049 2187 2086 Ascens.
2216 2048 2283 2086 Ed.
2307 2049 2416 2098 pqffa-

1448 2115 1520 2136 ntus
1549 2109 1590 2137 <9⁵
1612 2101 1656 2137 ad
1673 2103 1771 2137 alios.
1788 2100 1925 2147 Ultraj.
1947 2100 2054 2147 prim.
2081 2102 2171 2136 leves
2188 2099 2225 2135 ob
2244 2101 2304 2135 has
2325 2103 2419 2148 caus-

1440 2155 1513 2201 sas.
1543 2152 1711 2190 nonnulli
1732 2154 1877 2198 imursm
1896 2152 2055 2198 arripuit.

1506 2215 1566 2253 73.
1599 2207 1656 2240 Ass.
1696 2200 1877 2250 leicius]
1934 2202 1977 2238 In
2005 2200 2235 2238 Atrebatenfi
2272 2200 2421 2249 aliisque

1451 2255 1635 2292 veteribus
1677 2254 1774 2290 libris
1817 2257 1873 2289 M.
1913 2254 2093 2289 Mulvius.
2147 2251 2274 2289 Recte.
2328 2251 2423 2288 inde

1453 2318 1596 2343 nomen
1628 2306 1735 2354 ponti
1758 2305 1921 2346 Mulvio,
1948 2312 1990 2341 ut
2009 2303 2106 2352 apud
2124 2303 2349 2340 Ciceronem
2373 2302 2419 2339 ad

1453 2358 1622 2394 Atticum
1654 2369 1740 2393 xm.
1774 2355 1888 2406 Unde
1917 2356 1954 2391 &
1975 2356 2170 2390 Mul-viana
2195 2357 2272 2403 pira
2303 2353 2422 2398 dicta,

1455 2418 1494 2445 ut
1513 2408 1610 2457 apud
1629 2408 1802 2445 Plinium.
1819 2406 1959 2443 PIGH.
1987 2409 2047 2442 M.
2062 2407 2222 2441 Mulvius
2236 2433 2244 2446 ,
2269 2408 2330 2440 Cn.
2345 2406 2424 2439 Lol-

1453 2461 1544 2502 lius,
1575 2462 1611 2494 L.
1637 2460 1798 2495 Sextilius
1827 2458 2011 2494 triumviri.
2062 2456 2179 2493 Aldus
2211 2455 2334 2492 edidit.
2362 2459 2425 2492 M.

1455 2512 1630 2547 Miliiius.
1680 2509 1751 2547 Sed
1778 2509 1967 2550 Mulvius,
1995 2514 2035 2544 ut
2054 2507 2202 2554 Pighius
2233 2505 2432 2554 rescripsit,

1457 2562 1503 2598 est
1523 2563 1561 2599 ὃ(
1580 2561 1617 2598 111
1635 2573 1712 2598 uno
1734 2557 1962 2597 codssrand.
1990 2558 2033 2594 In
2053 2557 2168 2594 altero
2189 2557 2237 2594 est
2258 2559 2436 2594 Mil'nim.>

1458 2614 1646 2648 Triumviri
1669 2613 1858 2648 variorum
1889 2620 2066 2658 generum
2091 2609 2260 2650 fuerunt,
2290 2616 2331 2645 ut
2344 2608 2422 2656 jam

1455 2664 1558 2712 supra
1588 2662 1739 2700 dictum.
1792 2662 1871 2710 Qui
1898 2661 1959 2698 hic
1986 2660 2250 2702 nominantur,
2275 2656 2432 2695 noc'lurm'r‘

1458 2717 1629 2753 fuerunt:
1659 2713 1844 2751 constituti
1863 2712 2041 2749 nimirum
2069 2719 2109 2748 ut
2128 2710 2297 2748 incendia
2317 2719 2424 2745 cave-

1456 2775 1560 2807 rent,
1594 2773 1656 2802 aut
1686 2764 1710 2802 fi
1734 2773 1814 2801 orta
1846 2761 1960 2801 effent
1983 2788 1992 2804 ,
2032 2761 2291 2810 exstinguenda
2319 2770 2422 2795 cura-¹

1456 2825 1548 2853 rent.
1573 2817 1767 2854 VORST.
1815 2815 1924 2852 MQS.
1954 2815 2134 2855 Mil-vius,
2166 2812 2321 2854 Malim,
2351 2809 2424 2844 Mi*

1454 2869 1575 2907 litim,
1616 2870 1787 2910 liminius,
1825 2865 2013 2908 Istundius,
2050 2859 2190 2901 Milvus
2212 2889 2222 2904 ,
2253 2861 2422 2897 Mulirms.

1457 2919 1618 2953 Mulvius
1643 2918 1769 2955 ·exstat
1809 2918 1845 2954 in
1886 2917 1954 2954 Ed.
1989 2916 2148 2953 Mediol.
2196 2913 2350 2949 Milvius
2385 2910 2423 2947 in

1456 2969 1564 3016 Mog.
1595 2970 1751 3004 Mtlicius
1779 2968 1815 3004 in
1844 2968 1944 3005 Veri.
1968 2966 2152 3005 Incendiis
2179 2974 2268 3000 veto
2296 2971 2423 2997 arcen-

1454 3019 1508 3057 dis
1545 3021 1740 3057 triumviros
1781 3021 1956 3056 noffmnos
1991 3014 2184 3067 praefuisse
2211 3011 2339 3050 diserte
2359 3019 2423 3099 ste-
2472 3042 2479 3046 ⁷,

2372 3070 2422 3100 12'
