2516 3509
165 60 170 61 *
213 72 394 132 VAL-
439 67 636 124 MAX.
678 68 928 128 Lunx.
961 74 1282 135 cmxlv.
1326 76 1431 132 DE
1467 75 1997 140 simini-mon.
2031 87 2135 162 865

142 186 244 218 rum
278 169 495 232 quoniam
537 167 618 214 ista
652 170 852 232 quaestio
896 172 944 219 in
977 175 1196 239 ambiguo
1230 177 1462 238 versatur,
1501 195 1644 242 pauca
1676 180 1794 229 inter
1825 183 1989 231 alienos
2024 202 2136 233 con-

133 244 306 310 spectae
339 242 642 291 similitudinis
677 248 884 311 exempla
919 250 1174 299 referemus.

201 320 384 382 Magno
419 320 646 383 Pompejo
686 328 700 357 5
739 321 906 369 Vibius
948 325 1169 389 ingenuae
1203 325 1347 389 stirpis
1370 361 1386 385 ,
1431 328 1480 375 &
1515 329 1749 379 Publicius
1794 334 2025 384 libertinus
2068 341 2129 387 ita

137 392 300 440 ssmiles
336 394 544 455 fuerunt,
580 409 632 443 ut
667 410 925 461 permutato
961 401 1098 461 statu,
1140 401 1185 448 ὃ(
1214 400 1235 428 ⁶
1259 403 1507 466 Pompejus
1543 404 1590 449 in
1623 404 1740 464 illis,

132 474 240 536 pejo
275 471 450 519 salutari
485 473 676 537 poffent.

130 553 310 609 serant,
357 568 435 597 ora
469 552 707 599 hominum
756 555 802 600 in
847 555 888 601 se
935 557 1269 618 obvertebant,
1314 574 1593 623 unoquoque
1638 560 1830 623 speciem
1874 567 2125 628 ampliffimi

129 626 241 674 civis
286 625 334 670 in
379 625 575 690 personis
619 627 924 677 mediocribus
971 645 1229 679 annotante.

1299 632 1444 691 Qod
1488 635 1672 698 quidem
1722 637 1966 688 fortuitum
2010 643 2124 689 ludi-

128 699 307 758 brium,
343 699 465 762 quasi
503 700 822 748 hereditarium
859 704 913 750 ad
948 720 1050 752 eum
1087 707 1356 770 penetravit.

198 777 329 823 Nam
368 782 385 814 7
422 788 548 839 pater
582 794 766 841 quoque
800 781 894 843 ejus
929 797 983 828 eo
1017 783 1154 847 usque
1190 785 1467 848 Menogenis
1493 821 1508 845 ,
1552 789 1655 834 coci
1700 789 1762 835 sui
1788 824 1801 848 ,
1849 791 1999 840 fimilis
2042 796 2126 842 effe

132 852 248 901 visus
283 852 381 910 est,
428 866 480 899 ut
511 855 581 901 vir
616 855 665 901 ἄ
700 855 828 902 ferox
864 859 1015 906 animo
1052 860 1100 907 ἃ
1136 877 1239 923 prae

130 945 236 975 rnen
269 926 483 990 repellere
518 927 543 975 a
577 928 618 975 se
652 946 745 977 non
778 932 982 983 valuerit,

195 1003 215 1033 3
250 1007 458 1053 Eximiae
491 1024 599 1055 vero
636 1010 885 1058 nobilitatis
920 1013 1170 1062 adolescens
1205 1015 1444 1064 Cornelius
1478 1020 1661 1083 Scipio,
1699 1038 1805 1069 cum
1841 1025 2044 1087 plurimis
2071 1027 2118 1074 δε

129 1081 374 1129 clariffimis
417 1082 610 1129 familiae
653 1083 750 1130 suae
792 1087 1145 1149 cognominibus
1189 1089 1434 1137 abundaret
1466 1125 1481 1149 ‚
1538 1100 1559 1129 9
1607 1095 1654 1139 in
1699 1094 1899 1144 servilem
1932 1102 2120 1162 Serapio—

129 1161 192 1205 nis
229 1158 578 1222 appellationem
613 1160 741 1224 vulgi
778 1155 979 1210 sermone
1019 1164 1240 1227 impaetus
1287 1166 1350 1212 est
1381 1201 1395 1225 ,
1455 1174 1497 1194 ¹0
1543 1169 1666 1231 quod
1709 1171 1894 1236 hujusce
1927 1177 2119 1223 nominis

133 1243 169 1263 ¹¹
209 1237 465 1284 victimario
498 1253 634 1299 quam
668 1236 821 1285 fimilis
855 1254 962 1289 erat.
1034 1242 1142 1289 Nec
1178 1243 1240 1288 illi
1276 1256 1352 1289 aut
1386 1261 1566 1291 morum
1602 1247 1828 1309 probitas,
1862 1265 1939 1299 aut
1973 1253 2112 1317 respe-

129 1312 229 1360 ustus
256 1326 329 1360 tot
350 1314 629 1378 imaginum,
664 1332 756 1379 quo
786 1318 933 1365 minus
967 1319 1053 1365 hac
1076 1320 1352 1366 contumelia
1386 1320 1714 1386 aspergeretur,
1751 1327 1971 1388 opitulata
2004 1328 2117 1377 sunt.
2140 1341 2332 1376 615.1aud2-·

197 1400 238 1420 ¹²
287 1393 688 1441 Gmoerofissimum
731 1396 986 1446 confillatus
1031 1399 1278 1463 collegium
1323 1400 1512 1447 Lentuli
1557 1401 1605 1449 ὃς
1649 1405 1830 1451 Metelli
1871 1406 1991 1455 fuit:

130 1600 231 1636 Ven.
260 1601 312 1635 Ex
334 1599 486 1648 speciosis
507 1598 684 1647 deformis,
714 1610 759 1637 θ’
782 1616 824 1638 ex
845 1601 984 1649 robustis
1005 1605 1107 1641 inva-

130 1648 222 1686 lidus
255 1660 375 1697 partus
406 1650 526 1688 editur.

182 1714 214 1750 ς.
245 1700 366 1736 Vibius
394 1703 556 1752 ingenuae
567 1701 704 1752 stirpis]
735 1703 914 1740 Ceterum
935 1703 954 1741 ὲ
974 1705 1106 1751 plebe,

130 1759 172 1789 ut
202 1751 335 1788 Plinius
368 1764 437 1788 vn.
472 1765 526 1790 12.
560 1753 689 1791 scribit.
716 1753 911 1792 VORST.
956 1755 1105 1793 Pauculi

132 1801 288 1848 Junius,
316 1802 406 1839 item
436 1804 572 1841 Vinius.

177 1853 214 1896 6,
249 1856 425 1901 Pompeius
454 1856 490 1890 in
519 1853 611 1903 illis]

132 1903 292 1941 Solinus.
319 1904 559 1942 CORRAD.

181 1966 216 2001 7.
246 1957 349 1990 Pater
377 1969 505 2004 quoque
528 1954 617 2004 ejus]
656 1957 858 2004 Pompeius,
893 1956 1012 1993 Strabo
1037 1969 1102 1995 co-

130 2006 335 2054 gnomine,
364 2003 384 2041 a
413 2005 531 2052 specie
562 2005 759 2043 oculorum
788 2007 863 2043 hoc
882 2007 1032 2050 nactum
1062 2017 1102 2046 ut

126 2055 255 2094 itidem
280 2054 468 2103 praedicto
496 2056 584 2092 loco
604 2055 719 2092 scribit
738 2055 886 2093 Plinius.
907 2058 1103 2097 VORST.

179 2107 212 2144 8.
241 2107 394 2141 Eximiae
412 2119 489 2141 vero
515 2105 705 2142 nobilitatis
726 2105 910 2153 adolescens
929 2110 1104 2145 Cornelius

125 2155 252 2206 Scipio]
297 2156 357 2193 Est
387 2156 414 2192 is
437 2156 476 2193 P.
504 2156 698 2193 Cornelius
729 2156 851 2205 Scipio
880 2157 1031 2202 Nasica,
1061 2167 1101 2197 ut

130 2219 176 2245 ex
205 2208 289 2256 epit.
321 2205 404 2243 Lib.
428 2218 489 2244 tv.
518 2206 619 2243 Livii
644 2215 804 2255 apparet.
826 2208 1020 2247 VORST.
1064 2249 1069 2256 .

177 2271 212 2307 9.
241 2261 281 2294 In
301 2258 462 2305 ser-vilem
501 2259 689 2305 Serapionis
717 2259 974 2306 appellationem
1004 2262 1102 2311 vulgi

120 2305 289 2358 sermone]
339 2308 518 2356 Epitome
556 2307 676 2345 modo
704 2308 799 2346 dieta
830 2309 930 2346 Livii
965 2311 1101 2355 habet,

129 2359 174 2396 ab
204 2359 379 2396 irridente
409 2358 576 2396 Curiatio
604 2358 751 2396 tribuno
782 2359 828 2407 pl.
864 2360 940 2398 hoc
973 2362 1007 2399 ei
1036 2374 1100 2400 co-

129 2422 297 2459 gnomen
324 2408 540 2458 impofitum
573 2407 686 2446 fuiffe.
705 2409 901 2449 VORST.

180 2474 238 2499 10.
267 2459 362 2508 Quod
382 2461 512 2507 hujusce
532 2462 674 2496 nominis
694 2461 904 2510 viHimario]
935 2462 1101 2499 Vic‘lima·

128 2512 223 2557 rius,
259 2512 307 2548 est
337 2511 572 2549 vieiimarum
604 2511 775 2549 minister.
821 2512 1000 2550 Ceterum
1028 2513 1101 2552 Pli-

130 2563 211 2600 nius
241 2573 309 2599 vn.
342 2575 398 2600 12.
426 2562 668 2610 Serapionem
692 2562 765 2599 vile
788 2564 1015 2612 mancipium
1037 2576 1102 2602 ne-

130 2611 345 2662 gotiationis
363 2613 500 2650 suariae
520 2611 624 2650 fuiffe
643 2613 1099 2653 scribit.VORST.MSS.

129 2672 201 2702 ‘tres
230 2663 447 2711 hujuscemodi
477 2664 631 2700 nominis.
657 2664 726 2701 Bit.
752 2666 860 2713 prim.
886 2665 1016 2714 hujusce
1044 2666 1103 2702 lao-

129 2716 229 2751 minis
256 2714 453 2751 villimarii.
482 2715 670 2756 Villimarii'
696 2715 744 2752 est
769 2716 881 2754 etiam
909 2717 948 2754 in
967 2716 1100 2767 Ultraj.

162 2777 243 2803 nm.

134 2778 158 2815 p
187 2829 242 2854 11.
278 2814 476 2852 Viaimario
513 2827 614 2865 quam
644 2815 770 2863 fimili's
807 2815 898 2865 erat]
945 2818 1104 2869 Aliquot

129 2867 213 2905 MS.
239 2880 339 2916 quam
363 2866 565 2910 omittunt,
597 2877 683 2903 cum
705 2866 799 2904 Edd.
826 2867 937 2912 Aldi‚
959 2869 1102 2918 Gryph.

133 2918 256 2967 Steph.
284 2917 407 2954 Colin.
438 2915 509 2954 Sed
539 2917 683 2954 Ascens.
705 2919 885 2967 persimilis
914 2930 997 2958 erat.
1025 2922 1105 2958 Ve-

132 2980 214 3008 rum
243 2966 426 3007 retinuisse
456 2967 629 3007 videntur
656 2968 765 3007 Leid.
794 2970 913 3020 quint.
937 2972 976 3010 &
994 2971 1101 3012 Barb.

652 1855 784 1892 Unum
812 1861 956 1893 tantum
990 1858 1103 1895 refert

2026 1500 2120 1531 am-

1162 1606 1268 1654 prim.
1298 1606 1488 1642 Vt'flimario
1515 1607 1692 1654 consimilis
1715 1618 1800 1645 erat.
1851 1610 1905 1647 Ut
1927 1622 2018 1648 mox
2037 1612 2122 1652 Ext-

1163 1669 1194 1693 1.
1234 1656 1306 1693 Pro
1339 1659 1505 1705 opitulata
1530 1662 1574 1702 es}
1595 1687 1605 1703 ‚
1641 1659 1809 1697 nonnulli
1843 1663 2009 1705 opitulata
2030 1667 2125 1711 sunt..

1158 1706 1372 1744 Perizonius
1390 1735 1399 1751 ‚
1424 1708 1598 1755 rogabat,
1629 1721 1674 1747 an
1703 1710 1743 1745 τδ
1773 1713 1815 1752 ef?
1844 1709 2042 1750 delendum
2073 1715 2124 1751 es-

1157 1757 1218 1793 set.
1234 1768 1370 1805 nempe
1387 1759 1472 1807 quia
1496 1761 1661 1805 opitulata
1681 1763 1724 1803 es?
1744 1760 1989 1799 incommode
2011 1765 2122 1802 refer-

1154 1814 1213 1844 tur
1232 1808 1276 1844 ad
1298 1808 1393 1855 prius
1414 1823 1536 1844 morum
1550 1809 1715 1858 probitas.
1746 1811 1859 1847 malui
1881 1813 2005 1863 itaque
2033 1817 2122 1860 suist.

1207 1870 1262 1896 12.
1284 1858 1545 1906 Generosiffimus
1562 1862 1748 1908 consulatus
1766 1863 1901 1912 collegio
1920 1867 2052 1901 Lentuli
2073 1875 2119 1902 (δ’

1153 1910 1296 1945 Metelli
1320 1909 1407 1958 suit]
1448 1910 1590 1947 Vetusti
1624 1911 1770 1948 codices
1791 1912 1937 1960 legunt,
1977 1918 2122 1953 Genero—

1146 1959 1300 2006 Jiffimum
1331 1962 1515 2006 consulatus
1542 1963 1724 2011 collegium.
1750 1963 1887 2001 PIGH.
1921 1967 2122 2015 Generosiffi.

1155 2024 1242 2046 mum
1260 2012 1446 2060 consulatus
1465 2013 1638 2062 collegium
1662 2015 1798 2049 Lentuli
1815 2022 1859 2049 (9'
1881 2018 2023 2051 Metelli
2036 2020 2122 2064 fuit.

1156 2060 1211 2097 Ita
1239 2061 1311 2109 legi
1339 2061 1418 2099 vult
1445 2062 1590 2110 Pighius
1630 2075 1674 2101 ex
1703 2064 1808 2101 MSS.
1844 2065 2039 2115 Habetque
2069 2070 2121 2108 ita

1156 2122 1249 2149 unus
1274 2124 1429 2162 quoque
1458 2113 1542 2150 cod.
1580 2113 1758 2151 Brandeb.
1800 2115 1882 2152 Alia
1909 2116 2017 2154 lectio
2048 2119 2120 2165 est,

1154 2162 1414 2209 Generofiffimus
1441 2165 1627 2211 consulatus
1657 2167 1789 2216 collegio
1825 2168 1959 2203 Lentuli
1978 2177 2021 2204 (φ’
2041 2173 2120 2206 Me-

1153 2213 1230 2247 telli
1258 2215 1342 2258 fuit.
1395 2215 1504 2261 Quae
1533 2214 1684 2262 quidem
1721 2215 1832 2253 lectio
1862 2219 1976 2266 magis
2001 2219 2118 2267 placet

1156 2263 1368 2300 Gronovio.
1407 2263 1477 2301 Sed
1508 2265 1700 2303 contendit
1729 2266 1828 2304 idem
1862 2279 1906 2305 ex
1937 2271 2116 2309 veteribus

1156 2312 1378 2351 editionibus
1397 2312 1439 2351 ac
1462 2315 1566 2352 MSS.
1596 2315 1809 2355 melioribus
1827 2318 2022 2367 legendum
2046 2333 2116 2371 po-

1153 2364 1224 2401 tius
1254 2363 1301 2401 slc
1325 2362 1417 2409 effe,
1438 2365 1697 2413 Generofiffimus
1716 2371 1925 2415 consulatus,
1946 2372 2115 2420 collegium

1152 2416 1292 2450 Lentuli
1321 2423 1366 2451 ef
1399 2416 1538 2452 Metelli
1561 2419 1645 2463 fuit.
1697 2419 1796 2456 Vide
1831 2432 1906 2468 cap.
1938 2433 1990 2467 15.
2028 2421 2114 2459 Obs.

1153 2464 1191 2502 in
1217 2465 1319 2503 Eccl.
1346 2466 1527 2505 Lentulus
1549 2468 1717 2516 Spinther
1745 2471 1772 2507 is
1798 2471 1843 2506 est
1858 2498 1867 2513 ‚
1883 2470 1943 2518 qui
1966 2470 2002 2506 in
2023 2482 2113 2508 con·

1154 2515 1270 2553 sulatu
1296 2517 1361 2554 suo
1389 2516 1434 2554 de
1465 2519 1648 2556 Cicerone
1685 2520 1727 2557 ab
1761 2519 1868 2556 exilio
1898 2521 2110 2558 revocando

1151 2566 1296 2612 retulit,
1323 2568 1362 2605 &
1382 2568 1504 2616 postea
1534 2570 1749 2617 proconsule
1774 2571 1809 2606 in
1832 2570 1994 2607 Ciciliam
2024 2583 2112 2619 pro-

1153 2616 1269 2655 fectus
1298 2618 1378 2656 fuit.
1425 2620 1621 2658 VORST-
1664 2620 1765 2657 Paris.
1801 2620 1867 2657 sec.
1900 2620 1966 2656 Bit.
2005 2622 2110 2661 Bai-b.

1152 2669 1259 2717 prim.
1306 2670 1541 2719 Generofiffimi
1579 2673 1761 2719 consulatus
1795 2671 1973 2719 collegium.
2013 2672 2111 2721 Cop,

1155 2719 1414 2768 Generofiffimus
1451 2723 1637 2770 consulatus
1672 2721 1814 2768 cellegio.
1857 2722 1894 2757 ἅ-
1927 2720 1973 2757 sic
2003 2723 2111 2761 Leid.

1153 2777 1248 2815 tres,
1277 2772 1315 2808 δε
1341 2780 1497 2821 uterque
1526 2773 1643 2809 Duae.
1687 2770 1757 2808 Sed
1788 2769 1919 2819 Ultraj.
1955 2778 2109 2823 uterque

1155 2832 1240 2859 cum
1268 2821 1400 2870 Pighio
1430 2823 1618 2859 consentit.

1208 2884 1265 2922 13.
1299 2875 1341 2909 In
1361 2875 1460 2922 scena
1487 2872 1578 2921 effa]
1620 2872 1783 2909 Barthius
1809 2870 1924 2920 legit,
1954 2873 1990 2909 in
2011 2876 2110 2921 siena

1152 2932 1250 2972 prope
1277 2922 1469 2970 histrionum
1497 2923 1586 2961 modo
1603 2922 1748 2971 spee‘lati
1765 2923 1847 2970 sunt
1876 2923 1898 2961 i.
1927 2934 1958 2962 e.
1994 2935 2111 2972 aeque

1155 2984 1198 3012 ac
1215 2973 1415 3015 histriones.

1578 3023 1664 3062 Rrr
1696 3033 1741 3061 rr
1971 3034 2024 3070 14.
2050 3023 2116 3062 Sed

2238 353 2268 378 l'.

2148 389 2224 420 plin.
2251 393 2326 423 vm*

1763 407 1809 453 &
1832 410 1895 455 illl
1920 413 1964 456 ll]
1991 414 2126 461 Pom·
2150 441 2195 464 iz.
2211 434 2346 470 Solin.5.

746 476 886 524 Certe
922 494 1196 543 quocunque
1239 492 1316 526 aut
1352 480 1518 527 Vibius
1546 515 1560 540 ,
1602 494 1679 528 aut
1714 484 1946 533 Publicius
1982 492 2125 537 acces-

2224 838 2246 862 2

1243 875 1403 926 potens
1438 865 1568 911 armis
1591 899 1605 924 ,
1648 864 1876 913 sordidum
1911 872 2005 934 ejus
2040 854 2318 946 no-f{1¹¹·*l¹s·'

2138 963 2221 991 Ann.
2241 957 2313 995 urb.

2139 1007 2208 1039 654.

2228 1054 2261 1092 3.

2141 1092 2248 1123 Livius
2279 1100 2336 1122 LV.

2143 1135 2219 1164 Plin.
2241 1143 2310 1163 vrr-

2145 1185 2178 1205 12
2199 1177 2335 1208 &xma-

2139 1218 2212 1251 Ejus
2237 1226 2313 1246 con-

2137 1257 2256 1289 sul-atus

2138 1308 2211 1330 ann.
2235 1298 2304 1330 urb.

2108 1412 2114 1418 ,
2138 1381 2271 1414 tissimus

2040 1426 2118 1473 qul
2138 1422 2212 1457 fuit.
