2516 3509
356 115 462 172 390
580 81 993 147 VAAEER‘H
1065 78 1441 136 MAXIMI
1496 79 1622 134 Lm.
1664 78 1769 138 IV.
1810 79 1956 136 ΕΜ».
1997 72 2132 134 VII.

358 213 458 245 rum
484 193 531 239 δε
557 188 761 237 luxuriae
782 181 1048 232 contabuit:
1087 178 1282 236 horum,
1317 173 1453 222 durae
1475 186 1611 239 atque
1636 173 1810 240 asperae
1829 174 2106 223 conditionis
2135 170 2372 232 solatium,

358 275 550 342 ipsarum
575 267 849 315 miseriarum
873 260 1190 327 experimento
1214 255 1395 303 enituit.
1463 253 1552 304 Sed
1579 254 1691 319 quid
1709 267 1895 303 externa
1913 254 2122 318 atting0‚
2157 270 2264 301 cum
2288 252 2372 300 do·

361 351 555 400 mesticis
579 349 702 413 prius}
726 347 860 394 liceat
883 341 981 390 uti?

431 430 648 478 Inimicus
684 425 852 491 patriae
884 419 1013 468 fuisse
1030 417 1111 466 Ti.
1148 415 1390 463 Gracchus
1421 413 1701 462 existimatus
1733 412 1824 470 est·‚
1861 429 1944 461 nec
1974 413 2230 467 immerito:
2270 414 2376 477 quia

365 511 621 578 potentiam
647 506 766 554 suam
789 500 917 549 saluti
940 501 1034 564 ejus
1057 495 1342 562 praetulerat.
1410 493 1570 552 Qam
1595 493 1840 540 constantis
1866 506 2018 540 tamen
2040 493 2148 540 fidei
2174 494 2374 540 amicum

368 591 504 638 etiam
537 588 583 632 in
612 585 704 630 hoc
739 596 831 629 tam
869 593 1009 642 pravo
1038 572 1278 640 proposito
1313 579 1335 611 9
1372 572 1431 619 C.
1465 570 1673 618 Blofium
1696 570 1961 617 Cumanum
1995 571 2229 631 habuerit,
2265 589 2376 637 ope-

370 687 442 719 rae
475 666 673 734 pretium
707 662 770 709 est
791 651 1081 724 cognoscere.
1155 661 1194 682 ¹0
1229 652 1390 702 Hostis
1413 651 1674 716 judicatus,
1708 651 1876 699 ultimo
1905 650 2132 717 supplicio
2162 653 2377 716 affectus,

157 775 241 805 Aua.
265 766 333 799 urb.
370 746 621 812 sepulturae
643 743 817 788 honore
841 737 1083 802 spoliatus,
1117 733 1434 783 benevolentia
1454 745 1608 779 tamen
1637 734 1734 796 ejus
1767 748 1861 777 non
1885 733 2045 778 caruit.
2115 733 2243 780 Nam
2269 751 2378 782 cum

156 811 323 887 {21:135ss
372 825 543 872 senatus
565 819 763 884 Rupilio
785 816 833 862 &C
857 813 1049 861 Laenati
1081 812 1341 859 consulibus
1369 809 1638 870 mandasset,
1684 820 1731 856 ut
1766 812 1810 855 in
1851 825 1943 869 eos,
1971 813 2043 872 qui
2074 827 2165 857 cum
2199 814 2381 860 Graccho
2407 852 2410 854 .

157 902 239 972 {2222
259 896 357 925 ‘³1³⁵'
373 904 678 968 conseffzrant,
713 913 822 944 more
858 895 1063 954 majorum
1096 893 1515 946 animadverterent3
1562 888 1609 935 ὃς
1644 886 1698 935 ad
1729 887 1941 935 Laelium
1964 922 1980 948 ,
2026 891 2156 954 cujus
2191 890 2382 938 consilio

376 982 618 1047 praecipue
651 972 853 1022 consules
893 970 1140 1017 utebantur
1160 1003 1175 1028 ‚
1222 984 1306 1033 pro
1339 966 1380 1014 se
1412 965 1589 1015 Blofius
1634 965 1930 1031 deprecatum
1968 966 2156 1014 venisset
2187 1002 2203 1028 ‚
2249 967 2381 1015 fami-

375 1052 663 1115 liaritatisque
683 1046 973 1095 excusatione
993 1059 1220 1104 uteretur,
1256 1057 1391 1109 atque
1410 1046 1444 1092 is
1465 1043 1672 1104 dixisset,
1706 1046 1834 1110 Qicl
1851 1048 1896 1105 fi
1928 1055 1968 1091 te
1991 1046 2202 1092 ‘Gracchus
2235 1049 2384 1108 templo

378 1137 509 1196 Jovis
542 1134 641 1190 Opt.
680 1130 813 1171 Aiax.
840 1122 961 1184 faces
985 1122 1163 1183 subdere
1184 1123 1401 1183 juffifflt3
1447 1121 1757 1185 obsecuturusne
1792 1123 2005 1167 voluntati
2038 1124 2150 1168 illias
2176 1154 2190 1180 ‚
2219 1133 2386 1182 propter

382 1218 527 1279 qiam,
554 1208 676 1274 quczm
699 1209 842 1269 jafi'm
883 1211 915 1230 ¹¹
935 1205 1301 1261 familiaritatem,
1325 1203 1760 1264 finffiseNcmquam
1794 1201 1930 1262 zstud,
1966 1203 2140 1266 inquit,
2171 1202 2385 1247 Gracchus

379 1290 621 1349 imperczſjbt.
689 1285 802 1331 Satis
825 1317 838 1342 ‚
885 1282 979 1327 imo
1011 1282 1146 1328 etiam
1194 1283 1403 1328 nimium.
1452 1282 1594 1327 totius
1625 1296 1819 1343 namque
1853 1280 2025 1328 senatus
2058 1280 2270 1328 consensu
2307 1281 2385 1327 da-

378 1380 556 1415 mnatos
582 1378 728 1410 mores
758 1360 995 1407 defendere
1023 1358 1148 1406 ausus
1180 1359 1258 1407 est.
1327 1359 1506 1405 Verum
1539 1357 1665 1421 quod
1694 1355 1895 1420 sequitur
1918 1392 1933 1417 ,
1968 1358 2117 1405 multo
2144 1358 2385 1418 audacius,

380 1446 619 1508 multoque
649 1439 958 1506 periculosius.
1003 1438 1279 1505 compressus
1307 1439 1429 1486 enim
1461 1435 1760 1504 perseveranti
1810 1441 1849 1462 ¹²
1888 1432 2249 1498 interrogatione
2270 1433 2386 1480 Lae-

2311 1511 2389 1570 lii,

435 1668 467 1702 7.
497 1653 662 1702 Infraffiae
677 1655 833 1700 fortunae
852 1648 1014 1699 homines]
1046 1649 1125 1697 Qui
1148 1648 1297 1686 fortuna
1317 1661 1360 1687 u-
1408 1663 1444 1686 re
1471 1663 1507 1685 ac
1536 1648 1718 1694 Jubellios.
1783 1645 1874 1684 Sunt
1912 1652 2043 1682 tamen
2080 1643 2118 1681 δί
2147 1646 2271 1680 Cumae
2310 1641 2393 1680 urbs

385 1714 511 1744 tuntur
541 1704 700 1743 adversa.
741 1704 903 1749 lnsraffbae
932 1712 999 1749 pro
1025 1700 1171 1745 fraa‘lae.
1222 1700 1360 1749 Neque
1414 1701 1667 1748 Campaniae:
1697 1707 1759 1743 ut,
1789 1710 1876 1736 cum
1899 1696 2112 1743 Campanus
2133 1691 2244 1747 effer,
2272 1694 2390 1730 &Cu-

388 1759 456 1794 alia
478 1755 650 1795 vocabuli
671 1753 885 1803 significatio
907 1753 966 1788 est.
1019 1749 1118 1787 Vide
1151 1761 1231 1798 cap.
1257 1762 1292 1797 4.
1318 1750 1361 1788 li-
1412 1765 1529 1787 manus
1561 1750 1631 1788 dici
1660 1750 1836 1798 potuerit.
1888 1746 2068 1783 Ceterum
2088 1744 2260 1783 Graccho
2283 1745 2389 1782 caeso

387 1809 472 1846 belli
489 1809 535 1846 de
554 1806 708 1845 Latinit.
735 1816 826 1842 mer.
845 1803 933 1850 susp.
953 1800 1149 1839 VORST.

440 1861 475 1901 S,
504 1861 692 1908 Prosperum
717 1858 812 1893 vitae
831 1852 977 1902 cursism]
1004 1852 1142 1890 Cicero
1156 1850 1179 1890 l.
1195 1864 1226 1890 1.
1246 1851 1294 1889 dc
1306 1853 1365 1890 O·

391 1919 455 1949 rat.
483 1914 565 1947 Eum
587 1911 681 1946 vitae
700 1910 825 1957 cursum
846 1916 952 1942 tenere
965 1913 1145 1954 potuerunt
1159 1930 1170 1947 ,
1196 1913 1235 1939 ut
1252 1905 1309 1940 ‘rel
1329 1906 1366 1939 in

390 1964 520 2013 negotio
532 1962 604 2009 fine
625 1960 768 2010 periculo
783 1986 793 2002 ,
819 1959 877 1993 ‘vel
896 1959 930 1993 in
948 1957 1013 1992 otio
1029 1969 1099 1991 cum
1120 1953 1288 2003 dignitate
1307 1954 1366 2003 effe

384 2014 515 2063 poffivnt.
546 2012 640 2049 Item
662 2009 761 2048 lib.1.
781 2008 858 2046 Off.
879 2009 989 2045 Facile
1008 2009 1111 2044 totius
1127 2009 1221 2042 ‘vitae
1239 2009 1366 2054 cursum

393 2063 499 2101 videt.
522 2064 629 2100 Plura
649 2061 850 2099 locutionis
873 2058 1042 2107 exempla
1061 2058 1099 2094 in
1120 2057 1181 2093 lib.
1205 2056 1250 2093 de
1263 2058 1368 2094 Lati-

395 2116 461 2152 nit.
486 2121 507 2151 t.
530 2114 617 2162 susp.
637 2124 671 2161 p.
691 2124 750 2148 22.
779 2110 1034 2159 congeffimus.
1061 2107 1260 2145 VORST.
1299 2108 1369 2146 Ul-

396 2167 475 2216 traj.
498 2166 605 2214 prim.
624 2162 765 2211 adversa
788 2162 911 2199 deleto
931 2164 1033 2209 casus.
1060 2158 1170 2197 Leid.
1191 2158 1299 2207 prim.
1329 2160 1368 2197 ὃ(

397 2217 485 2266 sept.
517 2215 583 2253 alia
609 2226 724 2251 manu
745 2214 845 2250 illam
867 2223 1005 2250 vocem
1027 2212 1139 2249 etiam
1159 2209 1306 2255 delent,
1329 2211 1368 2248 &

399 2267 559 2305 scribunt
588 2264 782 2314 adversum.-
812 2263 911 2313 quafi
941 2260 1178 2300 referendum
1209 2257 1295 2298 effet
1324 2260 1371 2298 ad

399 2321 535 2367 cursum.
589 2316 658 2353 Sed
679 2328 757 2353 non
776 2314 1035 2364 adstipulantur
1057 2312 1180 2352 ceteri.
1219 2311 1369 2350 Deinde

402 2370 507 2408 Harl.
534 2366 626 2404 dirae
643 2378 745 2416 atque
763 2370 905 2416 asperae.

452 2433 489 2470 9.
511 2423 549 2457 C.
559 2418 702 2466 Blofiusj
733 2418 867 2454 Cicero
888 2424 1000 2454 vocat
1020 2416 1063 2452 C.
1082 2415 1271 2454 Blossium.
1324 2414 1377 2452 E-

403 2470 547 2508 mendo
569 2471 701 2519 absque
719 2467 789 2505 ulla
807 2467 1048 2504 haesitatione
1063 2481 1071 2503 z
1085 2469 1122 2503 C.
1132 2467 1264 2512 Bloffius
1275 2468 1376 2501 Cam-

397 2532 522 2572 panus.
557 2533 635 2559 non
649 2549 659 2565 ,
684 2522 864 2556 Cumanus.
886 2518 956 2553 Pro
989 2528 1050 2553 me
1081 2516 1127 2553 est
1162 2517 1296 2553 Cicero
1337 2516 1375 2553 in

406 2573 598 2611 Rulliana:
626 2575 728 2609 Hunc
747 2573 880 2619 Capuae
900 2571 1067 2617 Campano
1077 2569 1249 2616 supercilio
1268 2581 1306 2602 ac
1326 2581 1377 2602 re-

401 2627 461 2676 gio
476 2626 602 2673 spiritu
631 2637 702 2659 cum
724 2620 930 2663 videremus,
960 2620 1101 2668 Magios
1115 2645 1126 2662 ,
1151 2618 1280 2664 Blffos
1298 2618 1379 2654 mibi

407 2674 546 2712 'videbar
565 2675 642 2711 illos
663 2671 774 2710 videre
789 2687 826 2708 ac
838 2670 1020 2717 Jubellios.
1045 2669 1128 2706 sane
1141 2669 1262 2706 Bloffii
1281 2668 1379 2716 spiri-

409 2734 467 2763 tus
480 2726 539 2763 vel
559 2738 603 2762 ex
621 2725 697 2762 hoc
718 2723 892 2771 exemplo
913 2733 992 2758 non
1003 2719 1379 2768 vulgaris.COLER.

416 2779 454 2814 C.
481 2777 619 2823 Blofinm
640 2780 833 2811 Cumanum.
862 2773 916 2810 Ita
936 2771 1044 2810 codd.
1073 2782 1215 2808 omnes.
1268 2769 1380 2807 Cole=

419 2838 479 2865 rus
504 2835 629 2864 tamen
666 2826 790 2863 mallet
815 2823 966 2862 scribere
994 2826 1032 2860 C.
1061 2822 1211 2868 Bloffium
1240 2824 1382 2871 Campa-

419 2893 522 2922 mmm
551 2878 636 2928 quia
660 2878 794 2915 Cicero
812 2876 852 2914 in
875 2877 941 2913 Or.
969 2885 999 2911 c,
1027 2873 1124 2911 Rull.
1144 2873 1263 2910 habet.
1281 2876 1384 2909 Hunc

425 2934 557 2979 (apuae
577 2931 742 2977 Campano
754 2929 929 2978 supercilio
949 2940 986 2962 ac
1003 2926 1223 2976 regiospiritu
1242 2939 1310 2961 cnm
1329 2925 1386 2960 ‘vi—

1415 1800 1572 1840 contulit
1591 1803 1625 1839 se
1645 1799 1782 1839 Blofius
1802 1798 1849 1838 ad
1867 1797 2122 1835 Aristonicum
2135 1824 2145 1840 ‚
2164 1796 2229 1845 qui
2250 1795 2284 1833 se
2301 1803 2392 1834 tunc

1415 1864 1483 1902 pro
1505 1863 1590 1900 rege
1614 1851 1721 1890 Afiae
1744 1850 1892 1900 gerebat
1906 1858 1972 1893 ‚ac
1995 1848 2261 1885 Romanorum
2279 1846 2393 1884 hostis

1416 1912 1504 1941 erat.
1559 1903 1673 1954 Cujus
1693 1902 1798 1940 rebus
1820 1899 2014 1949 desperatis
2033 1897 2106 1947 ipse
2134 1897 2197 1936 fibi
2226 1905 2394 1936 mortem

1416 1954 1607 1993 conscivit.
1674 1953 1775 1991 Vide
1814 1953 1852 1990 &
1891 1951 2120 1987 Ciceronem
2172 1950 2212 1986 in
2250 1949 2397 1986 Laelio.

1416 2005 1613 2044 VORST.
1640 2008 1678 2042 C.
1703 2004 1843 2052 Blofium
1873 2005 2068 2038 Cumanum.
2105 1999 2216 2048 Legit
2239 1999 2397 2038 Colerus

1418 2056 1493 2095 fine
1514 2056 1586 2094 ulla
1615 2055 1859 2094 haesitatione
1879 2055 2085 2101 Campanum
2099 2079 2109 2095 ,
2137 2062 2183 2088 ex
2205 2051 2399 2089 Ciceronis

1418 2109 1520 2146 loco.
1572 2107 1643 2145 Sed
1664 2114 1805 2157 quanto
1829 2104 1952 2142 minus
1977 2102 2130 2140 haesitat
2158 2102 2215 2140 vir
2244 2101 2399 2147 doetus,

1420 2167 1529 2197 tanto
1557 2160 1704 2207 gravius
1734 2164 1840 2195 errat.
1867 2166 2109 2204 nequaquam
2136 2154 2237 2191 enim
2262 2153 2398 2191 Cicero

1421 2211 1522 2249 hunc
1542 2210 1698 2259 respexit
1711 2237 1721 2254 ,
1748 2206 1852 2258 quod
1869 2205 2016 2244 videtur
2036 2204 2131 2244 velle
2143 2204 2300 2243 Colerus
2312 2219 2324 2248 3
2337 2203 2400 2243 sed

1424 2266 1583 2300 Marcum
1613 2262 1753 2310 Blofium
1772 2262 2001 2308 Campanum,
2018 2257 2083 2307 qui
2112 2268 2199 2294 cum
2228 2255 2377 2305 reliquis
2391 2283 2402 2301 ,

1425 2314 1490 2362 qui
1510 2313 1560 2351 ibi
1571 2313 1830 2356 nominantur,
1839 2308 2098 2348 celeberrimus
2111 2309 2148 2346 δε
2160 2306 2401 2345 nobiliffimue

1426 2364 1498 2402 fuit
1528 2364 1680 2412 Capuae
1708 2362 1798 2400 civis
1831 2369 2007 2409 tempore
2036 2358 2239 2397 Annibali&
2292 2358 2401 2396 Tum

1428 2423 1642 2464 recuperata
1664 2415 1815 2463 Capua,
1835 2411 1978 2460 antiqui
1999 2410 2076 2459 ejus
2100 2411 2198 2448 cives
2218 2408 2319 2447 illinc
2340 2408 2404 2446 ab·

1427 2467 1480 2503 ire
1509 2467 1547 2504 &
1568 2463 1687 2504 abesse
1701 2464 1785 2515 juffi
1797 2492 1808 2510 ,
1836 2464 1905 2502 alia
1921 2462 2006 2500 loca
2031 2461 2196 2499 habitare
2217 2459 2379 2498 debuere
2392 2487 2404 2504 ,

1429 2525 1469 2555 ut
1488 2525 1589 2565 patet
1611 2529 1657 2555 ex
1676 2517 1804 2554 Livio.
1857 2513 1983 2553 Fuerit
2002 2513 2112 2562 igitur
2143 2524 2188 2550 ex
2208 2511 2342 2550 eadem
2360 2510 2404 2548 il-

1427 2568 1462 2606 la
1482 2568 1647 2612 familia,
1674 2568 1765 2605 nihil
1787 2566 1924 2605 mirum
1945 2564 2034 2610 erit,
2061 2562 2232 2602 fiCumis
2259 2562 2401 2600 habita-

1428 2620 1600 2657 vene&
1628 2618 1676 2656 fic
1705 2622 1891 2656 Cumanum
1919 2627 2007 2655 eum
2037 2615 2194 2664 appellat
2220 2611 2402 2652 Plutarch.

1430 2683 1465 2719 p.
1485 2682 1568 2717 722.
1597 2670 1681 2717 726.
1709 2671 1747 2708 &
1767 2670 1915 2708 Cicero.
1940 2666 2185 2705 PERIZON.
2221 2667 2402 2702 Cumanum

1429 2730 1579 2759 tuentur
1598 2722 1710 2759 etiam
1729 2732 1862 2759 omnes
1879 2718 1990 2757 nostri
2010 2718 2122 2755 MSti.
2135 2714 2252 2766 Quod
2273 2721 2402 2752 contra

1433 2772 1614 2810 Colerum
1630 2772 1774 2811 Gudius
1796 2772 1909 2809 etiam
1927 2781 2061 2807 verum
2080 2766 2152 2805 esse
2172 2765 2378 2804 contendit.

1432 2872 1464 2909 d·
1486 2835 1542 2860 10.
1561 2825 1680 2872 Hostis
1714 2821 1905 2873 judicatus]
1942 2819 2047 2858 Harl.
2073 2817 2193 2868 Hostis
2228 2817 2314 2853 enim
2343 2816 2404 2865 ju?

1454 2885 1570 2911 tcattos.

1489 2937 1502 2962 1
1514 2937 1544 2962 1.
1575 2926 1851 2966 familiaritatem
1868 2951 1878 2970 ‚
1887 2919 2030 2973 fm‘ffes]
2046 2919 2155 2960 MSS.
2177 2919 2286 2958 multi
2303 2913 2406 2956 exhi-

423 2980 589 3026 dvmus,
609 2981 751 3029 Magios
765 3009 774 3025 ,
799 2979 928 3028 Bloffios
945 2977 1026 3017 mihi
1043 2974 1182 3016 videbar
1198 2977 1275 3015 illos
1291 2973 1389 3025 ‘ridef
1435 2975 1524 3014 bent
1543 2978 1652 3025 fuisti.

2266 3027 2322 3057 12.
2347 3018 2407 3065 Inff
