<?xml version="1.0" encoding="UTF-8"?>
<!DOCTYPE html PUBLIC "-//W3C//DTD XHTML 1.0 Transitional//EN"
    "http://www.w3.org/TR/xhtml1/DTD/xhtml1-transitional.dtd">
<html xmlns="http://www.w3.org/1999/xhtml" xml:lang="en" lang="en">
 <head>
  <title>
</title>
<meta http-equiv="Content-Type" content="text/html;charset=utf-8" />
  <meta name='ocr-system' content='tesseract 3.04.00' />
  <meta name='ocr-capabilities' content='ocr_page ocr_carea ocr_par ocr_line ocrx_word'/>
</head>
<body>
  <div class='ocr_page' id='page_1' title='image "./librinovemfactor00valeuoft_0118.png"; bbox 0 0 2516 3509; ppageno 0'>
   <div class='ocr_carea' id='block_1_1' title="bbox 140 737 297 891">
    <p class='ocr_par' dir='ltr' id='par_1_1' title="bbox 140 737 297 891">
     <span class='ocr_line' id='line_1_1' title="bbox 219 737 276 762; baseline -0.018 0"><span class='ocrx_word' id='word_1_1' title='bbox 219 737 276 762; x_wconf 86' lang='lat'>10.</span> 
     </span>
     <span class='ocr_line' id='line_1_2' title="bbox 140 775 291 808; baseline -0.02 0"><span class='ocrx_word' id='word_1_2' title='bbox 140 780 201 808; x_wconf 68' lang='lat' dir='ltr'>An.</span> <span class='ocrx_word' id='word_1_3' title='bbox 224 775 291 806; x_wconf 83' lang='lat' dir='ltr'>urb.</span> 
     </span>
     <span class='ocr_line' id='line_1_3' title="bbox 140 819 297 853; baseline -0.013 -4"><span class='ocrx_word' id='word_1_4' title='bbox 140 824 209 849; x_wconf 80' lang='lat'>666.</span> <span class='ocrx_word' id='word_1_5' title='bbox 228 819 297 853; x_wconf 77' lang='lat' dir='ltr'>Plu-</span> 
     </span>
     <span class='ocr_line' id='line_1_4' title="bbox 141 859 241 891; baseline -0.01 -1"><span class='ocrx_word' id='word_1_6' title='bbox 141 859 241 891; x_wconf 56' lang='lat' dir='ltr'>march.</span> 
     </span>
    </p>
   </div>
   <div class='ocr_carea' id='block_1_2' title="bbox 139 901 260 933">
    <p class='ocr_par' dir='ltr' id='par_1_2' title="bbox 139 901 260 933">
     <span class='ocr_line' id='line_1_5' title="bbox 139 901 260 933; baseline -0.008 0"><span class='ocrx_word' id='word_1_7' title='bbox 139 901 260 933; x_wconf 66' lang='lat' dir='ltr'>Mario.</span> 
     </span>
    </p>
   </div>
   <div class='ocr_carea' id='block_1_3' title="bbox 354 115 2060 204">
    <p class='ocr_par' dir='ltr' id='par_1_3' title="bbox 354 115 2060 204">
     <span class='ocr_line' id='line_1_6' title="bbox 354 115 2060 204; baseline -0.013 -10"><span class='ocrx_word' id='word_1_8' title='bbox 354 148 428 204; x_wconf 69' lang='lat'>66</span> <span class='ocrx_word' id='word_1_9' title='bbox 627 119 1034 189; x_wconf 77' lang='lat' dir='ltr'>VALERH</span> <span class='ocrx_word' id='word_1_10' title='bbox 1108 115 1480 173; x_wconf 60' lang='lat' dir='ltr'><strong>MAXIWII</strong></span> <span class='ocrx_word' id='word_1_11' title='bbox 1520 116 1645 171; x_wconf 74' lang='lat' dir='ltr'>Lm.</span> <span class='ocrx_word' id='word_1_12' title='bbox 1689 115 1732 169; x_wconf 88' lang='lat'>1.</span> <span class='ocrx_word' id='word_1_13' title='bbox 1774 116 1918 176; x_wconf 68' lang='lat' dir='ltr'>CAP.</span> <span class='ocrx_word' id='word_1_14' title='bbox 1959 117 2060 177; x_wconf 86' lang='lat' dir='ltr'>VI.</span> 
     </span>
    </p>
   </div>
   <div class='ocr_carea' id='block_1_4' title="bbox 346 221 2378 535">
    <p class='ocr_par' dir='ltr' id='par_1_4' title="bbox 346 221 2378 535">
     <span class='ocr_line' id='line_1_7' title="bbox 352 221 2365 314; baseline 0 -43"><span class='ocrx_word' id='word_1_15' title='bbox 352 246 556 314; x_wconf 61' lang='lat' dir='ltr'>proxima</span> <span class='ocrx_word' id='word_1_16' title='bbox 588 242 628 271; x_wconf 64' lang='lat'>47</span> <span class='ocrx_word' id='word_1_17' title='bbox 650 241 788 294; x_wconf 77' lang='lat' dir='ltr'>cap-ut</span> <span class='ocrx_word' id='word_1_18' title='bbox 802 225 1019 292; x_wconf 77' lang='lat' dir='ltr'>jecinoris</span> <span class='ocrx_word' id='word_1_19' title='bbox 1038 222 1208 287; x_wconf 78' lang='lat' dir='ltr'>duplex</span> <span class='ocrx_word' id='word_1_20' title='bbox 1231 223 1404 271; x_wconf 77' lang='lat' dir='ltr'>habuit.</span> <span class='ocrx_word' id='word_1_21' title='bbox 1475 222 1660 281; x_wconf 81' lang='lat' dir='ltr'>Quibus</span> <span class='ocrx_word' id='word_1_22' title='bbox 1679 221 1884 286; x_wconf 63' lang='lat' dir='ltr'>inspeetis</span> <span class='ocrx_word' id='word_1_23' title='bbox 1909 225 2097 289; x_wconf 80' lang='lat' dir='ltr'>aruspex</span> <span class='ocrx_word' id='word_1_24' title='bbox 2120 222 2235 271; x_wconf 85' lang='lat' dir='ltr'>tristi</span> <span class='ocrx_word' id='word_1_25' title='bbox 2254 225 2365 273; x_wconf 56' lang='lat' dir='ltr'>vulae&#39;</span> 
     </span>
     <span class='ocr_line' id='line_1_8' title="bbox 348 302 2378 379; baseline -0.006 -16"><span class='ocrx_word' id='word_1_26' title='bbox 348 338 422 379; x_wconf 75' lang='lat' dir='ltr'>tu,</span> <span class='ocrx_word' id='word_1_27' title='bbox 456 331 532 363; x_wconf 77' lang='lat' dir='ltr'>non</span> <span class='ocrx_word' id='word_1_28' title='bbox 554 315 715 373; x_wconf 70' lang='lat' dir='ltr'>placere</span> <span class='ocrx_word' id='word_1_29' title='bbox 738 308 823 370; x_wconf 79' lang='lat' dir='ltr'>fibi</span> <span class='ocrx_word' id='word_1_30' title='bbox 845 318 972 366; x_wconf 73' lang='lat' dir='ltr'>exta,</span> <span class='ocrx_word' id='word_1_31' title='bbox 1008 304 1052 342; x_wconf 71' lang='lat'>48</span> <span class='ocrx_word' id='word_1_32' title='bbox 1075 306 1171 366; x_wconf 64' lang='lat' dir='ltr'>q&#39;fia</span> <span class='ocrx_word' id='word_1_33' title='bbox 1193 308 1336 365; x_wconf 70' lang='lat' dir='ltr'>prima</span> <span class='ocrx_word' id='word_1_34' title='bbox 1367 315 1513 350; x_wconf 72' lang='lat' dir='ltr'>trunca</span> <span class='ocrx_word' id='word_1_35' title='bbox 1528 336 1542 362; x_wconf 79' lang='lat'>‚</span> <span class='ocrx_word' id='word_1_36' title='bbox 1567 302 1745 363; x_wconf 72' lang='lat' dir='ltr'>secunda</span> <span class='ocrx_word' id='word_1_37' title='bbox 1770 304 1892 347; x_wconf 78' lang='lat' dir='ltr'>nimis</span> <span class='ocrx_word' id='word_1_38' title='bbox 1921 305 2033 348; x_wconf 70' lang='lat' dir='ltr'>laeta</span> <span class='ocrx_word' id='word_1_39' title='bbox 2057 305 2378 366; x_wconf 52' lang='lat' dir='ltr'>apparuiffi&gt;72t3</span> 
     </span>
     <span class='ocr_line' id='line_1_9' title="bbox 348 380 2366 458; baseline -0.005 -16"><span class='ocrx_word' id='word_1_40' title='bbox 348 389 589 458; x_wconf 83' lang='lat' dir='ltr'><strong>respondit.</strong></span> <span class='ocrx_word' id='word_1_41' title='bbox 648 388 732 435; x_wconf 67' lang='lat' dir='ltr'>&#39;Ita</span> <span class='ocrx_word' id='word_1_42' title='bbox 750 386 953 433; x_wconf 87' lang='lat' dir='ltr'>monitus</span> <span class='ocrx_word' id='word_1_43' title='bbox 975 386 1033 432; x_wconf 82' lang='lat' dir='ltr'>M</span> <span class='ocrx_word' id='word_1_44' title='bbox 1040 422 1048 430; x_wconf 90' lang='lat'>.</span> <span class='ocrx_word' id='word_1_45' title='bbox 1073 383 1345 444; x_wconf 77' lang='lat' dir='ltr'>Marcellus,</span> <span class='ocrx_word' id='word_1_46' title='bbox 1381 399 1438 430; x_wconf 89' lang='lat' dir='ltr'>ne</span> <span class='ocrx_word' id='word_1_47' title='bbox 1464 380 1576 447; x_wconf 91' lang='lat' dir='ltr'>quid</span> <span class='ocrx_word' id='word_1_48' title='bbox 1604 395 1776 429; x_wconf 86' lang='lat' dir='ltr'>temere</span> <span class='ocrx_word' id='word_1_49' title='bbox 1808 396 2080 443; x_wconf 77' lang='lat' dir='ltr'>conaretur,</span> <span class='ocrx_word' id='word_1_50' title='bbox 2114 384 2366 448; x_wconf 74' lang='lat' dir='ltr'>insequenti</span> 
     </span>
     <span class='ocr_line' id='line_1_10' title="bbox 346 463 2367 535; baseline -0.004 -14"><span class='ocrx_word' id='word_1_51' title='bbox 346 473 480 522; x_wconf 70' lang='grc' dir='ltr'>ῃοξὶε</span> <span class='ocrx_word' id='word_1_52' title='bbox 510 468 765 535; x_wconf 88' lang='lat' dir='ltr'>speculandi</span> <span class='ocrx_word' id='word_1_53' title='bbox 801 468 946 534; x_wconf 84' lang='lat' dir='ltr'>gratia</span> <span class='ocrx_word' id='word_1_54' title='bbox 976 484 1083 513; x_wconf 88' lang='lat' dir='ltr'>cum</span> <span class='ocrx_word' id='word_1_55' title='bbox 1115 467 1268 530; x_wconf 82' lang='lat' dir='ltr'>paucis</span> <span class='ocrx_word' id='word_1_56' title='bbox 1306 463 1461 531; x_wconf 79' lang='lat' dir='ltr'>egredi</span> <span class='ocrx_word' id='word_1_57' title='bbox 1500 463 1624 510; x_wconf 89' lang='lat' dir='ltr'>ausus</span> <span class='ocrx_word' id='word_1_58' title='bbox 1643 498 1660 525; x_wconf 78' lang='lat'>‚</span> <span class='ocrx_word' id='word_1_59' title='bbox 1706 464 1733 511; x_wconf 68' lang='lat' dir='ltr'>a</span> <span class='ocrx_word' id='word_1_60' title='bbox 1761 464 2058 513; x_wconf 89' lang='lat' dir='ltr'>multitudine</span> <span class='ocrx_word' id='word_1_61' title='bbox 2090 464 2290 512; x_wconf 88' lang='lat' dir='ltr'>hostium</span> <span class='ocrx_word' id='word_1_62' title='bbox 2319 467 2367 513; x_wconf 89' lang='lat' dir='ltr'>in</span> 
     </span>
    </p>
   </div>
   <div class='ocr_carea' id='block_1_5' title="bbox 350 544 2364 613">
    <p class='ocr_par' dir='ltr' id='par_1_5' title="bbox 350 544 2364 613">
     <span class='ocr_line' id='line_1_11' title="bbox 350 544 2364 613; baseline -0.005 -14"><span class='ocrx_word' id='word_1_63' title='bbox 350 552 521 601; x_wconf 83' lang='lat' dir='ltr'>Brutiis</span> <span class='ocrx_word' id='word_1_64' title='bbox 541 552 909 608; x_wconf 73' lang='lat' dir='ltr'>circumventus,</span> <span class='ocrx_word' id='word_1_65' title='bbox 945 564 1085 613; x_wconf 84' lang='lat' dir='ltr'>aeque</span> <span class='ocrx_word' id='word_1_66' title='bbox 1103 564 1322 612; x_wconf 84' lang='lat' dir='ltr'>magnum</span> <span class='ocrx_word' id='word_1_67' title='bbox 1356 545 1564 592; x_wconf 83' lang='lat' dir='ltr'>dolorem</span> <span class='ocrx_word' id='word_1_68' title='bbox 1582 577 1598 603; x_wconf 82' lang='lat'>‚</span> <span class='ocrx_word' id='word_1_69' title='bbox 1634 561 1685 590; x_wconf 82' lang='lat' dir='ltr'>ac</span> <span class='ocrx_word' id='word_1_70' title='bbox 1705 544 2033 592; x_wconf 81' lang='lat' dir='ltr'>detrimentum</span> <span class='ocrx_word' id='word_1_71' title='bbox 2063 545 2261 609; x_wconf 80' lang='lat' dir='ltr'>patriae,</span> <span class='ocrx_word' id='word_1_72' title='bbox 2296 544 2364 590; x_wconf 87' lang='lat' dir='ltr'>in-</span> 
     </span>
    </p>
   </div>
   <div class='ocr_carea' id='block_1_6' title="bbox 353 629 810 678">
    <p class='ocr_par' dir='ltr' id='par_1_6' title="bbox 353 629 810 678">
     <span class='ocr_line' id='line_1_12' title="bbox 353 629 810 678; baseline -0.009 0"><span class='ocrx_word' id='word_1_73' title='bbox 353 632 494 678; x_wconf 89' lang='lat' dir='ltr'>teritu</span> <span class='ocrx_word' id='word_1_74' title='bbox 528 629 610 677; x_wconf 88' lang='lat' dir='ltr'>suo</span> <span class='ocrx_word' id='word_1_75' title='bbox 641 630 810 676; x_wconf 87' lang='lat' dir='ltr'>attulit.</span> 
     </span>
    </p>
   </div>
   <div class='ocr_carea' id='block_1_7' title="bbox 422 702 2368 769">
    <p class='ocr_par' dir='ltr' id='par_1_7' title="bbox 422 702 2368 769">
     <span class='ocr_line' id='line_1_13' title="bbox 422 702 2368 769; baseline -0.002 -15"><span class='ocrx_word' id='word_1_76' title='bbox 422 715 463 743; x_wconf 69' lang='lat'>49</span> <span class='ocrx_word' id='word_1_77' title='bbox 492 709 595 769; x_wconf 84' lang='lat' dir='ltr'>Jam</span> <span class='ocrx_word' id='word_1_78' title='bbox 616 707 837 754; x_wconf 69' lang='lat' dir='ltr'>O&amp;21vius</span> <span class='ocrx_word' id='word_1_79' title='bbox 855 705 1011 751; x_wconf 87' lang='lat' dir='ltr'>consul</span> <span class='ocrx_word' id='word_1_80' title='bbox 1033 706 1184 752; x_wconf 76' lang='lat' dir='ltr'>dirum</span> <span class='ocrx_word' id='word_1_81' title='bbox 1206 720 1343 751; x_wconf 89' lang='lat' dir='ltr'>omen</span> <span class='ocrx_word' id='word_1_82' title='bbox 1373 702 1764 768; x_wconf 84' lang='lat' dir='ltr'>quemadmodum</span> <span class='ocrx_word' id='word_1_83' title='bbox 1795 702 1953 748; x_wconf 86' lang='lat' dir='ltr'>timuit</span> <span class='ocrx_word' id='word_1_84' title='bbox 1973 734 1989 760; x_wconf 79' lang='lat'>,</span> <span class='ocrx_word' id='word_1_85' title='bbox 2025 702 2087 748; x_wconf 80' lang='lat' dir='ltr'>ita</span> <span class='ocrx_word' id='word_1_86' title='bbox 2110 703 2252 749; x_wconf 83' lang='lat' dir='ltr'>vitare</span> <span class='ocrx_word' id='word_1_87' title='bbox 2272 719 2368 750; x_wconf 85' lang='lat' dir='ltr'>non</span> 
     </span>
    </p>
   </div>
   <div class='ocr_carea' id='block_1_8' title="bbox 355 789 524 854">
    <p class='ocr_par' dir='ltr' id='par_1_8' title="bbox 355 789 524 854">
     <span class='ocr_line' id='line_1_14' title="bbox 355 789 524 854; baseline -0.012 -19"><span class='ocrx_word' id='word_1_88' title='bbox 355 789 524 854; x_wconf 86' lang='lat' dir='ltr'>potuit.</span> 
     </span>
    </p>
   </div>
   <div class='ocr_carea' id='block_1_9' title="bbox 595 782 2369 850">
    <p class='ocr_par' dir='ltr' id='par_1_9' title="bbox 595 782 2369 850">
     <span class='ocr_line' id='line_1_15' title="bbox 595 782 2369 850; baseline 0.002 -19"><span class='ocrx_word' id='word_1_89' title='bbox 595 787 669 832; x_wconf 70' lang='lat' dir='ltr'>Ex</span> <span class='ocrx_word' id='word_1_90' title='bbox 693 784 933 832; x_wconf 79' lang='lat' dir='ltr'>fimulacro</span> <span class='ocrx_word' id='word_1_91' title='bbox 961 786 1082 831; x_wconf 89' lang='lat' dir='ltr'>enim</span> <span class='ocrx_word' id='word_1_92' title='bbox 1115 785 1343 850; x_wconf 80' lang='lat' dir='ltr'>Apollinis</span> <span class='ocrx_word' id='word_1_93' title='bbox 1383 792 1422 818; x_wconf 85' lang='lat'>⁵⁰</span> <span class='ocrx_word' id='word_1_94' title='bbox 1443 800 1523 848; x_wconf 86' lang='lat' dir='ltr'>per</span> <span class='ocrx_word' id='word_1_95' title='bbox 1551 783 1592 830; x_wconf 93' lang='lat' dir='ltr'>se</span> <span class='ocrx_word' id='word_1_96' title='bbox 1615 784 1814 847; x_wconf 87' lang='lat' dir='ltr'>abrupto</span> <span class='ocrx_word' id='word_1_97' title='bbox 1846 782 2023 846; x_wconf 77' lang='lat' dir='ltr'>capite,</span> <span class='ocrx_word' id='word_1_98' title='bbox 2059 782 2106 828; x_wconf 88' lang='lat'>&amp;</span> <span class='ocrx_word' id='word_1_99' title='bbox 2128 784 2191 828; x_wconf 82' lang='lat' dir='ltr'>ita</span> <span class='ocrx_word' id='word_1_100' title='bbox 2220 785 2369 834; x_wconf 82' lang='lat' dir='ltr'>infixo</span> 
     </span>
    </p>
   </div>
   <div class='ocr_carea' id='block_1_10' title="bbox 354 860 2370 929">
    <p class='ocr_par' dir='ltr' id='par_1_10' title="bbox 354 860 2370 929">
     <span class='ocr_line' id='line_1_16' title="bbox 354 860 2370 929; baseline -0.004 -12"><span class='ocrx_word' id='word_1_101' title='bbox 354 870 482 917; x_wconf 87' lang='lat' dir='ltr'>humi</span> <span class='ocrx_word' id='word_1_102' title='bbox 507 874 539 901; x_wconf 81' lang='lat'>⁵¹</span> <span class='ocrx_word' id='word_1_103' title='bbox 558 879 611 913; x_wconf 90' lang='lat' dir='ltr'>ut</span> <span class='ocrx_word' id='word_1_104' title='bbox 631 866 761 914; x_wconf 83' lang='lat' dir='ltr'>avelli</span> <span class='ocrx_word' id='word_1_105' title='bbox 780 866 986 929; x_wconf 89' lang='lat' dir='ltr'>nequiret</span> <span class='ocrx_word' id='word_1_106' title='bbox 1001 899 1017 925; x_wconf 79' lang='lat'>,</span> <span class='ocrx_word' id='word_1_107' title='bbox 1033 871 1069 903; x_wconf 80' lang='lat'>5²</span> <span class='ocrx_word' id='word_1_108' title='bbox 1084 866 1218 912; x_wconf 83' lang='lat' dir='ltr'>armis</span> <span class='ocrx_word' id='word_1_109' title='bbox 1236 881 1345 910; x_wconf 89' lang='lat' dir='ltr'>cum</span> <span class='ocrx_word' id='word_1_110' title='bbox 1367 864 1544 927; x_wconf 79' lang='lat' dir='ltr'>collega</span> <span class='ocrx_word' id='word_1_111' title='bbox 1563 863 1642 909; x_wconf 92' lang='lat' dir='ltr'>suo</span> <span class='ocrx_word' id='word_1_112' title='bbox 1653 862 1808 909; x_wconf 87' lang='lat' dir='ltr'>Cinna</span> <span class='ocrx_word' id='word_1_113' title='bbox 1828 860 2032 909; x_wconf 82' lang='lat' dir='ltr'>diflidens</span> <span class='ocrx_word' id='word_1_114' title='bbox 2044 895 2060 922; x_wconf 82' lang='lat'>,</span> <span class='ocrx_word' id='word_1_115' title='bbox 2073 861 2370 928; x_wconf 73' lang='lat' dir='ltr'>praesumpsit</span> 
     </span>
    </p>
   </div>
   <div class='ocr_carea' id='block_1_11' title="bbox 351 1075 1371 2911">
    <p class='ocr_par' dir='ltr' id='par_1_11' title="bbox 353 1075 1339 1177">
     <span class='ocr_line' id='line_1_17' title="bbox 357 1075 1339 1127; baseline -0.005 -10"><span class='ocrx_word' id='word_1_116' title='bbox 357 1080 420 1118; x_wconf 85' lang='lat' dir='ltr'>bit.</span> <span class='ocrx_word' id='word_1_117' title='bbox 474 1080 587 1116; x_wconf 82' lang='lat' dir='ltr'>Varia</span> <span class='ocrx_word' id='word_1_118' title='bbox 604 1078 643 1116; x_wconf 90' lang='lat' dir='ltr'>id</span> <span class='ocrx_word' id='word_1_119' title='bbox 659 1088 774 1127; x_wconf 84' lang='lat' dir='ltr'>genus</span> <span class='ocrx_word' id='word_1_120' title='bbox 791 1077 864 1126; x_wconf 84' lang='lat' dir='ltr'>ipse</span> <span class='ocrx_word' id='word_1_121' title='bbox 884 1088 1037 1127; x_wconf 83' lang='lat' dir='ltr'>quoque</span> <span class='ocrx_word' id='word_1_122' title='bbox 1057 1075 1187 1113; x_wconf 82' lang='lat' dir='ltr'>Livius</span> <span class='ocrx_word' id='word_1_123' title='bbox 1214 1075 1339 1113; x_wconf 83' lang='lat' dir='ltr'>habet.</span> 
     </span>
     <span class='ocr_line' id='line_1_18' title="bbox 353 1124 553 1177; baseline -0.01 -8"><span class='ocrx_word' id='word_1_124' title='bbox 353 1124 553 1177; x_wconf 51' lang='lat' dir='ltr'>‚Vonsr</span> 
     </span>
    </p>

    <p class='ocr_par' dir='ltr' id='par_1_12' title="bbox 351 1176 1345 1635">
     <span class='ocr_line' id='line_1_19' title="bbox 406 1176 1344 1230; baseline -0.009 -11"><span class='ocrx_word' id='word_1_125' title='bbox 406 1192 466 1229; x_wconf 78' lang='grc'>47.</span> <span class='ocrx_word' id='word_1_126' title='bbox 495 1185 605 1230; x_wconf 80' lang='lat' dir='ltr'>Caput</span> <span class='ocrx_word' id='word_1_127' title='bbox 623 1179 774 1222; x_wconf 80' lang='lat' dir='ltr'>jecinoris</span> <span class='ocrx_word' id='word_1_128' title='bbox 793 1176 935 1227; x_wconf 79' lang='lat' dir='ltr'>duplex]</span> <span class='ocrx_word' id='word_1_129' title='bbox 974 1176 1098 1214; x_wconf 82' lang='lat' dir='ltr'>Partes</span> <span class='ocrx_word' id='word_1_130' title='bbox 1129 1176 1223 1214; x_wconf 80' lang='lat' dir='ltr'>duae</span> <span class='ocrx_word' id='word_1_131' title='bbox 1249 1176 1344 1225; x_wconf 85' lang='lat' dir='ltr'>jeci-</span> 
     </span>
     <span class='ocr_line' id='line_1_20' title="bbox 357 1228 1342 1271; baseline -0.01 0"><span class='ocrx_word' id='word_1_132' title='bbox 357 1235 460 1271; x_wconf 82' lang='lat' dir='ltr'>noris</span> <span class='ocrx_word' id='word_1_133' title='bbox 479 1231 755 1270; x_wconf 81' lang='lat' dir='ltr'>eminentiores.</span> <span class='ocrx_word' id='word_1_134' title='bbox 783 1228 980 1266; x_wconf 89' lang='lat' dir='ltr'>VORST.</span> <span class='ocrx_word' id='word_1_135' title='bbox 1033 1231 1120 1264; x_wconf 83' lang='lat' dir='ltr'>Pars</span> <span class='ocrx_word' id='word_1_136' title='bbox 1146 1228 1342 1263; x_wconf 76' lang='lat' dir='ltr'>eminentior</span> 
     </span>
     <span class='ocr_line' id='line_1_21' title="bbox 354 1278 1342 1333; baseline -0.008 -12"><span class='ocrx_word' id='word_1_137' title='bbox 354 1286 508 1333; x_wconf 82' lang='lat' dir='ltr'>jecinoris</span> <span class='ocrx_word' id='word_1_138' title='bbox 537 1283 606 1320; x_wconf 82' lang='lat' dir='ltr'>alia</span> <span class='ocrx_word' id='word_1_139' title='bbox 636 1281 788 1329; x_wconf 83' lang='lat' dir='ltr'>intelligi</span> <span class='ocrx_word' id='word_1_140' title='bbox 815 1291 894 1317; x_wconf 91' lang='lat' dir='ltr'>non</span> <span class='ocrx_word' id='word_1_141' title='bbox 921 1278 1062 1328; x_wconf 86' lang='lat' dir='ltr'>potest,</span> <span class='ocrx_word' id='word_1_142' title='bbox 1089 1291 1203 1328; x_wconf 79' lang='lat' dir='ltr'>quani</span> <span class='ocrx_word' id='word_1_143' title='bbox 1228 1288 1342 1328; x_wconf 79' lang='lat' dir='ltr'>protu-</span> 
     </span>
     <span class='ocr_line' id='line_1_22' title="bbox 358 1329 1343 1382; baseline -0.007 -10"><span class='ocrx_word' id='word_1_144' title='bbox 358 1335 555 1377; x_wconf 58' lang='lat' dir='ltr'>berantior,</span> <span class='ocrx_word' id='word_1_145' title='bbox 591 1345 687 1382; x_wconf 87' lang='lat' dir='ltr'>quae</span> <span class='ocrx_word' id='word_1_146' title='bbox 722 1333 760 1369; x_wconf 92' lang='lat' dir='ltr'>in</span> <span class='ocrx_word' id='word_1_147' title='bbox 795 1331 981 1379; x_wconf 87' lang='lat' dir='ltr'>disciplina</span> <span class='ocrx_word' id='word_1_148' title='bbox 1008 1330 1213 1378; x_wconf 83' lang='lat' dir='ltr'>aruspicum</span> <span class='ocrx_word' id='word_1_149' title='bbox 1243 1329 1343 1366; x_wconf 86' lang='lat' dir='ltr'>dice-</span> 
     </span>
     <span class='ocr_line' id='line_1_23' title="bbox 356 1381 1343 1433; baseline -0.009 -8"><span class='ocrx_word' id='word_1_150' title='bbox 356 1386 601 1433; x_wconf 73' lang='lat' dir='ltr'>baturlmftzlis</span> <span class='ocrx_word' id='word_1_151' title='bbox 616 1410 624 1425; x_wconf 88' lang='lat'>,</span> <span class='ocrx_word' id='word_1_152' title='bbox 635 1382 962 1433; x_wconf 78' lang='lat' dir='ltr'>quemadmodum</span> <span class='ocrx_word' id='word_1_153' title='bbox 983 1381 1137 1418; x_wconf 87' lang='lat' dir='ltr'>interior</span> <span class='ocrx_word' id='word_1_154' title='bbox 1147 1392 1235 1418; x_wconf 85' lang='lat' dir='ltr'>cava</span> <span class='ocrx_word' id='word_1_155' title='bbox 1248 1392 1343 1429; x_wconf 79' lang='lat' dir='ltr'>parS,</span> 
     </span>
     <span class='ocr_line' id='line_1_24' title="bbox 351 1432 1345 1485; baseline -0.006 -11"><span class='ocrx_word' id='word_1_156' title='bbox 351 1439 569 1485; x_wconf 72' lang='lat' dir='ltr'>familiaris,</span> <span class='ocrx_word' id='word_1_157' title='bbox 600 1446 697 1484; x_wconf 78' lang='lat' dir='ltr'>caput</span> <span class='ocrx_word' id='word_1_158' title='bbox 718 1446 809 1471; x_wconf 86' lang='lat' dir='ltr'>vero</span> <span class='ocrx_word' id='word_1_159' title='bbox 831 1433 878 1470; x_wconf 88' lang='lat' dir='ltr'>est</span> <span class='ocrx_word' id='word_1_160' title='bbox 897 1432 1086 1470; x_wconf 88' lang='lat' dir='ltr'>summum</span> <span class='ocrx_word' id='word_1_161' title='bbox 1103 1432 1279 1481; x_wconf 86' lang='lat' dir='ltr'>jecinoris</span> <span class='ocrx_word' id='word_1_162' title='bbox 1290 1432 1345 1468; x_wconf 88' lang='lat' dir='ltr'>fa-</span> 
     </span>
     <span class='ocr_line' id='line_1_25' title="bbox 360 1482 1338 1537; baseline -0.007 -11"><span class='ocrx_word' id='word_1_163' title='bbox 360 1489 530 1537; x_wconf 85' lang='lat' dir='ltr'>stigium,</span> <span class='ocrx_word' id='word_1_164' title='bbox 557 1485 657 1523; x_wconf 89' lang='lat' dir='ltr'>unde</span> <span class='ocrx_word' id='word_1_165' title='bbox 684 1484 772 1523; x_wconf 88' lang='lat' dir='ltr'>findi</span> <span class='ocrx_word' id='word_1_166' title='bbox 800 1484 928 1532; x_wconf 86' lang='lat' dir='ltr'>incipit</span> <span class='ocrx_word' id='word_1_167' title='bbox 953 1485 992 1521; x_wconf 90' lang='lat' dir='ltr'>in</span> <span class='ocrx_word' id='word_1_168' title='bbox 1011 1483 1115 1520; x_wconf 80' lang='lat' dir='ltr'>fibras</span> <span class='ocrx_word' id='word_1_169' title='bbox 1137 1482 1235 1520; x_wconf 90' lang='lat' dir='ltr'>duas.</span> <span class='ocrx_word' id='word_1_170' title='bbox 1271 1485 1338 1518; x_wconf 85' lang='lat' dir='ltr'>Ca·</span> 
     </span>
     <span class='ocr_line' id='line_1_26' title="bbox 359 1534 1345 1589; baseline -0.006 -13"><span class='ocrx_word' id='word_1_171' title='bbox 359 1547 552 1589; x_wconf 74' lang='lat' dir='ltr'>putautem</span> <span class='ocrx_word' id='word_1_172' title='bbox 573 1536 662 1574; x_wconf 89' lang='lat' dir='ltr'>illud</span> <span class='ocrx_word' id='word_1_173' title='bbox 673 1535 796 1585; x_wconf 74' lang='lat' dir='ltr'>duplex</span> <span class='ocrx_word' id='word_1_174' title='bbox 806 1536 1041 1586; x_wconf 77' lang='lat' dir='ltr'>seugeminum</span> <span class='ocrx_word' id='word_1_175' title='bbox 1062 1534 1345 1583; x_wconf 85' lang='lat' dir='ltr'>dicitur,quan-</span> 
     </span>
     <span class='ocr_line' id='line_1_27' title="bbox 361 1584 1238 1635; baseline -0.009 -6"><span class='ocrx_word' id='word_1_176' title='bbox 361 1590 413 1629; x_wconf 88' lang='lat' dir='ltr'>do</span> <span class='ocrx_word' id='word_1_177' title='bbox 434 1591 482 1627; x_wconf 82' lang='lat' dir='ltr'>ita</span> <span class='ocrx_word' id='word_1_178' title='bbox 504 1588 667 1626; x_wconf 84' lang='lat' dir='ltr'>excrevit</span> <span class='ocrx_word' id='word_1_179' title='bbox 687 1595 727 1624; x_wconf 86' lang='lat' dir='ltr'>ut</span> <span class='ocrx_word' id='word_1_180' title='bbox 753 1587 948 1635; x_wconf 86' lang='lat' dir='ltr'>geminum</span> <span class='ocrx_word' id='word_1_181' title='bbox 976 1584 1092 1622; x_wconf 85' lang='lat' dir='ltr'>videri</span> <span class='ocrx_word' id='word_1_182' title='bbox 1119 1585 1238 1633; x_wconf 84' lang='lat' dir='ltr'>poffit.</span> 
     </span>
    </p>

    <p class='ocr_par' dir='ltr' id='par_1_13' title="bbox 355 1632 1371 2911">
     <span class='ocr_line' id='line_1_28' title="bbox 413 1632 1340 1688; baseline -0.008 -11"><span class='ocrx_word' id='word_1_183' title='bbox 413 1641 474 1688; x_wconf 81' lang='grc'>48.</span> <span class='ocrx_word' id='word_1_184' title='bbox 502 1641 591 1688; x_wconf 59' lang='lat' dir='ltr'>Quia</span> <span class='ocrx_word' id='word_1_185' title='bbox 617 1640 726 1687; x_wconf 80' lang='lat' dir='ltr'>prima</span> <span class='ocrx_word' id='word_1_186' title='bbox 753 1649 869 1674; x_wconf 70' lang='lat' dir='ltr'>trunca</span> <span class='ocrx_word' id='word_1_187' title='bbox 888 1666 898 1680; x_wconf 93' lang='lat'><em>,</em></span> <span class='ocrx_word' id='word_1_188' title='bbox 931 1635 1075 1685; x_wconf 63' lang='lat' dir='ltr'>secunda</span> <span class='ocrx_word' id='word_1_189' title='bbox 1098 1638 1198 1672; x_wconf 73' lang='lat' dir='ltr'>nimis</span> <span class='ocrx_word' id='word_1_190' title='bbox 1225 1632 1340 1684; x_wconf 80' lang='lat' dir='ltr'>laeta]</span> 
     </span>
     <span class='ocr_line' id='line_1_29' title="bbox 366 1688 1343 1737; baseline -0.008 -8"><span class='ocrx_word' id='word_1_191' title='bbox 366 1691 412 1728; x_wconf 84' lang='lat' dir='ltr'>In</span> <span class='ocrx_word' id='word_1_192' title='bbox 437 1703 516 1729; x_wconf 89' lang='lat' dir='ltr'>uno</span> <span class='ocrx_word' id='word_1_193' title='bbox 545 1689 792 1737; x_wconf 83' lang='lat' dir='ltr'>manuscripto</span> <span class='ocrx_word' id='word_1_194' title='bbox 821 1688 866 1726; x_wconf 86' lang='lat' dir='ltr'>fic</span> <span class='ocrx_word' id='word_1_195' title='bbox 889 1702 896 1725; x_wconf 90' lang='lat'><strong>:</strong></span> <span class='ocrx_word' id='word_1_196' title='bbox 932 1690 1028 1737; x_wconf 67' lang='lat' dir='ltr'>Quia</span> <span class='ocrx_word' id='word_1_197' title='bbox 1051 1689 1161 1737; x_wconf 69' lang='lat' dir='ltr'>prima</span> <span class='ocrx_word' id='word_1_198' title='bbox 1191 1697 1261 1723; x_wconf 79' lang='lat' dir='ltr'>tam</span> <span class='ocrx_word' id='word_1_199' title='bbox 1283 1689 1343 1722; x_wconf 81' lang='lat' dir='ltr'>tri-</span> 
     </span>
     <span class='ocr_line' id='line_1_30' title="bbox 355 1737 1347 1790; baseline -0.005 -12"><span class='ocrx_word' id='word_1_200' title='bbox 355 1744 451 1790; x_wconf 83' lang='lat' dir='ltr'>stia,</span> <span class='ocrx_word' id='word_1_201' title='bbox 468 1741 611 1790; x_wconf 53' lang='lat' dir='ltr'>secunda</span> <span class='ocrx_word' id='word_1_202' title='bbox 630 1752 700 1776; x_wconf 81' lang='lat' dir='ltr'>tam</span> <span class='ocrx_word' id='word_1_203' title='bbox 729 1742 819 1775; x_wconf 77' lang='lat' dir='ltr'>laeta</span> <span class='ocrx_word' id='word_1_204' title='bbox 840 1737 1078 1787; x_wconf 74' lang='lat' dir='ltr'>apparusffint.</span> <span class='ocrx_word' id='word_1_205' title='bbox 1108 1737 1193 1785; x_wconf 83' lang='lat' dir='ltr'>lego</span> <span class='ocrx_word' id='word_1_206' title='bbox 1220 1738 1347 1786; x_wconf 77' lang='lat' dir='ltr'>itaque</span> 
     </span>
     <span class='ocr_line' id='line_1_31' title="bbox 366 1786 1346 1836; baseline -0.008 -6"><span class='ocrx_word' id='word_1_207' title='bbox 366 1804 437 1830; x_wconf 83' lang='lat' dir='ltr'>tam</span> <span class='ocrx_word' id='word_1_208' title='bbox 467 1805 593 1829; x_wconf 78' lang='lat' dir='ltr'>trunca.</span> <span class='ocrx_word' id='word_1_209' title='bbox 664 1791 760 1828; x_wconf 76' lang='lat' dir='ltr'>Item</span> <span class='ocrx_word' id='word_1_210' title='bbox 797 1790 926 1826; x_wconf 81' lang='lat' dir='ltr'>Livius</span> <span class='ocrx_word' id='word_1_211' title='bbox 954 1786 1132 1836; x_wconf 77' lang='lat' dir='ltr'>secundum</span> <span class='ocrx_word' id='word_1_212' title='bbox 1158 1799 1273 1824; x_wconf 79' lang='lat' dir='ltr'>trunca</span> <span class='ocrx_word' id='word_1_213' title='bbox 1301 1796 1346 1823; x_wconf 56' lang='grc' dir='ltr'>(θ’</span> 
     </span>
     <span class='ocr_line' id='line_1_32' title="bbox 366 1838 1350 1892; baseline -0.005 -13"><span class='ocrx_word' id='word_1_214' title='bbox 366 1846 479 1892; x_wconf 69' lang='lat' dir='ltr'>turpia</span> <span class='ocrx_word' id='word_1_215' title='bbox 507 1854 586 1879; x_wconf 77' lang='lat' dir='ltr'>exta</span> <span class='ocrx_word' id='word_1_216' title='bbox 615 1844 714 1877; x_wconf 81' lang='lat' dir='ltr'>nimis</span> <span class='ocrx_word' id='word_1_217' title='bbox 742 1842 833 1876; x_wconf 78' lang='lat' dir='ltr'>laeta</span> <span class='ocrx_word' id='word_1_218' title='bbox 862 1840 950 1877; x_wconf 82' lang='lat' dir='ltr'>dicit</span> <span class='ocrx_word' id='word_1_219' title='bbox 978 1838 1088 1886; x_wconf 72' lang='lat' dir='ltr'>fnisse.</span> <span class='ocrx_word' id='word_1_220' title='bbox 1160 1839 1203 1875; x_wconf 87' lang='lat' dir='ltr'>In</span> <span class='ocrx_word' id='word_1_221' title='bbox 1231 1838 1350 1875; x_wconf 68' lang='lat' dir='ltr'>Gem-</span> 
     </span>
     <span class='ocr_line' id='line_1_33' title="bbox 368 1888 1349 1939; baseline -0.008 -7"><span class='ocrx_word' id='word_1_222' title='bbox 368 1893 526 1931; x_wconf 85' lang='lat' dir='ltr'>blacensi</span> <span class='ocrx_word' id='word_1_223' title='bbox 554 1892 682 1930; x_wconf 91' lang='lat' dir='ltr'>codice</span> <span class='ocrx_word' id='word_1_224' title='bbox 720 1891 797 1928; x_wconf 88' lang='lat' dir='ltr'>fic:</span> <span class='ocrx_word' id='word_1_225' title='bbox 837 1893 926 1939; x_wconf 75' lang='lat' dir='ltr'>Qia</span> <span class='ocrx_word' id='word_1_226' title='bbox 949 1888 1127 1938; x_wconf 77' lang='lat' dir='ltr'>secundum</span> <span class='ocrx_word' id='word_1_227' title='bbox 1161 1900 1349 1926; x_wconf 69' lang='lat' dir='ltr'>truncatam</span> 
     </span>
     <span class='ocr_line' id='line_1_34' title="bbox 369 1941 1350 1992; baseline -0.003 -12"><span class='ocrx_word' id='word_1_228' title='bbox 369 1947 473 1982; x_wconf 68' lang='lat' dir='ltr'>laeta.</span> <span class='ocrx_word' id='word_1_229' title='bbox 551 1946 659 1992; x_wconf 87' lang='lat' dir='ltr'>Quae</span> <span class='ocrx_word' id='word_1_230' title='bbox 685 1942 799 1979; x_wconf 57' lang='lat' dir='ltr'>lectio</span> <span class='ocrx_word' id='word_1_231' title='bbox 827 1943 1010 1979; x_wconf 79' lang='lat' dir='ltr'>Livianae</span> <span class='ocrx_word' id='word_1_232' title='bbox 1036 1952 1150 1991; x_wconf 87' lang='lat' dir='ltr'>quam</span> <span class='ocrx_word' id='word_1_233' title='bbox 1177 1941 1350 1989; x_wconf 77' lang='lat' dir='ltr'>proxime</span> 
     </span>
     <span class='ocr_line' id='line_1_35' title="bbox 370 1992 1351 2041; baseline -0.003 -8"><span class='ocrx_word' id='word_1_234' title='bbox 370 1995 524 2033; x_wconf 79' lang='lat' dir='ltr'>accedit.</span> <span class='ocrx_word' id='word_1_235' title='bbox 549 1996 688 2032; x_wconf 88' lang='lat' dir='ltr'>PIGH.</span> <span class='ocrx_word' id='word_1_236' title='bbox 744 1994 798 2030; x_wconf 87' lang='lat' dir='ltr'>Ita</span> <span class='ocrx_word' id='word_1_237' title='bbox 826 2002 970 2030; x_wconf 88' lang='lat' dir='ltr'>veteres</span> <span class='ocrx_word' id='word_1_238' title='bbox 997 1992 1092 2041; x_wconf 82' lang='lat' dir='ltr'>typis</span> <span class='ocrx_word' id='word_1_239' title='bbox 1111 1992 1283 2040; x_wconf 81' lang='lat' dir='ltr'>expreffi,</span> <span class='ocrx_word' id='word_1_240' title='bbox 1313 1993 1351 2030; x_wconf 89' lang='lat'>&amp;</span> 
     </span>
     <span class='ocr_line' id='line_1_36' title="bbox 373 2043 1353 2094; baseline -0.004 -10"><span class='ocrx_word' id='word_1_241' title='bbox 373 2047 483 2084; x_wconf 84' lang='lat' dir='ltr'>MSS.</span> <span class='ocrx_word' id='word_1_242' title='bbox 511 2046 642 2084; x_wconf 84' lang='lat' dir='ltr'>Brand.</span> <span class='ocrx_word' id='word_1_243' title='bbox 671 2044 736 2082; x_wconf 84' lang='lat' dir='ltr'>nisi</span> <span class='ocrx_word' id='word_1_244' title='bbox 772 2044 877 2094; x_wconf 91' lang='lat' dir='ltr'>quod</span> <span class='ocrx_word' id='word_1_245' title='bbox 903 2056 970 2093; x_wconf 88' lang='lat' dir='ltr'>pro</span> <span class='ocrx_word' id='word_1_246' title='bbox 996 2055 1112 2080; x_wconf 76' lang='lat' dir='ltr'>trunca</span> <span class='ocrx_word' id='word_1_247' title='bbox 1141 2043 1181 2081; x_wconf 90' lang='lat' dir='ltr'>in</span> <span class='ocrx_word' id='word_1_248' title='bbox 1207 2043 1353 2093; x_wconf 88' lang='lat' dir='ltr'>quibus-</span> 
     </span>
     <span class='ocr_line' id='line_1_37' title="bbox 373 2095 1354 2144; baseline -0.005 -8"><span class='ocrx_word' id='word_1_249' title='bbox 373 2097 460 2136; x_wconf 88' lang='lat' dir='ltr'>dam</span> <span class='ocrx_word' id='word_1_250' title='bbox 491 2098 539 2135; x_wconf 86' lang='lat' dir='ltr'>est</span> <span class='ocrx_word' id='word_1_251' title='bbox 565 2108 733 2133; x_wconf 78' lang='lat' dir='ltr'>trum-ata.</span> <span class='ocrx_word' id='word_1_252' title='bbox 789 2096 935 2144; x_wconf 83' lang='lat' dir='ltr'>Pighius</span> <span class='ocrx_word' id='word_1_253' title='bbox 963 2107 1049 2132; x_wconf 88' lang='lat' dir='ltr'>cum</span> <span class='ocrx_word' id='word_1_254' title='bbox 1079 2106 1146 2144; x_wconf 87' lang='lat' dir='ltr'>pro</span> <span class='ocrx_word' id='word_1_255' title='bbox 1173 2105 1291 2131; x_wconf 76' lang='lat' dir='ltr'>trunca</span> <span class='ocrx_word' id='word_1_256' title='bbox 1316 2095 1354 2131; x_wconf 91' lang='lat' dir='ltr'>in</span> 
     </span>
     <span class='ocr_line' id='line_1_38' title="bbox 373 2144 1356 2198; baseline -0.003 -12"><span class='ocrx_word' id='word_1_257' title='bbox 373 2149 541 2198; x_wconf 83' lang='lat' dir='ltr'>quodam</span> <span class='ocrx_word' id='word_1_258' title='bbox 571 2147 653 2185; x_wconf 90' lang='lat' dir='ltr'>cod.</span> <span class='ocrx_word' id='word_1_259' title='bbox 681 2144 865 2196; x_wconf 75' lang='lat' dir='ltr'>reperisset</span> <span class='ocrx_word' id='word_1_260' title='bbox 891 2158 961 2183; x_wconf 81' lang='lat' dir='ltr'>tam</span> <span class='ocrx_word' id='word_1_261' title='bbox 981 2148 1112 2189; x_wconf 69' lang='lat' dir='ltr'>tristia,</span> <span class='ocrx_word' id='word_1_262' title='bbox 1136 2146 1252 2195; x_wconf 88' lang='lat' dir='ltr'>ipsum</span> <span class='ocrx_word' id='word_1_263' title='bbox 1280 2146 1356 2183; x_wconf 88' lang='lat' dir='ltr'>hoc</span> 
     </span>
     <span class='ocr_line' id='line_1_39' title="bbox 376 2197 1356 2248; baseline -0.003 -11"><span class='ocrx_word' id='word_1_264' title='bbox 376 2212 444 2248; x_wconf 88' lang='lat' dir='ltr'>pro</span> <span class='ocrx_word' id='word_1_265' title='bbox 480 2199 596 2236; x_wconf 84' lang='lat' dir='ltr'>altero</span> <span class='ocrx_word' id='word_1_266' title='bbox 630 2198 827 2248; x_wconf 85' lang='lat' dir='ltr'>supposuit.</span> <span class='ocrx_word' id='word_1_267' title='bbox 903 2198 1047 2235; x_wconf 87' lang='lat' dir='ltr'>Verum</span> <span class='ocrx_word' id='word_1_268' title='bbox 1077 2197 1155 2234; x_wconf 85' lang='lat' dir='ltr'>satis</span> <span class='ocrx_word' id='word_1_269' title='bbox 1182 2204 1356 2246; x_wconf 82' lang='lat' dir='ltr'>apparet,</span> 
     </span>
     <span class='ocr_line' id='line_1_40' title="bbox 378 2249 1358 2300; baseline -0.005 -12"><span class='ocrx_word' id='word_1_270' title='bbox 378 2251 530 2289; x_wconf 75' lang='lat' dir='ltr'>sciolum</span> <span class='ocrx_word' id='word_1_271' title='bbox 561 2250 748 2300; x_wconf 86' lang='lat' dir='ltr'>quendam</span> <span class='ocrx_word' id='word_1_272' title='bbox 763 2277 773 2294; x_wconf 90' lang='lat'><strong>,</strong></span> <span class='ocrx_word' id='word_1_273' title='bbox 801 2249 865 2298; x_wconf 84' lang='lat' dir='ltr'>qui</span> <span class='ocrx_word' id='word_1_274' title='bbox 891 2249 1107 2298; x_wconf 85' lang='lat' dir='ltr'>sequentem</span> <span class='ocrx_word' id='word_1_275' title='bbox 1130 2260 1265 2285; x_wconf 90' lang='lat' dir='ltr'>vocem</span> <span class='ocrx_word' id='word_1_276' title='bbox 1286 2249 1358 2283; x_wconf 77' lang='lat' dir='ltr'>Iae-</span> 
     </span>
     <span class='ocr_line' id='line_1_41' title="bbox 376 2296 1358 2348; baseline -0.004 -10"><span class='ocrx_word' id='word_1_277' title='bbox 376 2313 414 2338; x_wconf 81' lang='lat' dir='ltr'>ta</span> <span class='ocrx_word' id='word_1_278' title='bbox 441 2301 709 2344; x_wconf 83' lang='lat' dir='ltr'>consideraret,</span> <span class='ocrx_word' id='word_1_279' title='bbox 737 2312 804 2348; x_wconf 82' lang='lat' dir='ltr'>pro</span> <span class='ocrx_word' id='word_1_280' title='bbox 831 2311 945 2335; x_wconf 72' lang='lat' dir='ltr'>trunca</span> <span class='ocrx_word' id='word_1_281' title='bbox 967 2297 1198 2336; x_wconf 90' lang='lat' dir='ltr'>scribendum</span> <span class='ocrx_word' id='word_1_282' title='bbox 1218 2296 1358 2346; x_wconf 86' lang='lat' dir='ltr'>putaffe</span> 
     </span>
     <span class='ocr_line' id='line_1_42' title="bbox 377 2348 1359 2400; baseline -0.004 -11"><span class='ocrx_word' id='word_1_283' title='bbox 377 2355 500 2400; x_wconf 69' lang='lat' dir='ltr'>tristia.</span> <span class='ocrx_word' id='word_1_284' title='bbox 582 2351 715 2389; x_wconf 77' lang='lat' dir='ltr'>Codex</span> <span class='ocrx_word' id='word_1_285' title='bbox 753 2349 1059 2393; x_wconf 84' lang='lat' dir='ltr'>Gemblacenfis,</span> <span class='ocrx_word' id='word_1_286' title='bbox 1097 2356 1135 2386; x_wconf 88' lang='lat' dir='ltr'>ut</span> <span class='ocrx_word' id='word_1_287' title='bbox 1170 2348 1270 2385; x_wconf 88' lang='lat' dir='ltr'>idem</span> <span class='ocrx_word' id='word_1_288' title='bbox 1298 2349 1359 2385; x_wconf 89' lang='lat' dir='ltr'>Pi-</span> 
     </span>
     <span class='ocr_line' id='line_1_43' title="bbox 381 2399 1361 2452; baseline -0.006 -11"><span class='ocrx_word' id='word_1_289' title='bbox 381 2405 483 2452; x_wconf 84' lang='lat' dir='ltr'>ghius</span> <span class='ocrx_word' id='word_1_290' title='bbox 510 2403 680 2446; x_wconf 72' lang='lat' dir='ltr'>testatur,</span> <span class='ocrx_word' id='word_1_291' title='bbox 715 2401 842 2439; x_wconf 86' lang='lat' dir='ltr'>habuit</span> <span class='ocrx_word' id='word_1_292' title='bbox 868 2401 937 2445; x_wconf 89' lang='lat' dir='ltr'>fic,</span> <span class='ocrx_word' id='word_1_293' title='bbox 966 2401 1057 2447; x_wconf 60' lang='lat' dir='ltr'>Quia</span> <span class='ocrx_word' id='word_1_294' title='bbox 1068 2399 1248 2447; x_wconf 66' lang='lat' dir='ltr'>secundam</span> <span class='ocrx_word' id='word_1_295' title='bbox 1266 2411 1361 2435; x_wconf 78' lang='lat' dir='ltr'>trun-</span> 
     </span>
     <span class='ocr_line' id='line_1_44' title="bbox 380 2449 1361 2501; baseline -0.005 -10"><span class='ocrx_word' id='word_1_296' title='bbox 380 2469 416 2491; x_wconf 76' lang='lat' dir='ltr'>ca</span> <span class='ocrx_word' id='word_1_297' title='bbox 439 2466 508 2491; x_wconf 84' lang='lat' dir='ltr'>tam</span> <span class='ocrx_word' id='word_1_298' title='bbox 535 2456 626 2490; x_wconf 80' lang='lat' dir='ltr'>laeta</span> <span class='ocrx_word' id='word_1_299' title='bbox 649 2463 725 2501; x_wconf 76' lang='lat' dir='ltr'>app.</span> <span class='ocrx_word' id='word_1_300' title='bbox 778 2454 904 2499; x_wconf 83' lang='lat' dir='ltr'>Quam</span> <span class='ocrx_word' id='word_1_301' title='bbox 930 2451 1132 2488; x_wconf 59' lang='lat' dir='ltr'>lectionem</span> <span class='ocrx_word' id='word_1_302' title='bbox 1161 2462 1234 2499; x_wconf 87' lang='lat' dir='ltr'>ego</span> <span class='ocrx_word' id='word_1_303' title='bbox 1255 2449 1361 2498; x_wconf 88' lang='lat' dir='ltr'>plane</span> 
     </span>
     <span class='ocr_line' id='line_1_45' title="bbox 382 2500 1362 2554; baseline -0.005 -11"><span class='ocrx_word' id='word_1_304' title='bbox 382 2507 581 2554; x_wconf 82' lang='lat' dir='ltr'>genuinam</span> <span class='ocrx_word' id='word_1_305' title='bbox 616 2503 751 2546; x_wconf 86' lang='lat' dir='ltr'>credo,</span> <span class='ocrx_word' id='word_1_306' title='bbox 781 2502 981 2550; x_wconf 84' lang='lat' dir='ltr'>ceterisque</span> <span class='ocrx_word' id='word_1_307' title='bbox 1019 2501 1220 2549; x_wconf 81' lang='lat' dir='ltr'>praefero;</span> <span class='ocrx_word' id='word_1_308' title='bbox 1258 2500 1362 2550; x_wconf 90' lang='lat' dir='ltr'>quod</span> 
     </span>
     <span class='ocr_line' id='line_1_46' title="bbox 386 2551 1363 2604; baseline -0.006 -11"><span class='ocrx_word' id='word_1_309' title='bbox 386 2557 559 2600; x_wconf 78' lang='lat' dir='ltr'>videam,</span> <span class='ocrx_word' id='word_1_310' title='bbox 587 2555 704 2604; x_wconf 82' lang='lat' dir='ltr'>ipsum</span> <span class='ocrx_word' id='word_1_311' title='bbox 734 2553 911 2596; x_wconf 81' lang='lat' dir='ltr'>Livium,</span> <span class='ocrx_word' id='word_1_312' title='bbox 940 2564 984 2589; x_wconf 79' lang='lat' dir='ltr'>ex</span> <span class='ocrx_word' id='word_1_313' title='bbox 1003 2564 1081 2600; x_wconf 87' lang='lat' dir='ltr'>quo</span> <span class='ocrx_word' id='word_1_314' title='bbox 1112 2551 1278 2588; x_wconf 85' lang='lat' dir='ltr'>nostrum</span> <span class='ocrx_word' id='word_1_315' title='bbox 1300 2563 1363 2588; x_wconf 85' lang='lat' dir='ltr'>ex-</span> 
     </span>
     <span class='ocr_line' id='line_1_47' title="bbox 388 2601 1364 2656; baseline -0.007 -10"><span class='ocrx_word' id='word_1_316' title='bbox 388 2608 509 2656; x_wconf 78' lang='lat' dir='ltr'>empla</span> <span class='ocrx_word' id='word_1_317' title='bbox 546 2604 728 2655; x_wconf 77' lang='lat' dir='ltr'>collegiffe</span> <span class='ocrx_word' id='word_1_318' title='bbox 758 2603 994 2641; x_wconf 81' lang='lat' dir='ltr'>manifestum</span> <span class='ocrx_word' id='word_1_319' title='bbox 1023 2603 1070 2639; x_wconf 87' lang='lat' dir='ltr'>est</span> <span class='ocrx_word' id='word_1_320' title='bbox 1094 2629 1103 2645; x_wconf 92' lang='lat'><strong><em>‚</em></strong></span> <span class='ocrx_word' id='word_1_321' title='bbox 1139 2601 1199 2639; x_wconf 84' lang='lat' dir='ltr'>lib.</span> <span class='ocrx_word' id='word_1_322' title='bbox 1227 2614 1364 2639; x_wconf 83' lang='lat' dir='ltr'>xxvr1.</span> 
     </span>
     <span class='ocr_line' id='line_1_48' title="bbox 385 2652 1364 2707; baseline -0.009 -11"><span class='ocrx_word' id='word_1_323' title='bbox 385 2671 415 2696; x_wconf 80' lang='lat' dir='ltr'>C.</span> <span class='ocrx_word' id='word_1_324' title='bbox 435 2660 493 2696; x_wconf 73' lang='lat'>28.</span> <span class='ocrx_word' id='word_1_325' title='bbox 518 2656 687 2707; x_wconf 73' lang='lat' dir='ltr'>scripsisse</span> <span class='ocrx_word' id='word_1_326' title='bbox 707 2656 755 2694; x_wconf 80' lang='lat' dir='ltr'>sic</span> <span class='ocrx_word' id='word_1_327' title='bbox 770 2684 781 2700; x_wconf 93' lang='lat'>‚</span> <span class='ocrx_word' id='word_1_328' title='bbox 803 2659 871 2691; x_wconf 76' lang='lat' dir='ltr'>Nec</span> <span class='ocrx_word' id='word_1_329' title='bbox 890 2653 923 2690; x_wconf 82' lang='lat' dir='ltr'>id</span> <span class='ocrx_word' id='word_1_330' title='bbox 936 2657 1019 2702; x_wconf 85' lang='lat' dir='ltr'>sane</span> <span class='ocrx_word' id='word_1_331' title='bbox 1037 2654 1178 2701; x_wconf 70' lang='lat' dir='ltr'>aruspict</span> <span class='ocrx_word' id='word_1_332' title='bbox 1194 2652 1364 2703; x_wconf 64' lang='lat' dir='ltr'>placutffb,</span> 
     </span>
     <span class='ocr_line' id='line_1_49' title="bbox 385 2705 1366 2760; baseline -0.01 -13"><span class='ocrx_word' id='word_1_333' title='bbox 385 2709 472 2760; x_wconf 72' lang='lat' dir='ltr'>quod</span> <span class='ocrx_word' id='word_1_334' title='bbox 483 2708 660 2758; x_wconf 78' lang='lat' dir='ltr'>secundum</span> <span class='ocrx_word' id='word_1_335' title='bbox 678 2710 792 2754; x_wconf 79' lang='lat' dir='ltr'>turpia</span> <span class='ocrx_word' id='word_1_336' title='bbox 813 2715 857 2742; x_wconf 54' lang='grc' dir='ltr'>(θ’</span> <span class='ocrx_word' id='word_1_337' title='bbox 883 2717 997 2742; x_wconf 80' lang='lat' dir='ltr'>trunca</span> <span class='ocrx_word' id='word_1_338' title='bbox 1018 2716 1097 2741; x_wconf 74' lang='lat' dir='ltr'>exta</span> <span class='ocrx_word' id='word_1_339' title='bbox 1110 2732 1121 2747; x_wconf 91' lang='lat'><em>‚</em></span> <span class='ocrx_word' id='word_1_340' title='bbox 1155 2706 1256 2740; x_wconf 73' lang='lat' dir='ltr'>nimis</span> <span class='ocrx_word' id='word_1_341' title='bbox 1275 2705 1366 2738; x_wconf 77' lang='lat' dir='ltr'>laeta</span> 
     </span>
     <span class='ocr_line' id='line_1_50' title="bbox 390 2754 1369 2810; baseline -0.007 -12"><span class='ocrx_word' id='word_1_342' title='bbox 390 2761 625 2810; x_wconf 73' lang='lat' dir='ltr'>apparuissent.</span> <span class='ocrx_word' id='word_1_343' title='bbox 676 2758 752 2796; x_wconf 85' lang='lat' dir='ltr'>Ubi</span> <span class='ocrx_word' id='word_1_344' title='bbox 766 2756 944 2806; x_wconf 66' lang='lat' dir='ltr'>ficumlum</span> <span class='ocrx_word' id='word_1_345' title='bbox 963 2756 1011 2793; x_wconf 81' lang='lat' dir='ltr'>est</span> <span class='ocrx_word' id='word_1_346' title='bbox 1030 2768 1098 2805; x_wconf 82' lang='lat' dir='ltr'>pro</span> <span class='ocrx_word' id='word_1_347' title='bbox 1117 2757 1186 2803; x_wconf 70' lang='lat' dir='ltr'>pol}</span> <span class='ocrx_word' id='word_1_348' title='bbox 1250 2754 1369 2791; x_wconf 76' lang='lat' dir='ltr'>Cum-</span> 
     </span>
     <span class='ocr_line' id='line_1_51' title="bbox 392 2805 1369 2862; baseline -0.008 -13"><span class='ocrx_word' id='word_1_349' title='bbox 392 2823 468 2862; x_wconf 88' lang='lat' dir='ltr'>que</span> <span class='ocrx_word' id='word_1_350' title='bbox 496 2811 592 2860; x_wconf 81' lang='lat' dir='ltr'>apud</span> <span class='ocrx_word' id='word_1_351' title='bbox 619 2810 837 2853; x_wconf 68' lang='lat' dir='ltr'>Valerium,</span> <span class='ocrx_word' id='word_1_352' title='bbox 873 2817 913 2846; x_wconf 88' lang='lat' dir='ltr'>ut</span> <span class='ocrx_word' id='word_1_353' title='bbox 941 2807 1046 2853; x_wconf 85' lang='lat' dir='ltr'>dixi,</span> <span class='ocrx_word' id='word_1_354' title='bbox 1082 2805 1246 2843; x_wconf 82' lang='lat' dir='ltr'>similiter</span> <span class='ocrx_word' id='word_1_355' title='bbox 1269 2805 1369 2854; x_wconf 82' lang='lat' dir='ltr'>lege-</span> 
     </span>
     <span class='ocr_line' id='line_1_52' title="bbox 397 2856 1371 2911; baseline -0.006 -11"><span class='ocrx_word' id='word_1_356' title='bbox 397 2870 517 2907; x_wconf 83' lang='lat' dir='ltr'>retur,</span> <span class='ocrx_word' id='word_1_357' title='bbox 545 2861 676 2899; x_wconf 77' lang='lat' dir='ltr'>librarii</span> <span class='ocrx_word' id='word_1_358' title='bbox 695 2862 757 2911; x_wconf 84' lang='lat' dir='ltr'>qui</span> <span class='ocrx_word' id='word_1_359' title='bbox 785 2860 863 2898; x_wconf 87' lang='lat' dir='ltr'>vim</span> <span class='ocrx_word' id='word_1_360' title='bbox 890 2859 995 2897; x_wconf 82' lang='lat' dir='ltr'>vocis</span> <span class='ocrx_word' id='word_1_361' title='bbox 1014 2856 1190 2906; x_wconf 73' lang='lat' dir='ltr'>secundum</span> <span class='ocrx_word' id='word_1_362' title='bbox 1213 2868 1291 2894; x_wconf 86' lang='lat' dir='ltr'>non</span> <span class='ocrx_word' id='word_1_363' title='bbox 1310 2868 1371 2894; x_wconf 84' lang='lat' dir='ltr'>ca-</span> 
     </span>
    </p>
   </div>
   <div class='ocr_carea' id='block_1_12' title="bbox 343 2908 1370 2963">
    <p class='ocr_par' dir='ltr' id='par_1_14' title="bbox 343 2908 1370 2963">
     <span class='ocr_line' id='line_1_53' title="bbox 343 2908 1370 2963; baseline -0.006 -11"><span class='ocrx_word' id='word_1_364' title='bbox 343 2935 348 2940; x_wconf 90' lang='lat'><em>·</em></span> <span class='ocrx_word' id='word_1_365' title='bbox 399 2921 549 2963; x_wconf 77' lang='lat' dir='ltr'>petent,</span> <span class='ocrx_word' id='word_1_366' title='bbox 576 2910 887 2961; x_wconf 78' lang='lat' dir='ltr'>transponendam</span> <span class='ocrx_word' id='word_1_367' title='bbox 917 2922 1023 2954; x_wconf 79' lang='lat' dir='ltr'>eam,</span> <span class='ocrx_word' id='word_1_368' title='bbox 1058 2908 1303 2958; x_wconf 87' lang='lat' dir='ltr'>nonnihilque</span> <span class='ocrx_word' id='word_1_369' title='bbox 1332 2909 1370 2946; x_wconf 88' lang='lat'>&amp;</span> 
     </span>
    </p>
   </div>
   <div class='ocr_carea' id='block_1_13' title="bbox 398 2959 1374 3112">
    <p class='ocr_par' dir='ltr' id='par_1_15' title="bbox 398 2959 1374 3112">
     <span class='ocr_line' id='line_1_54' title="bbox 398 2959 1370 3012; baseline -0.007 -10"><span class='ocrx_word' id='word_1_370' title='bbox 398 2964 616 3002; x_wconf 73' lang='lat' dir='ltr'>&#39;mutandam</span> <span class='ocrx_word' id='word_1_371' title='bbox 637 2971 821 3012; x_wconf 80' lang='lat' dir='ltr'>putarunt.</span> <span class='ocrx_word' id='word_1_372' title='bbox 848 2962 1042 3000; x_wconf 81' lang='lat' dir='ltr'>VORST.</span> <span class='ocrx_word' id='word_1_373' title='bbox 1072 2961 1171 2998; x_wconf 85' lang='lat' dir='ltr'>Cum</span> <span class='ocrx_word' id='word_1_374' title='bbox 1193 2959 1370 2997; x_wconf 77' lang='lat' dir='ltr'>Brandeb.</span> 
     </span>
     <span class='ocr_line' id='line_1_55' title="bbox 399 3011 1374 3063; baseline -0.003 -13"><span class='ocrx_word' id='word_1_375' title='bbox 399 3016 632 3053; x_wconf 83' lang='lat' dir='ltr'>consentiunt</span> <span class='ocrx_word' id='word_1_376' title='bbox 666 3015 779 3063; x_wconf 80' lang='lat' dir='ltr'>longe</span> <span class='ocrx_word' id='word_1_377' title='bbox 806 3013 977 3062; x_wconf 83' lang='lat' dir='ltr'>plurimi,</span> <span class='ocrx_word' id='word_1_378' title='bbox 1005 3011 1065 3050; x_wconf 82' lang='lat' dir='ltr'>vel</span> <span class='ocrx_word' id='word_1_379' title='bbox 1091 3024 1206 3047; x_wconf 82' lang='lat' dir='ltr'>trunca</span> <span class='ocrx_word' id='word_1_380' title='bbox 1233 3011 1374 3052; x_wconf 71' lang='lat' dir='ltr'>haben-</span> 
     </span>
     <span class='ocr_line' id='line_1_56' title="bbox 404 3063 1373 3112; baseline -0.002 -10"><span class='ocrx_word' id='word_1_381' title='bbox 404 3073 454 3102; x_wconf 75' lang='lat' dir='ltr'>tes</span> <span class='ocrx_word' id='word_1_382' title='bbox 474 3067 532 3103; x_wconf 68' lang='lat' dir='ltr'>vel</span> <span class='ocrx_word' id='word_1_383' title='bbox 552 3077 729 3111; x_wconf 67' lang='lat' dir='ltr'>truncata,</span> <span class='ocrx_word' id='word_1_384' title='bbox 756 3064 848 3104; x_wconf 85' lang='lat' dir='ltr'>illud</span> <span class='ocrx_word' id='word_1_385' title='bbox 864 3073 993 3103; x_wconf 84' lang='lat' dir='ltr'>tamen</span> <span class='ocrx_word' id='word_1_386' title='bbox 1019 3063 1159 3112; x_wconf 74' lang='lat' dir='ltr'>piures:</span> <span class='ocrx_word' id='word_1_387' title='bbox 1196 3063 1308 3111; x_wconf 67' lang='lat' dir='ltr'>tristia</span> <span class='ocrx_word' id='word_1_388' title='bbox 1335 3073 1373 3100; x_wconf 76' lang='lat' dir='ltr'>e-</span> 
     </span>
    </p>
   </div>
   <div class='ocr_carea' id='block_1_14' title="bbox 2239 944 2378 1006">
    <p class='ocr_par' dir='ltr' id='par_1_16' title="bbox 2239 944 2378 1006">
     <span class='ocr_line' id='line_1_57' title="bbox 2239 944 2378 1006; baseline 0 -16"><span class='ocrx_word' id='word_1_389' title='bbox 2239 1003 2245 1006; x_wconf 28' lang='grc'>,</span> <span class='ocrx_word' id='word_1_390' title='bbox 2277 944 2378 990; x_wconf 76' lang='lat' dir='ltr'>ani-</span> 
     </span>
    </p>
   </div>
   <div class='ocr_carea' id='block_1_15' title="bbox 1392 1056 2426 3148">
    <p class='ocr_par' dir='ltr' id='par_1_17' title="bbox 1392 1056 2385 1519">
     <span class='ocr_line' id='line_1_58' title="bbox 1392 1056 2381 1122; baseline 0 -10"><span class='ocrx_word' id='word_1_391' title='bbox 1392 1083 1445 1112; x_wconf 85' lang='lat' dir='ltr'>rat</span> <span class='ocrx_word' id='word_1_392' title='bbox 1456 1075 1493 1112; x_wconf 86' lang='lat' dir='ltr'>in</span> <span class='ocrx_word' id='word_1_393' title='bbox 1506 1073 1615 1111; x_wconf 81' lang='lat' dir='ltr'>Leid.</span> <span class='ocrx_word' id='word_1_394' title='bbox 1627 1073 1701 1111; x_wconf 64' lang='lat' dir='ltr'>onst.</span> <span class='ocrx_word' id='word_1_395' title='bbox 1713 1072 1733 1111; x_wconf 67' lang='lat' dir='ltr'>{i</span> <span class='ocrx_word' id='word_1_396' title='bbox 1745 1085 1861 1111; x_wconf 85' lang='lat' dir='ltr'>manu</span> <span class='ocrx_word' id='word_1_397' title='bbox 1871 1072 1939 1110; x_wconf 80' lang='lat' dir='ltr'>see.</span> <span class='ocrx_word' id='word_1_398' title='bbox 1951 1072 2070 1122; x_wconf 88' lang='lat' dir='ltr'>Quod</span> <span class='ocrx_word' id='word_1_399' title='bbox 2081 1070 2101 1110; x_wconf 78' lang='grc' dir='ltr'>ὲ</span> <span class='ocrx_word' id='word_1_400' title='bbox 2112 1056 2381 1112; x_wconf 71' lang='lat' dir='ltr'>Gemblacenff</span> 
     </span>
     <span class='ocr_line' id='line_1_59' title="bbox 1393 1123 2384 1173; baseline 0 -11"><span class='ocrx_word' id='word_1_401' title='bbox 1393 1127 1540 1162; x_wconf 81' lang='lat' dir='ltr'>notavit</span> <span class='ocrx_word' id='word_1_402' title='bbox 1562 1125 1709 1173; x_wconf 82' lang='lat' dir='ltr'>Pighius</span> <span class='ocrx_word' id='word_1_403' title='bbox 1736 1153 1747 1170; x_wconf 95' lang='lat'><strong><em>‚</em></strong></span> <span class='ocrx_word' id='word_1_404' title='bbox 1784 1127 1822 1163; x_wconf 72' lang='grc' dir='ltr'>δε</span> <span class='ocrx_word' id='word_1_405' title='bbox 1849 1124 2017 1161; x_wconf 87' lang='lat' dir='ltr'>Vorstius</span> <span class='ocrx_word' id='word_1_406' title='bbox 2046 1123 2177 1173; x_wconf 88' lang='lat' dir='ltr'>probat</span> <span class='ocrx_word' id='word_1_407' title='bbox 2197 1153 2208 1169; x_wconf 88' lang='lat'>‚</span> <span class='ocrx_word' id='word_1_408' title='bbox 2236 1125 2274 1162; x_wconf 91' lang='lat' dir='ltr'>id</span> <span class='ocrx_word' id='word_1_409' title='bbox 2301 1136 2384 1173; x_wconf 60' lang='lat' dir='ltr'>ego&gt;</span> 
     </span>
     <span class='ocr_line' id='line_1_60' title="bbox 1395 1175 2385 1225; baseline 0 -13"><span class='ocrx_word' id='word_1_410' title='bbox 1395 1176 1576 1225; x_wconf 84' lang='lat' dir='ltr'>nusquam</span> <span class='ocrx_word' id='word_1_411' title='bbox 1604 1177 1770 1213; x_wconf 82' lang='lat' dir='ltr'>invenio.</span> <span class='ocrx_word' id='word_1_412' title='bbox 1821 1175 2015 1213; x_wconf 85' lang='lat' dir='ltr'>Praeterea</span> <span class='ocrx_word' id='word_1_413' title='bbox 2047 1175 2219 1218; x_wconf 58' lang='lat' dir='ltr'>adsumis,</span> <span class='ocrx_word' id='word_1_414' title='bbox 2251 1176 2385 1213; x_wconf 32' lang='lat' dir='ltr'>omni-⁷</span> 
     </span>
     <span class='ocr_line' id='line_1_61' title="bbox 1395 1226 2377 1276; baseline 0.001 -13"><span class='ocrx_word' id='word_1_415' title='bbox 1395 1238 1448 1263; x_wconf 92' lang='lat' dir='ltr'>no</span> <span class='ocrx_word' id='word_1_416' title='bbox 1475 1227 1710 1264; x_wconf 89' lang='lat' dir='ltr'>retinendum</span> <span class='ocrx_word' id='word_1_417' title='bbox 1733 1256 1751 1272; x_wconf 63' lang='grc'>,,</span> <span class='ocrx_word' id='word_1_418' title='bbox 1779 1227 1960 1276; x_wconf 90' lang='lat' dir='ltr'>quoniam</span> <span class='ocrx_word' id='word_1_419' title='bbox 1996 1226 2071 1264; x_wconf 90' lang='lat' dir='ltr'>hoc</span> <span class='ocrx_word' id='word_1_420' title='bbox 2104 1226 2223 1263; x_wconf 80' lang='lat' dir='ltr'>solum</span> <span class='ocrx_word' id='word_1_421' title='bbox 2253 1227 2377 1264; x_wconf 79' lang='lat' dir='ltr'>movit</span> 
     </span>
     <span class='ocr_line' id='line_1_62' title="bbox 1395 1275 2385 1326; baseline 0 -12"><span class='ocrx_word' id='word_1_422' title='bbox 1395 1277 1597 1325; x_wconf 86' lang='lat' dir='ltr'>aruspicem</span> <span class='ocrx_word' id='word_1_423' title='bbox 1612 1305 1622 1321; x_wconf 86' lang='lat'>,</span> <span class='ocrx_word' id='word_1_424' title='bbox 1660 1286 1699 1314; x_wconf 89' lang='lat' dir='ltr'>ut</span> <span class='ocrx_word' id='word_1_425' title='bbox 1717 1277 1954 1325; x_wconf 88' lang='lat' dir='ltr'>responderet</span> <span class='ocrx_word' id='word_1_426' title='bbox 1975 1285 2058 1314; x_wconf 79' lang='lat' dir='ltr'>exta</span> <span class='ocrx_word' id='word_1_427' title='bbox 2078 1275 2140 1314; x_wconf 88' lang='lat' dir='ltr'>fibi</span> <span class='ocrx_word' id='word_1_428' title='bbox 2160 1277 2280 1314; x_wconf 82' lang='lat' dir='ltr'>minus</span> <span class='ocrx_word' id='word_1_429' title='bbox 2299 1277 2385 1326; x_wconf 30' lang='lat' dir='ltr'>pla-⁷</span> 
     </span>
     <span class='ocr_line' id='line_1_63' title="bbox 1395 1327 2378 1372; baseline 0.001 -7"><span class='ocrx_word' id='word_1_430' title='bbox 1395 1339 1479 1365; x_wconf 87' lang='lat' dir='ltr'>cere</span> <span class='ocrx_word' id='word_1_431' title='bbox 1501 1356 1512 1372; x_wconf 88' lang='lat'>‚</span> <span class='ocrx_word' id='word_1_432' title='bbox 1557 1329 1596 1365; x_wconf 64' lang='grc' dir='ltr'>ὃς</span> <span class='ocrx_word' id='word_1_433' title='bbox 1620 1327 1704 1365; x_wconf 90' lang='lat' dir='ltr'>loca</span> <span class='ocrx_word' id='word_1_434' title='bbox 1732 1329 1834 1365; x_wconf 88' lang='lat' dir='ltr'>Livii</span> <span class='ocrx_word' id='word_1_435' title='bbox 1860 1340 1903 1366; x_wconf 83' lang='lat' dir='ltr'>ac</span> <span class='ocrx_word' id='word_1_436' title='bbox 1933 1329 2071 1366; x_wconf 86' lang='lat' dir='ltr'>Valerii</span> <span class='ocrx_word' id='word_1_437' title='bbox 2098 1328 2306 1366; x_wconf 83' lang='lat' dir='ltr'>conserenti</span> <span class='ocrx_word' id='word_1_438' title='bbox 2334 1328 2378 1366; x_wconf 86' lang='lat' dir='ltr'>li-</span> 
     </span>
     <span class='ocr_line' id='line_1_64' title="bbox 1394 1378 2377 1429; baseline 0.001 -13"><span class='ocrx_word' id='word_1_439' title='bbox 1394 1387 1506 1429; x_wconf 88' lang='lat' dir='ltr'>quet,</span> <span class='ocrx_word' id='word_1_440' title='bbox 1532 1379 1633 1415; x_wconf 91' lang='lat' dir='ltr'>hunc</span> <span class='ocrx_word' id='word_1_441' title='bbox 1651 1390 1731 1415; x_wconf 91' lang='lat' dir='ltr'>non</span> <span class='ocrx_word' id='word_1_442' title='bbox 1750 1378 1893 1428; x_wconf 76' lang='lat' dir='ltr'>semper</span> <span class='ocrx_word' id='word_1_443' title='bbox 1914 1380 2033 1416; x_wconf 86' lang='lat' dir='ltr'>verbis</span> <span class='ocrx_word' id='word_1_444' title='bbox 2051 1379 2144 1417; x_wconf 87' lang='lat' dir='ltr'>illius</span> <span class='ocrx_word' id='word_1_445' title='bbox 2173 1380 2377 1417; x_wconf 73' lang='lat' dir='ltr'>inhaerere..</span> 
     </span>
     <span class='ocr_line' id='line_1_65' title="bbox 1397 1429 2378 1519; baseline 0.002 -53"><span class='ocrx_word' id='word_1_446' title='bbox 1397 1433 1516 1519; x_wconf 43' lang='grc' dir='ltr'>Ζῦκέγέίὲ</span> <span class='ocrx_word' id='word_1_447' title='bbox 1558 1429 1656 1467; x_wconf 87' lang='lat' dir='ltr'>male</span> <span class='ocrx_word' id='word_1_448' title='bbox 1700 1429 1810 1478; x_wconf 85' lang='lat' dir='ltr'>igitur</span> <span class='ocrx_word' id='word_1_449' title='bbox 1846 1429 2090 1468; x_wconf 80' lang='lat' dir='ltr'>desideratur</span> <span class='ocrx_word' id='word_1_450' title='bbox 2113 1430 2155 1467; x_wconf 89' lang='lat' dir='ltr'>in</span> <span class='ocrx_word' id='word_1_451' title='bbox 2187 1430 2378 1469; x_wconf 82' lang='lat' dir='ltr'>nonnullis</span> 
     </span>
    </p>

    <p class='ocr_par' dir='ltr' id='par_1_18' title="bbox 1393 1530 2426 2702">
     <span class='ocr_line' id='line_1_66' title="bbox 1444 1530 2426 1582; baseline 0.002 -14"><span class='ocrx_word' id='word_1_452' title='bbox 1444 1545 1506 1582; x_wconf 81' lang='lat'>49.</span> <span class='ocrx_word' id='word_1_453' title='bbox 1532 1530 1621 1577; x_wconf 78' lang='lat' dir='ltr'>Jam</span> <span class='ocrx_word' id='word_1_454' title='bbox 1646 1539 1692 1568; x_wconf 61' lang='grc' dir='ltr'>(φ’</span> <span class='ocrx_word' id='word_1_455' title='bbox 1721 1530 1900 1580; x_wconf 59' lang='lat' dir='ltr'>Gauius]</span> <span class='ocrx_word' id='word_1_456' title='bbox 1939 1531 2097 1579; x_wconf 77' lang='lat' dir='ltr'>Elegans</span> <span class='ocrx_word' id='word_1_457' title='bbox 2126 1532 2221 1570; x_wconf 87' lang='lat' dir='ltr'>ratio</span> <span class='ocrx_word' id='word_1_458' title='bbox 2240 1543 2382 1570; x_wconf 89' lang='lat' dir='ltr'>conne-</span> <span class='ocrx_word' id='word_1_459' title='bbox 2420 1542 2426 1547; x_wconf 78' lang='grc'><strong>’</strong></span> 
     </span>
     <span class='ocr_line' id='line_1_67' title="bbox 1396 1581 2383 1634; baseline 0 -13"><span class='ocrx_word' id='word_1_460' title='bbox 1396 1582 1519 1622; x_wconf 65' lang='lat' dir='ltr'>&amp;endi</span> <span class='ocrx_word' id='word_1_461' title='bbox 1537 1595 1602 1632; x_wconf 88' lang='lat' dir='ltr'>per</span> <span class='ocrx_word' id='word_1_462' title='bbox 1621 1583 1797 1621; x_wconf 82' lang='lat' dir='ltr'>voculam</span> <span class='ocrx_word' id='word_1_463' title='bbox 1814 1588 1907 1633; x_wconf 85' lang='lat' dir='ltr'>jam.-</span> <span class='ocrx_word' id='word_1_464' title='bbox 1920 1583 2044 1632; x_wconf 86' lang='lat' dir='ltr'>estque</span> <span class='ocrx_word' id='word_1_465' title='bbox 2062 1581 2164 1621; x_wconf 89' lang='lat' dir='ltr'>idem</span> <span class='ocrx_word' id='word_1_466' title='bbox 2185 1583 2288 1632; x_wconf 89' lang='lat' dir='ltr'>quod</span> <span class='ocrx_word' id='word_1_467' title='bbox 2304 1595 2383 1634; x_wconf 82' lang='lat' dir='ltr'>por-</span> 
     </span>
     <span class='ocr_line' id='line_1_68' title="bbox 1393 1633 2381 1684; baseline 0.002 -13"><span class='ocrx_word' id='word_1_468' title='bbox 1393 1649 1443 1672; x_wconf 88' lang='lat' dir='ltr'>ro.</span> <span class='ocrx_word' id='word_1_469' title='bbox 1498 1634 1568 1672; x_wconf 89' lang='lat' dir='ltr'>Sed</span> <span class='ocrx_word' id='word_1_470' title='bbox 1597 1634 1732 1672; x_wconf 84' lang='lat' dir='ltr'>vocula</span> <span class='ocrx_word' id='word_1_471' title='bbox 1754 1643 1798 1671; x_wconf 66' lang='lat' dir='ltr'>w·</span> <span class='ocrx_word' id='word_1_472' title='bbox 1819 1646 1916 1684; x_wconf 86' lang='lat' dir='ltr'>quae</span> <span class='ocrx_word' id='word_1_473' title='bbox 1944 1633 2128 1684; x_wconf 85' lang='lat' dir='ltr'>sequitur,</span> <span class='ocrx_word' id='word_1_474' title='bbox 2155 1633 2381 1682; x_wconf 85' lang='lat' dir='ltr'>supervacua</span> 
     </span>
     <span class='ocr_line' id='line_1_69' title="bbox 1396 1684 2384 1733; baseline -0.002 -11"><span class='ocrx_word' id='word_1_475' title='bbox 1396 1697 1441 1722; x_wconf 87' lang='lat' dir='ltr'>ac</span> <span class='ocrx_word' id='word_1_476' title='bbox 1457 1694 1600 1723; x_wconf 86' lang='lat' dir='ltr'>temere</span> <span class='ocrx_word' id='word_1_477' title='bbox 1618 1685 1741 1722; x_wconf 82' lang='lat' dir='ltr'>addita</span> <span class='ocrx_word' id='word_1_478' title='bbox 1762 1685 1782 1722; x_wconf 70' lang='lat' dir='ltr'>a</span> <span class='ocrx_word' id='word_1_479' title='bbox 1802 1686 1934 1733; x_wconf 75' lang='lat' dir='ltr'>Pighio</span> <span class='ocrx_word' id='word_1_480' title='bbox 1964 1684 2121 1720; x_wconf 79' lang='lat' dir='ltr'>videtur.</span> <span class='ocrx_word' id='word_1_481' title='bbox 2178 1686 2290 1720; x_wconf 82' lang='lat' dir='ltr'>Certe</span> <span class='ocrx_word' id='word_1_482' title='bbox 2319 1695 2384 1720; x_wconf 86' lang='lat' dir='ltr'>ve·</span> 
     </span>
     <span class='ocr_line' id='line_1_70' title="bbox 1399 1733 2388 1785; baseline -0.001 -12"><span class='ocrx_word' id='word_1_483' title='bbox 1399 1744 1494 1773; x_wconf 81' lang='lat' dir='ltr'>teres</span> <span class='ocrx_word' id='word_1_484' title='bbox 1523 1736 1620 1785; x_wconf 86' lang='lat' dir='ltr'>typis</span> <span class='ocrx_word' id='word_1_485' title='bbox 1649 1736 1824 1784; x_wconf 83' lang='lat' dir='ltr'>expressi,</span> <span class='ocrx_word' id='word_1_486' title='bbox 1853 1736 1891 1773; x_wconf 66' lang='grc' dir='ltr'>ὃς</span> <span class='ocrx_word' id='word_1_487' title='bbox 1909 1734 2017 1772; x_wconf 87' lang='lat' dir='ltr'>MSS.</span> <span class='ocrx_word' id='word_1_488' title='bbox 2038 1733 2170 1771; x_wconf 89' lang='lat' dir='ltr'>Brand.</span> <span class='ocrx_word' id='word_1_489' title='bbox 2191 1745 2275 1771; x_wconf 85' lang='lat' dir='ltr'>eam</span> <span class='ocrx_word' id='word_1_490' title='bbox 2303 1746 2388 1772; x_wconf 86' lang='lat' dir='ltr'>non·</span> 
     </span>
     <span class='ocr_line' id='line_1_71' title="bbox 1400 1785 2386 1824; baseline 0 0"><span class='ocrx_word' id='word_1_491' title='bbox 1400 1787 1548 1824; x_wconf 87' lang='lat' dir='ltr'>habent.</span> <span class='ocrx_word' id='word_1_492' title='bbox 1578 1787 1773 1824; x_wconf 87' lang='lat' dir='ltr'>VORST.</span> <span class='ocrx_word' id='word_1_493' title='bbox 1826 1787 1870 1824; x_wconf 88' lang='lat' dir='ltr'>In</span> <span class='ocrx_word' id='word_1_494' title='bbox 1895 1786 2021 1824; x_wconf 88' lang='lat' dir='ltr'>MSto.</span> <span class='ocrx_word' id='word_1_495' title='bbox 2050 1793 2090 1822; x_wconf 91' lang='lat' dir='ltr'>ut</span> <span class='ocrx_word' id='word_1_496' title='bbox 2122 1785 2160 1822; x_wconf 87' lang='lat'>&amp;</span> <span class='ocrx_word' id='word_1_497' title='bbox 2180 1785 2386 1824; x_wconf 81' lang='lat' dir='ltr'>Vorstianis</span> 
     </span>
     <span class='ocr_line' id='line_1_72' title="bbox 1403 1835 2392 1883; baseline -0.002 -7"><span class='ocrx_word' id='word_1_498' title='bbox 1403 1837 1501 1876; x_wconf 84' lang='lat' dir='ltr'>deest</span> <span class='ocrx_word' id='word_1_499' title='bbox 1529 1835 1567 1874; x_wconf 57' lang='lat' dir='ltr'>vo*</span> <span class='ocrx_word' id='word_1_500' title='bbox 1587 1846 1645 1874; x_wconf 62' lang='grc' dir='ltr'>ω’.</span> <span class='ocrx_word' id='word_1_501' title='bbox 1671 1837 1807 1876; x_wconf 83' lang='lat' dir='ltr'>Probat</span> <span class='ocrx_word' id='word_1_502' title='bbox 1830 1837 1996 1875; x_wconf 82' lang='lat' dir='ltr'>Vorstius</span> <span class='ocrx_word' id='word_1_503' title='bbox 2012 1843 2098 1883; x_wconf 82' lang='lat' dir='ltr'>jam.</span> <span class='ocrx_word' id='word_1_504' title='bbox 2119 1835 2181 1873; x_wconf 91' lang='lat' dir='ltr'>sed</span> <span class='ocrx_word' id='word_1_505' title='bbox 2201 1836 2282 1873; x_wconf 89' lang='lat' dir='ltr'>MS.</span> <span class='ocrx_word' id='word_1_506' title='bbox 2311 1837 2392 1874; x_wconf 93' lang='lat' dir='ltr'>Co-</span> 
     </span>
     <span class='ocr_line' id='line_1_73' title="bbox 1403 1888 2386 1939; baseline 0 -13"><span class='ocrx_word' id='word_1_507' title='bbox 1403 1888 1492 1939; x_wconf 89' lang='lat' dir='ltr'>pefii</span> <span class='ocrx_word' id='word_1_508' title='bbox 1517 1888 1629 1926; x_wconf 84' lang='lat' dir='ltr'>habet</span> <span class='ocrx_word' id='word_1_509' title='bbox 1647 1904 1748 1931; x_wconf 80' lang='lat' dir='ltr'>nam,</span> <span class='ocrx_word' id='word_1_510' title='bbox 1779 1901 1857 1938; x_wconf 85' lang='lat' dir='ltr'>quo</span> <span class='ocrx_word' id='word_1_511' title='bbox 1873 1888 1979 1937; x_wconf 82' lang='lat' dir='ltr'>saepe</span> <span class='ocrx_word' id='word_1_512' title='bbox 1998 1895 2150 1925; x_wconf 84' lang='lat' dir='ltr'>utuntur</span> <span class='ocrx_word' id='word_1_513' title='bbox 2176 1895 2320 1925; x_wconf 87' lang='lat' dir='ltr'>veteres</span> <span class='ocrx_word' id='word_1_514' title='bbox 2346 1888 2386 1926; x_wconf 86' lang='lat' dir='ltr'>in</span> 
     </span>
     <span class='ocr_line' id='line_1_74' title="bbox 1402 1937 2390 1989; baseline -0.002 -11"><span class='ocrx_word' id='word_1_515' title='bbox 1402 1939 1675 1978; x_wconf 74' lang='lat' dir='ltr'>transitionibus</span> <span class='ocrx_word' id='word_1_516' title='bbox 1696 1951 1764 1989; x_wconf 90' lang='lat' dir='ltr'>pro</span> <span class='ocrx_word' id='word_1_517' title='bbox 1779 1939 1840 1989; x_wconf 83' lang='lat' dir='ltr'>sed</span> <span class='ocrx_word' id='word_1_518' title='bbox 1855 1967 1863 1981; x_wconf 86' lang='lat'><em>‚</em></span> <span class='ocrx_word' id='word_1_519' title='bbox 1876 1954 1965 1976; x_wconf 64' lang='lat' dir='ltr'>vero.</span> <span class='ocrx_word' id='word_1_520' title='bbox 1979 1937 2184 1987; x_wconf 84' lang='lat' dir='ltr'>&amp;proinde</span> <span class='ocrx_word' id='word_1_521' title='bbox 2205 1939 2390 1987; x_wconf 87' lang='lat' dir='ltr'>recipien-</span> 
     </span>
     <span class='ocr_line' id='line_1_75' title="bbox 1407 1989 2389 2040; baseline -0.002 -11"><span class='ocrx_word' id='word_1_522' title='bbox 1407 1991 1495 2029; x_wconf 88' lang='lat' dir='ltr'>dum</span> <span class='ocrx_word' id='word_1_523' title='bbox 1523 1991 1600 2029; x_wconf 90' lang='lat' dir='ltr'>hoc</span> <span class='ocrx_word' id='word_1_524' title='bbox 1626 1991 1714 2030; x_wconf 89' lang='lat' dir='ltr'>loco</span> <span class='ocrx_word' id='word_1_525' title='bbox 1742 1999 1848 2040; x_wconf 78' lang='lat' dir='ltr'>puto.</span> <span class='ocrx_word' id='word_1_526' title='bbox 1900 1990 1968 2027; x_wconf 83' lang='lat' dir='ltr'>Sic.</span> <span class='ocrx_word' id='word_1_527' title='bbox 2001 2002 2055 2027; x_wconf 92' lang='lat'>11.</span> <span class='ocrx_word' id='word_1_528' title='bbox 2078 2000 2111 2035; x_wconf 93' lang='lat'>7.</span> <span class='ocrx_word' id='word_1_529' title='bbox 2137 2000 2194 2038; x_wconf 86' lang='lat'>13.</span> <span class='ocrx_word' id='word_1_530' title='bbox 2231 1989 2331 2026; x_wconf 89' lang='lat' dir='ltr'>Vide</span> <span class='ocrx_word' id='word_1_531' title='bbox 2348 1991 2389 2027; x_wconf 73' lang='grc' dir='ltr'>δε</span> 
     </span>
     <span class='ocr_line' id='line_1_76' title="bbox 1405 2039 2394 2092; baseline -0.003 -12"><span class='ocrx_word' id='word_1_532' title='bbox 1405 2055 1466 2081; x_wconf 80' lang='lat' dir='ltr'>vr.</span> <span class='ocrx_word' id='word_1_533' title='bbox 1486 2056 1521 2092; x_wconf 90' lang='lat'>9.</span> <span class='ocrx_word' id='word_1_534' title='bbox 1549 2043 1703 2080; x_wconf 81' lang='lat' dir='ltr'>Ext.1v.</span> <span class='ocrx_word' id='word_1_535' title='bbox 1736 2043 1774 2079; x_wconf 62' lang='grc' dir='ltr'>δέ</span> <span class='ocrx_word' id='word_1_536' title='bbox 1793 2054 1881 2079; x_wconf 81' lang='lat' dir='ltr'>vm.</span> <span class='ocrx_word' id='word_1_537' title='bbox 1906 2055 1962 2079; x_wconf 88' lang='lat'>10.</span> <span class='ocrx_word' id='word_1_538' title='bbox 1984 2052 2016 2090; x_wconf 85' lang='lat'>3.</span> <span class='ocrx_word' id='word_1_539' title='bbox 2055 2041 2094 2077; x_wconf 91' lang='lat'>&amp;</span> <span class='ocrx_word' id='word_1_540' title='bbox 2116 2042 2178 2077; x_wconf 52' lang='grc' dir='ltr'>Ιχ(</span> <span class='ocrx_word' id='word_1_541' title='bbox 2191 2053 2226 2089; x_wconf 87' lang='grc'>9.</span> <span class='ocrx_word' id='word_1_542' title='bbox 2245 2053 2278 2077; x_wconf 84' lang='lat'>2.</span> <span class='ocrx_word' id='word_1_543' title='bbox 2333 2039 2394 2078; x_wconf 75' lang='lat' dir='ltr'>Sic</span> 
     </span>
     <span class='ocr_line' id='line_1_77' title="bbox 1405 2091 2395 2143; baseline -0.004 -12"><span class='ocrx_word' id='word_1_544' title='bbox 1405 2095 1499 2132; x_wconf 83' lang='lat' dir='ltr'>infra</span> <span class='ocrx_word' id='word_1_545' title='bbox 1523 2106 1621 2140; x_wconf 83' lang='lat'>11.4.</span> <span class='ocrx_word' id='word_1_546' title='bbox 1643 2106 1675 2141; x_wconf 89' lang='lat'>7.</span> <span class='ocrx_word' id='word_1_547' title='bbox 1698 2093 1779 2131; x_wconf 84' lang='lat' dir='ltr'>MS.</span> <span class='ocrx_word' id='word_1_548' title='bbox 1808 2098 1904 2129; x_wconf 86' lang='lat' dir='ltr'>Nam</span> <span class='ocrx_word' id='word_1_549' title='bbox 1919 2091 2167 2143; x_wconf 73' lang='lat' dir='ltr'>gladiatorium</span> <span class='ocrx_word' id='word_1_550' title='bbox 2187 2105 2305 2127; x_wconf 79' lang='lat' dir='ltr'>munus</span> <span class='ocrx_word' id='word_1_551' title='bbox 2323 2092 2395 2141; x_wconf 70' lang='lat' dir='ltr'>pri—</span> 
     </span>
     <span class='ocr_line' id='line_1_78' title="bbox 1405 2141 2392 2196; baseline -0.002 -14"><span class='ocrx_word' id='word_1_552' title='bbox 1405 2149 1626 2196; x_wconf 75' lang='lat' dir='ltr'>mumRomae</span> <span class='ocrx_word' id='word_1_553' title='bbox 1641 2145 1762 2181; x_wconf 79' lang='lat' dir='ltr'>datum</span> <span class='ocrx_word' id='word_1_554' title='bbox 1781 2147 1838 2189; x_wconf 60' lang='lat' dir='ltr'>eli.</span> <span class='ocrx_word' id='word_1_555' title='bbox 1866 2144 1928 2182; x_wconf 90' lang='lat' dir='ltr'>ubi</span> <span class='ocrx_word' id='word_1_556' title='bbox 1948 2142 2045 2181; x_wconf 80' lang='lat' dir='ltr'>male</span> <span class='ocrx_word' id='word_1_557' title='bbox 2064 2143 2101 2179; x_wconf 90' lang='lat' dir='ltr'>in</span> <span class='ocrx_word' id='word_1_558' title='bbox 2122 2141 2275 2190; x_wconf 84' lang='lat' dir='ltr'>vulgatis</span> <span class='ocrx_word' id='word_1_559' title='bbox 2293 2141 2392 2181; x_wconf 86' lang='lat' dir='ltr'>deest</span> 
     </span>
     <span class='ocr_line' id='line_1_79' title="bbox 1406 2193 2393 2246; baseline -0.003 -13"><span class='ocrx_word' id='word_1_560' title='bbox 1406 2211 1506 2241; x_wconf 76' lang='lat' dir='ltr'>nam,</span> <span class='ocrx_word' id='word_1_561' title='bbox 1530 2197 1617 2246; x_wconf 87' lang='lat' dir='ltr'>quia</span> <span class='ocrx_word' id='word_1_562' title='bbox 1639 2196 1812 2234; x_wconf 82' lang='lat' dir='ltr'>videlicet</span> <span class='ocrx_word' id='word_1_563' title='bbox 1833 2206 1911 2232; x_wconf 90' lang='lat' dir='ltr'>non</span> <span class='ocrx_word' id='word_1_564' title='bbox 1934 2193 2220 2242; x_wconf 34' lang='lat' dir='ltr'>intelligebatur..</span> <span class='ocrx_word' id='word_1_565' title='bbox 2268 2193 2327 2230; x_wconf 91' lang='lat' dir='ltr'>Sic</span> <span class='ocrx_word' id='word_1_566' title='bbox 2344 2204 2393 2230; x_wconf 83' lang='lat'>11.</span> 
     </span>
     <span class='ocr_line' id='line_1_80' title="bbox 1409 2243 2397 2294; baseline -0.003 -9"><span class='ocrx_word' id='word_1_567' title='bbox 1409 2248 1443 2285; x_wconf 84' lang='lat'>8.</span> <span class='ocrx_word' id='word_1_568' title='bbox 1466 2259 1499 2294; x_wconf 90' lang='lat'>7.</span> <span class='ocrx_word' id='word_1_569' title='bbox 1530 2251 1620 2283; x_wconf 79' lang='lat' dir='ltr'>Nam</span> <span class='ocrx_word' id='word_1_570' title='bbox 1643 2252 1682 2285; x_wconf 89' lang='lat' dir='ltr'>L.</span> <span class='ocrx_word' id='word_1_571' title='bbox 1703 2248 1810 2283; x_wconf 79' lang='lat' dir='ltr'>Sulla.</span> <span class='ocrx_word' id='word_1_572' title='bbox 1844 2246 1904 2283; x_wconf 88' lang='lat' dir='ltr'>ubi</span> <span class='ocrx_word' id='word_1_573' title='bbox 1923 2246 1961 2283; x_wconf 89' lang='lat' dir='ltr'>in</span> <span class='ocrx_word' id='word_1_574' title='bbox 1983 2244 2136 2293; x_wconf 83' lang='lat' dir='ltr'>vulgatis</span> <span class='ocrx_word' id='word_1_575' title='bbox 2157 2246 2259 2287; x_wconf 82' lang='lat' dir='ltr'>item,</span> <span class='ocrx_word' id='word_1_576' title='bbox 2284 2243 2397 2282; x_wconf 79' lang='lat' dir='ltr'>male..</span> 
     </span>
     <span class='ocr_line' id='line_1_81' title="bbox 1410 2294 2393 2345; baseline -0.001 -11"><span class='ocrx_word' id='word_1_577' title='bbox 1410 2299 1468 2334; x_wconf 89' lang='lat' dir='ltr'>Sic</span> <span class='ocrx_word' id='word_1_578' title='bbox 1493 2311 1554 2334; x_wconf 88' lang='lat'>111.</span> <span class='ocrx_word' id='word_1_579' title='bbox 1575 2298 1609 2335; x_wconf 91' lang='lat'>6.</span> <span class='ocrx_word' id='word_1_580' title='bbox 1634 2312 1664 2335; x_wconf 94' lang='lat'>1.</span> <span class='ocrx_word' id='word_1_581' title='bbox 1699 2298 1781 2334; x_wconf 86' lang='lat' dir='ltr'>MS.</span> <span class='ocrx_word' id='word_1_582' title='bbox 1813 2300 1906 2332; x_wconf 81' lang='lat' dir='ltr'>Nam</span> <span class='ocrx_word' id='word_1_583' title='bbox 1933 2299 2091 2345; x_wconf 68' lang='lat' dir='ltr'>Papirius</span> <span class='ocrx_word' id='word_1_584' title='bbox 2118 2294 2252 2344; x_wconf 82' lang='lat' dir='ltr'>quidem</span> <span class='ocrx_word' id='word_1_585' title='bbox 2281 2297 2393 2344; x_wconf 82' lang='lat' dir='ltr'>Naso.</span> 
     </span>
     <span class='ocr_line' id='line_1_82' title="bbox 1408 2347 2396 2397; baseline -0.003 -13"><span class='ocrx_word' id='word_1_586' title='bbox 1408 2348 1484 2384; x_wconf 80' lang='lat' dir='ltr'>Ubi</span> <span class='ocrx_word' id='word_1_587' title='bbox 1503 2349 1542 2386; x_wconf 87' lang='lat' dir='ltr'>in</span> <span class='ocrx_word' id='word_1_588' title='bbox 1561 2347 1716 2397; x_wconf 82' lang='lat' dir='ltr'>vulgatis</span> <span class='ocrx_word' id='word_1_589' title='bbox 1747 2348 1942 2385; x_wconf 69' lang='lat' dir='ltr'>omittitiu:</span> <span class='ocrx_word' id='word_1_590' title='bbox 1972 2349 2010 2385; x_wconf 89' lang='lat'>&amp;</span> <span class='ocrx_word' id='word_1_591' title='bbox 2032 2359 2088 2385; x_wconf 90' lang='lat' dir='ltr'>1v.</span> <span class='ocrx_word' id='word_1_592' title='bbox 2119 2347 2151 2384; x_wconf 88' lang='lat'>8.</span> <span class='ocrx_word' id='word_1_593' title='bbox 2175 2359 2208 2396; x_wconf 86' lang='lat'>3.</span> <span class='ocrx_word' id='word_1_594' title='bbox 2238 2349 2396 2394; x_wconf 81' lang='lat' dir='ltr'>Namque</span> 
     </span>
     <span class='ocr_line' id='line_1_83' title="bbox 1409 2397 2396 2448; baseline -0.002 -13"><span class='ocrx_word' id='word_1_595' title='bbox 1409 2399 1482 2435; x_wconf 75' lang='lat' dir='ltr'>binc</span> <span class='ocrx_word' id='word_1_596' title='bbox 1505 2411 1549 2436; x_wconf 84' lang='lat' dir='ltr'>ex</span> <span class='ocrx_word' id='word_1_597' title='bbox 1560 2399 1847 2448; x_wconf 70' lang='lat' dir='ltr'>MSto.proj.am</span> <span class='ocrx_word' id='word_1_598' title='bbox 1867 2399 1925 2446; x_wconf 82' lang='lat' dir='ltr'>qui</span> <span class='ocrx_word' id='word_1_599' title='bbox 1944 2397 2287 2434; x_wconf 73' lang='lat' dir='ltr'>12inc.PERIZON.</span> <span class='ocrx_word' id='word_1_600' title='bbox 2314 2397 2396 2433; x_wconf 80' lang='lat' dir='ltr'>De··=</span> 
     </span>
     <span class='ocr_line' id='line_1_84' title="bbox 1410 2447 2397 2496; baseline -0.003 -9"><span class='ocrx_word' id='word_1_601' title='bbox 1410 2450 1505 2487; x_wconf 82' lang='lat' dir='ltr'>letur</span> <span class='ocrx_word' id='word_1_602' title='bbox 1531 2449 1644 2487; x_wconf 86' lang='lat' dir='ltr'>etiam</span> <span class='ocrx_word' id='word_1_603' title='bbox 1664 2457 1709 2484; x_wconf 62' lang='grc' dir='ltr'>εν·</span> <span class='ocrx_word' id='word_1_604' title='bbox 1731 2449 1769 2485; x_wconf 89' lang='lat' dir='ltr'>in</span> <span class='ocrx_word' id='word_1_605' title='bbox 1789 2449 1896 2486; x_wconf 91' lang='lat' dir='ltr'>MSS.</span> <span class='ocrx_word' id='word_1_606' title='bbox 1924 2448 2074 2491; x_wconf 84' lang='lat' dir='ltr'>nostris,</span> <span class='ocrx_word' id='word_1_607' title='bbox 2098 2447 2162 2496; x_wconf 87' lang='lat' dir='ltr'>qui</span> <span class='ocrx_word' id='word_1_608' title='bbox 2179 2447 2299 2495; x_wconf 83' lang='lat' dir='ltr'>plures</span> <span class='ocrx_word' id='word_1_609' title='bbox 2325 2459 2397 2484; x_wconf 88' lang='lat' dir='ltr'>nu—</span> 
     </span>
     <span class='ocr_line' id='line_1_85' title="bbox 1414 2498 2398 2548; baseline -0.002 -10"><span class='ocrx_word' id='word_1_610' title='bbox 1414 2512 1522 2538; x_wconf 88' lang='lat' dir='ltr'>mero</span> <span class='ocrx_word' id='word_1_611' title='bbox 1542 2506 1612 2543; x_wconf 73' lang='lat' dir='ltr'>r&#39;am</span> <span class='ocrx_word' id='word_1_612' title='bbox 1634 2498 1829 2543; x_wconf 83' lang='lat' dir='ltr'>exhibent,</span> <span class='ocrx_word' id='word_1_613' title='bbox 1856 2509 1968 2547; x_wconf 87' lang='lat' dir='ltr'>quam</span> <span class='ocrx_word' id='word_1_614' title='bbox 1988 2512 2066 2535; x_wconf 85' lang='lat' dir='ltr'>nam</span> <span class='ocrx_word' id='word_1_615' title='bbox 2083 2527 2091 2540; x_wconf 94' lang='lat'>,</span> <span class='ocrx_word' id='word_1_616' title='bbox 2124 2510 2221 2548; x_wconf 84' lang='lat' dir='ltr'>quae</span> <span class='ocrx_word' id='word_1_617' title='bbox 2241 2506 2398 2547; x_wconf 82' lang='lat' dir='ltr'>utraque</span> 
     </span>
     <span class='ocr_line' id='line_1_86' title="bbox 1416 2548 2395 2600; baseline -0.004 -11"><span class='ocrx_word' id='word_1_618' title='bbox 1416 2551 1592 2600; x_wconf 81' lang='lat' dir='ltr'>particula</span> <span class='ocrx_word' id='word_1_619' title='bbox 1609 2549 1814 2588; x_wconf 83' lang='lat' dir='ltr'>tranfitioni</span> <span class='ocrx_word' id='word_1_620' title='bbox 1826 2548 1924 2598; x_wconf 88' lang='lat' dir='ltr'>apud</span> <span class='ocrx_word' id='word_1_621' title='bbox 1941 2549 2103 2586; x_wconf 88' lang='lat' dir='ltr'>nostrum</span> <span class='ocrx_word' id='word_1_622' title='bbox 2116 2549 2221 2598; x_wconf 86' lang='lat' dir='ltr'>saepe</span> <span class='ocrx_word' id='word_1_623' title='bbox 2232 2549 2395 2593; x_wconf 85' lang='lat' dir='ltr'>inservit,</span> 
     </span>
     <span class='ocr_line' id='line_1_87' title="bbox 1416 2600 2397 2651; baseline -0.003 -11"><span class='ocrx_word' id='word_1_624' title='bbox 1416 2604 1456 2640; x_wconf 89' lang='lat'>&amp;</span> <span class='ocrx_word' id='word_1_625' title='bbox 1476 2602 1691 2651; x_wconf 85' lang='lat' dir='ltr'>apud&#39;alios.</span> <span class='ocrx_word' id='word_1_626' title='bbox 1744 2601 1843 2639; x_wconf 87' lang='lat' dir='ltr'>Vide</span> <span class='ocrx_word' id='word_1_627' title='bbox 1864 2612 1957 2650; x_wconf 80' lang='lat' dir='ltr'>quos</span> <span class='ocrx_word' id='word_1_628' title='bbox 1975 2600 2021 2638; x_wconf 88' lang='lat' dir='ltr'>ad</span> <span class='ocrx_word' id='word_1_629' title='bbox 2050 2600 2157 2638; x_wconf 61' lang='lat' dir='ltr'>Flor..</span> <span class='ocrx_word' id='word_1_630' title='bbox 2166 2611 2339 2649; x_wconf 88' lang='lat' dir='ltr'>prooem.</span> <span class='ocrx_word' id='word_1_631' title='bbox 2361 2600 2397 2641; x_wconf 63' lang='grc' dir='ltr'>ἕ,</span> 
     </span>
     <span class='ocr_line' id='line_1_88' title="bbox 1422 2651 1896 2702; baseline -0.002 -12"><span class='ocrx_word' id='word_1_632' title='bbox 1422 2664 1454 2702; x_wconf 84' lang='lat'>3.</span> <span class='ocrx_word' id='word_1_633' title='bbox 1482 2653 1608 2690; x_wconf 84' lang='lat' dir='ltr'>citavit</span> <span class='ocrx_word' id='word_1_634' title='bbox 1627 2651 1683 2689; x_wconf 90' lang='lat' dir='ltr'>Cl.</span> <span class='ocrx_word' id='word_1_635' title='bbox 1711 2653 1896 2690; x_wconf 83' lang='lat' dir='ltr'>Dukerus.</span> 
     </span>
    </p>

    <p class='ocr_par' dir='ltr' id='par_1_19' title="bbox 1409 2701 2404 2843">
     <span class='ocr_line' id='line_1_89' title="bbox 1471 2701 2404 2753; baseline -0.002 -11"><span class='ocrx_word' id='word_1_636' title='bbox 1471 2716 1529 2752; x_wconf 77' lang='lat'>50.</span> <span class='ocrx_word' id='word_1_637' title='bbox 1564 2705 1680 2752; x_wconf 79' lang='lat' dir='ltr'>Perse</span> <span class='ocrx_word' id='word_1_638' title='bbox 1705 2703 1843 2753; x_wconf 75' lang='lat' dir='ltr'>abrupto</span> <span class='ocrx_word' id='word_1_639' title='bbox 1869 2702 1993 2753; x_wconf 80' lang='lat' dir='ltr'>capite]</span> <span class='ocrx_word' id='word_1_640' title='bbox 2020 2702 2119 2741; x_wconf 84' lang='lat' dir='ltr'>Alibi</span> <span class='ocrx_word' id='word_1_641' title='bbox 2137 2714 2205 2750; x_wconf 89' lang='lat' dir='ltr'>pro</span> <span class='ocrx_word' id='word_1_642' title='bbox 2221 2713 2278 2745; x_wconf 73' lang='lat' dir='ltr'>per</span> <span class='ocrx_word' id='word_1_643' title='bbox 2294 2703 2325 2747; x_wconf 82' lang='lat' dir='ltr'>se</span> <span class='ocrx_word' id='word_1_644' title='bbox 2347 2701 2404 2740; x_wconf 83' lang='lat' dir='ltr'>est.</span> 
     </span>
     <span class='ocr_line' id='line_1_90' title="bbox 1409 2756 1632 2802; baseline 0.009 -13"><span class='ocrx_word' id='word_1_645' title='bbox 1409 2756 1476 2802; x_wconf 82' lang='lat' dir='ltr'>sua</span> <span class='ocrx_word' id='word_1_646' title='bbox 1507 2757 1632 2802; x_wconf 80' lang='lat' dir='ltr'>sponte.</span> 
     </span>
     <span class='ocr_line' id='line_1_91' title="bbox 1423 2805 1619 2843; baseline 0 0"><span class='ocrx_word' id='word_1_647' title='bbox 1423 2805 1619 2843; x_wconf 80' lang='lat' dir='ltr'>VORST.</span> 
     </span>
    </p>

    <p class='ocr_par' dir='ltr' id='par_1_20' title="bbox 1422 2853 2406 2997">
     <span class='ocr_line' id='line_1_92' title="bbox 1474 2853 2406 2907; baseline -0.003 -13"><span class='ocrx_word' id='word_1_648' title='bbox 1474 2869 1532 2904; x_wconf 78' lang='lat'>51.</span> <span class='ocrx_word' id='word_1_649' title='bbox 1560 2864 1606 2893; x_wconf 83' lang='lat' dir='ltr'>Ut</span> <span class='ocrx_word' id='word_1_650' title='bbox 1626 2857 1726 2893; x_wconf 65' lang='lat' dir='ltr'>evelli</span> <span class='ocrx_word' id='word_1_651' title='bbox 1742 2855 1908 2907; x_wconf 78' lang='lat' dir='ltr'>nequiret]</span> <span class='ocrx_word' id='word_1_652' title='bbox 1941 2855 2000 2894; x_wconf 62' lang='lat' dir='ltr'>Ita&gt;</span> <span class='ocrx_word' id='word_1_653' title='bbox 2027 2853 2166 2892; x_wconf 81' lang='lat' dir='ltr'>habent</span> <span class='ocrx_word' id='word_1_654' title='bbox 2187 2853 2406 2901; x_wconf 67' lang='lat' dir='ltr'>Oliverius;‚</span> 
     </span>
     <span class='ocr_line' id='line_1_93' title="bbox 1423 2904 2395 2956; baseline -0.001 -11"><span class='ocrx_word' id='word_1_655' title='bbox 1423 2908 1462 2945; x_wconf 90' lang='lat'>&amp;</span> <span class='ocrx_word' id='word_1_656' title='bbox 1480 2907 1694 2953; x_wconf 85' lang='lat' dir='ltr'>Ascensius,</span> <span class='ocrx_word' id='word_1_657' title='bbox 1721 2909 1834 2946; x_wconf 83' lang='lat' dir='ltr'>ceteri</span> <span class='ocrx_word' id='word_1_658' title='bbox 1850 2908 1978 2949; x_wconf 65' lang='lat' dir='ltr'>avelli,</span> <span class='ocrx_word' id='word_1_659' title='bbox 1999 2904 2103 2956; x_wconf 89' lang='lat' dir='ltr'>quod</span> <span class='ocrx_word' id='word_1_660' title='bbox 2123 2907 2200 2943; x_wconf 88' lang='lat' dir='ltr'>fere</span> <span class='ocrx_word' id='word_1_661' title='bbox 2221 2906 2395 2945; x_wconf 78' lang='lat' dir='ltr'>omnibus</span> 
     </span>
     <span class='ocr_line' id='line_1_94' title="bbox 1422 2958 1724 2997; baseline 0.003 -1"><span class='ocrx_word' id='word_1_662' title='bbox 1422 2958 1589 2997; x_wconf 79' lang='lat' dir='ltr'>firmatur</span> <span class='ocrx_word' id='word_1_663' title='bbox 1616 2959 1724 2997; x_wconf 79' lang='lat' dir='ltr'>MSS.</span> 
     </span>
    </p>

    <p class='ocr_par' dir='ltr' id='par_1_21' title="bbox 1424 3004 2408 3148">
     <span class='ocr_line' id='line_1_95' title="bbox 1475 3004 2408 3060; baseline -0.004 -12"><span class='ocrx_word' id='word_1_664' title='bbox 1475 3023 1533 3060; x_wconf 76' lang='lat'>5²2.</span> <span class='ocrx_word' id='word_1_665' title='bbox 1560 3016 1694 3050; x_wconf 68' lang='lat' dir='ltr'>&lt;Armis</span> <span class='ocrx_word' id='word_1_666' title='bbox 1710 3023 1732 3046; x_wconf 82' lang='lat' dir='ltr'>a</span> <span class='ocrx_word' id='word_1_667' title='bbox 1750 3010 1874 3059; x_wconf 65' lang='lat' dir='ltr'>collegq</span> <span class='ocrx_word' id='word_1_668' title='bbox 1889 3009 1950 3056; x_wconf 68' lang='grc' dir='ltr'>[κο</span> <span class='ocrx_word' id='word_1_669' title='bbox 1971 3004 2133 3055; x_wconf 81' lang='lat' dir='ltr'>dtffidem]</span> <span class='ocrx_word' id='word_1_670' title='bbox 2166 3008 2221 3046; x_wconf 78' lang='lat' dir='ltr'>Ita</span> <span class='ocrx_word' id='word_1_671' title='bbox 2237 3008 2320 3045; x_wconf 79' lang='lat' dir='ltr'>sane</span> <span class='ocrx_word' id='word_1_672' title='bbox 2330 3007 2408 3045; x_wconf 63' lang='lat' dir='ltr'>Alu-</span> 
     </span>
     <span class='ocr_line' id='line_1_96' title="bbox 1424 3057 2407 3148; baseline -0.005 -49"><span class='ocrx_word' id='word_1_673' title='bbox 1424 3059 1500 3100; x_wconf 80' lang='lat' dir='ltr'>dus.</span> <span class='ocrx_word' id='word_1_674' title='bbox 1553 3061 1601 3101; x_wconf 86' lang='lat' dir='ltr'>Et</span> <span class='ocrx_word' id='word_1_675' title='bbox 1620 3062 1849 3100; x_wconf 85' lang='lat' dir='ltr'>retinuerunt</span> <span class='ocrx_word' id='word_1_676' title='bbox 1869 3058 2018 3108; x_wconf 81' lang='lat' dir='ltr'>Pighius</span> <span class='ocrx_word' id='word_1_677' title='bbox 2038 3059 2077 3097; x_wconf 67' lang='grc' dir='ltr'>ὅ(</span> <span class='ocrx_word' id='word_1_678' title='bbox 2096 3059 2169 3099; x_wconf 82' lang='lat' dir='ltr'>alii.</span> <span class='ocrx_word' id='word_1_679' title='bbox 2217 3057 2407 3148; x_wconf 63' lang='lat' dir='ltr'>AtBMS{,.</span> 
     </span>
    </p>

    <p class='ocr_par' dir='ltr' id='par_1_22' title="bbox 2297 3120 2399 3147">
     <span class='ocr_line' id='line_1_97' title="bbox 2297 3120 2399 3147; baseline 0 0"><span class='ocrx_word' id='word_1_680' title='bbox 2297 3120 2362 3147; x_wconf 76' lang='lat' dir='ltr'>ran</span> <span class='ocrx_word' id='word_1_681' title='bbox 2389 3136 2399 3147; x_wconf 59' lang='lat'><em>2</em></span> 
     </span>
    </p>
   </div>
   <div class='ocr_carea' id='block_1_16' title="bbox 1692 2753 2398 2804">
    <p class='ocr_par' dir='ltr' id='par_1_23' title="bbox 1692 2753 2398 2804">
     <span class='ocr_line' id='line_1_98' title="bbox 1692 2753 2398 2804; baseline -0.001 -13"><span class='ocrx_word' id='word_1_682' title='bbox 1692 2753 1790 2794; x_wconf 76' lang='lat' dir='ltr'>Infra</span> <span class='ocrx_word' id='word_1_683' title='bbox 1810 2783 1822 2801; x_wconf 83' lang='lat'>‚</span> <span class='ocrx_word' id='word_1_684' title='bbox 1848 2758 1916 2803; x_wconf 78' lang='lat' dir='ltr'>sua</span> <span class='ocrx_word' id='word_1_685' title='bbox 1944 2758 2062 2804; x_wconf 67' lang='lat' dir='ltr'>sponte</span> <span class='ocrx_word' id='word_1_686' title='bbox 2093 2754 2196 2803; x_wconf 73' lang='lat' dir='ltr'>figna</span> <span class='ocrx_word' id='word_1_687' title='bbox 2224 2757 2398 2802; x_wconf 56' lang='lat' dir='ltr'>conversa„</span> 
     </span>
    </p>
   </div>
  </div>
 </body>
</html>
