2516 3509
600 118 742 172 DE
863 114 1088 172 REL

1127 115 1604 174 1G10NE.
2049 138 2119 193 η

97 241 200 278 tam
219 223 459 274 infeliciter
478 221 706 269 dimicasse
740 216 784 255 98
805 219 866 266 ob
887 220 998 267 iram
1017 220 1233 280 Junonis:
1273 219 1397 285 quod
1433 226 1473 255 9⁹
1493 236 1600 266 cum
1621 217 1751 268 ludos
1770 218 2002 268 Circenses
2035 238 2108 269 ae·
2123 227 2208 303 343¹?
2219 224 2295 298 ffb&

102 309 204 355 dilis
223 303 416 363 faceret,
458 309 521 331 ¹00
544 303 592 348 in
608 302 736 363 Jovis
748 304 867 366 Opt.
882 301 1014 348 Max.
1048 300 1222 364 templo
1250 301 1416 348 eximia
1436 298 1550 346 facie
1569 315 1761 363 puerum
1801 308 1811 328 ¹
1840 299 2105 350 histrionem
2118 308 2193 355 ‘13¹st
2215 309 2281 341 div·

103 387 157 435 ad
175 384 387 433 excubias
407 382 618 431 tenendas
640 381 865 447 posuisset.
901 381 1027 446 quod
1050 380 1220 429 fafitum
1241 381 1344 444 post
1367 379 1543 443 aliquot
1561 394 1698 426 annos
1734 383 1952 430 memoria
1980 400 2107 446 repe-

104 466 242 512 titum
258 499 274 524 ,
308 460 536 510 sacrificiis
555 462 791 526 expiatum
815 461 892 508 est.

165 542 389 590 Hercules
409 557 594 606 quoque
615 540 836 587 detracsstae
858 540 1088 606 religionis
1118 538 1242 597 suae,
1278 536 1328 582 &
1346 552 1530 600 gravem
1550 536 1599 581 ὃς
1621 534 1900 582 manifestam
1919 555 2112 600 poenam

99 622 297 688 exegisse
314 622 520 669 traditur.

2117 349 2177 394 lib.
2199 360 2246 382 11.

2195 557 2246 584 17.

591 622 720 668 Nam
757 628 773 647 2
798 637 904 666 cum
928 619 1090 666 Potitii
1119 617 1347 663 sacrorum
1380 618 1475 680 ejus
1505 616 1674 675 ritum,
1709 630 1846 679 quem
1875 632 1960 679 pro
1988 617 2111 665 dono
2126 588 2329 668 xifiuiiiiius

2130 681 2175 702 lx.
2190 674 2281 705 029.
2295 673 2328 701 ὃς

100 707 228 770 genti
248 722 407 752 eorum
427 705 481 751 ab
503 703 598 769 ipso
620 703 912 768 affignatum,
948 701 1074 749 velut
1095 699 1417 746 hereditarium
1450 697 1767 754 obtinuerant,
1802 695 1987 742 au&ore
2010 696 2108 758 Ap·
2126 716 2263 788 343&
2286 714 2330 784 te.

2148 777 2153 782 .
2195 766 2199 770 ’
2245 767 2249 771 ’
2263 765 2284 784 n
2299 777 2311 784 .

100 781 180 843 pio
199 779 422 840 Censore,
457 780 512 825 ad
531 780 703 826 humile
723 778 951 824 servorum
985 776 1284 823 ministerium
1312 774 1654 821 transtulissent:
1692 789 1849 819 omnes
1874 773 1952 836 qui
1983 785 2109 818 erant
2127 797 2270 831 L‚11‚7‚

103 865 118 896 3
141 874 331 906 numero
360 858 491 921 super
519 856 688 902 XXX.
725 855 941 918 puberes,
978 861 997 889 ⁴
1017 854 1134 898 intra
1162 867 1331 897 annum
1357 850 1553 896 extinEd
1583 848 1707 908 sunt,
1743 863 2002 911 nomenque
2019 848 2110 893 Po-

99 1066 226 1112 pudicis
238 1060 431 1114 pudiciffz'mi
460 1063 673 1112 imperarent.
702 1059 896 1098 COLER.
947 1058 1084 1108 Perpe-

94 1112 183 1155 ‘ram
201 1116 260 1153 hic
278 1116 316 1152 in
335 1114 600 1163 antiquioribus
618 1113 714 1162 typis
741 1111 907 1160 expressis
937 1123 1083 1149 novum

103 1175 212 1216 caput
231 1166 471 1203 constituitur.
524 1165 646 1213 Pergit
678 1164 778 1201 enim
798 1162 943 1200 Auum·
962 1162 1007 1200 de
1029 1174 1085 1198 re-

98 1218 238 1267 ligione
258 1228 365 1266 agere
375 1231 386 1260 ;
414 1216 475 1253 sed
495 1215 540 1253 de
568 1215 732 1265 11egle6ta
763 1226 804 1251 ea
828 1242 837 1258 ,
874 1214 912 1250 &
931 1213 1083 1262 quidem

103 1268 125 1306 ‘a
149 1269 340 1306 Romanis.
395 1267 571 1317 Cumque
600 1268 637 1305 ὅ(
665 1267 771 1315 hujus
799 1265 968 1313 exempla
995 1276 1084 1313 pro-

103 1318 298 1369 posuisset,
326 1318 419 1356 redit
446 1318 579 1356 deinde
608 1318 654 1355 ad
671 1317 890 1365 religionem
914 1315 1084 1353 observa—

101 1378 201 1415 tam3
241 1371 279 1408 &
307 1370 351 1408 ab
377 1371 508 1408 exteris
536 1369 700 1420 quidem.
728 1368 922 1405 VORST.
975 1368 1085 1405 Atta-

101 1433 191 1459 men
211 1433 355 1459 novum
375 1430 483 1470 caput
500 1421 559 1458 hic
578 1420 773 1459 ordiuntur
790 1430 868 1456 non
897 1417 1015 1455 solum
1045 1431 1084 1456 e-

103 1473 169 1510 diti
189 1480 272 1510 ante
289 1473 462 1521 Pighium
484 1484 637 1516 omnes,
664 1471 725 1508 sed
745 1471 857 1507 etiam
879 1469 985 1506 MSS.
1012 1482 1083 1507 no-

93 1524 147 1561 lui
165 1532 292 1561 tamen
312 1524 513 1573 quicquam
532 1533 675 1561 mutare
688 1551 698 1566 ,
716 1522 821 1559 satius
842 1520 978 1557 ducens
998 1520 1084 1558 fim-

99 1575 243 1624 pliciter
261 1575 335 1612 hoc
353 1574 502 1612 subinde
522 1574 750 1616 admonere,
777 1584 891 1621 quam
921 1573 1083 1620 capitum

102 1637 281 1663 numeros
299 1625 482 1663 mutando
502 1625 740 1674 allegationes
752 1622 983 1660 eruditorum
1003 1623 1087 1661 red-

104 1676 193 1714 dere
211 1676 473 1714 incertissimas.

150 1727 212 1776 98.
239 1727 288 1763 Ob
316 1729 402 1763 iram
425 1727 592 1776 Junonis]
623 1726 802 1764 Klokliius
820 1734 926 1763 notat
945 1727 982 1763 in
1002 1726 1084 1763 MS.

100 1777 176 1816 Bas.
195 1776 267 1816 effe
285 1779 327 1814 ab
347 1781 399 1814 ira
419 1779 587 1825 Junonis.

142 1831 210 1879 ⁶99.
239 1832 320 1866 Cum
350 1828 446 1866 ludos
468 1832 632 1879 Circenses
655 1827 775 1865 aedilis
787 1825 929 1876 faceret]
968 1827 1086 1865 Aedi-

100 1879 194 1918 lium
223 1881 404 1918 curulium
435 1890 512 1919 erat
537 1882 644 1919 ludos
679 1881 776 1916 Circ.
806 1880 939 1916 facere.
994 1880 1085 1916 Sunt

97 1939 224 1969 autem
252 1932 325 1967 ludi
347 1933 512 1981 Orc-enses
530 1959 540 1976 ‚
563 1933 626 1981 qui
644 1933 793 1969 Romae
811 1931 849 1967 in
871 1930 983 1968 Circo
1006 1943 1085 1968 ma-

99 1982 205 2020 ximo
229 1983 503 2021 exhibebantur.
558 1986 736 2030 Quorum
759 1981 936 2019 curricula
964 1981 1084 2019 solen-

98 2033 160 2070 nia
176 2034 314 2083 septem
335 2032 461 2079 fuisse,
490 2047 535 2073 ex
563 2035 736 2072 Varrone
763 2032 925 2083 prodidit
944 2033 1083 2070 Gellius

102 2095 186 2128 111,
211 2098 266 2122 10.
293 2087 489 2124 VORST.

152 2147 235 2172 roo.
265 2137 302 2172 In
329 2139 432 2183 'Jovis
457 2142 533 2187 opt.
557 2141 667 2174 Max.
688 2134 822 2187 templo]
856 2136 1027 2174 Schottus
1047 2138 1084 2174 in

98 2185 165 2222 suo
187 2185 269 2222 cod.
296 2198 364 2234 pro
383 2190 504 2237 templo
522 2189 656 2237 reperit
684 2193 795 2237 tensa,-
825 2196 865 2224 ut
892 2188 965 2236 ipse
995 2188 1082 2225 Obs.

101 2236 190 2271 hum
218 2249 255 2273 11
268 2249 300 2280 Ι,
313 2250 371 2286 30.
390 2239 549 2275 testatur.
576 2241 624 2276 Et
642 2239 724 2276 sane
744 2238 969 2276 vocabulum
990 2239 1082 2277 istud

100 2286 180 2323 satis
200 2288 533 2326 accommodatum
554 2290 602 2326 est
627 2289 714 2325 huic
739 2289 840 2325 loco.
892 2290 951 2325 Est
979 2290 1079 2325 enim

96 2341 189 2385 tensa
212 2338 424 2374 vehiculum
438 2365 448 2382 ‚
476 2350 553 2385 quo
573 2338 763 2374 simulacra
781 2339 954 2372 Deorum
976 2336 995 2372 e
1008 2338 1081 2373 Ca-

98 2388 233 2436 pitolio
255 2388 299 2425 ad
327 2387 433 2425 ludos
462 2387 649 2424 Circenses
676 2386 938 2435 portabantur,
966 2394 1005 2424 ut
1033 2399 1078 2424 ex

99 2438 206 2476 Festo
220 2468 230 2484 ‚
258 2440 424 2476 Asconio
443 2446 554 2488 atque
576 2438 704 2475 Servio
724 2437 801 2475 sciri
822 2437 948 2486 potest.
979 2438 1076 2475 Vide

97 2489 214 2527 rursus
244 2490 441 2528 Schottum
470 2488 658 2538 praediffto
685 2488 785 2526 loco.
840 2490 950 2525 Mens
969 2489 1077 2537 igitur

102 2540 243 2577 Valerii
262 2540 349 2578 effet
364 2570 373 2584 ‚
394 2540 498 2590 quod
515 2541 637 2578 Varro
656 2541 695 2577 in
713 2539 886 2577 vehiculo
905 2540 1008 2586 Jovis
1021 2541 1078 2584 ‚id

101 2591 172 2636 est,
201 2592 238 2628 in
266 2593 462 2637 vehiculo,
490 2604 566 2642 quo
594 2592 697 2639 Jovis
721 2592 834 2628 statua
862 2591 968 2629 vecta
997 2593 1078 2629 fue-

95 2644 164 2686 rit,
192 2643 407 2681 histrionem
436 2643 481 2681 ad
509 2643 677 2680 excubias
703 2642 880 2680 tenendas
907 2643 1076 2691 posuerit.

98 2694 297 2732 VORST.
325 2695 429 2742 Lege
455 2694 592 2743 thensa,
613 2693 716 2744 quod
741 2707 809 2743 pro
838 2696 961 2741 templa
986 2694 1078 2731 resti·

96 2744 169 2782 tuit
189 2745 305 2782 etiam
326 2746 375 2782 N.
396 2745 568 2783 Heinsius
588 2746 625 2781 in
643 2745 740 2782 notis
759 2746 909 2783 Graevii
931 2745 975 2783 ad
993 2745 1080 2783 Flo-

99 2807 184 2833 rum
204 2797 250 2834 L.
275 2809 330 2834 1v.
344 2810 375 2833 2.
397 2805 578 2834 extremo.
605 2798 746 2832 exuvias
768 2798 861 2843 'jovis
875 2803 955 2847 opt.
975 2800 1067 2833 Max

100 2856 290 2885 memorat
327 2848 424 2887 Suet.
451 2849 490 2886 in
516 2849 614 2898 Aug.
635 2848 678 2885 C.
699 2860 755 2895 94.
785 2849 821 2885 ἃ
848 2861 913 2897 per
939 2860 996 2887 eas
1025 2850 1080 2886 in—

102 2897 231 2946 telligit
250 2899 428 2938 Torrent.
457 2902 583 2950 Togam
609 2901 754 2947 piaam,
782 2899 819 2936 &
843 2912 986 2936 tumeam
1004 2902 1079 2950 pal-

102 2962 242 2986 matam.
278 2950 520 2989 PERIZON.
583 2951 643 2988 An
682 2950 729 2987 ἧς
755 2952 896 2987 exuvias
924 2952 1079 2990 Aeneae

101 3012 256 3050 quoque
277 3002 390 3039 vestes
403 3031 413 3047 ,
440 3014 527 3052 quas
557 3002 722 3040 thalamo
743 3001 900 3038 Didonis
921 3003 1078 3055 relique-

102 3059 181 3099 rat,
208 3060 321 3092 Vocat
347 3054 451 3103 Virg.
479 3055 525 3093 L.
557 3066 612 3094 1v.
640 3053 737 3092 Aen.
764 3053 849 3103 496.
876 3053 976 3102 651?

1955 927 2110 973 titium

1189 1069 1220 1095 1.
1256 1057 1463 1104 Histrionem
1488 1055 1535 1094 ad
1571 1057 1724 1094 excubias
1757 1055 1917 1093 tenendas
1948 1056 2120 1107 posutffet]

1135 1107 1342 1146 Histriones
1371 1109 1462 1146 olim
1489 1109 1648 1146 infames
1676 1106 1781 1145 fuisse
1801 1108 2012 1155 intelligitur
2032 1120 2077 1145 ex
2097 1109 2122 1146 l.

1141 1172 1171 1196 1.
1201 1161 1238 1196 ὃς
1267 1172 1299 1196 2.
1328 1161 1376 1197 D.
1414 1159 1460 1196 de
1488 1160 1541 1196 his
1569 1160 1632 1208 qui
1658 1160 1812 1196 infamia
1839 1166 2039 1202 notantur;
2070 1170 2118 1196 ex

1138 1210 1290 1258 Nepote
1304 1239 1314 1254 ‚
1342 1212 1381 1248 ὃς
1402 1211 1488 1248 aliis.
1537 1210 1656 1258 Quod
1673 1211 1780 1258 igitur
1798 1211 1920 1247 Varro
1940 1209 1986 1247 ad
2007 1221 2120 1248 excu-

1137 1260 1212 1297 bias
1238 1260 1415 1298 tenendas
1442 1261 1656 1298 histrionem
1686 1262 1827 1309 posuit,
1856 1261 1893 1298 id
1918 1261 1955 1298 in
1984 1268 2119 1298 contu-

1136 1312 1287 1349 meliam
1307 1312 1411 1359 Jovis
1430 1311 1569 1349 factum
1590 1311 1706 1349 videri
1726 1320 1883 1360 poterat.
1919 1313 1979 1348 De
1999 1311 2119 1360 phi-ast

1134 1363 1291 1400 excubias
1320 1375 1449 1406 tenere,
1473 1362 1593 1412 deque
1620 1363 1686 1400 isto
1716 1363 1816 1400 verbi
1834 1376 1950 1411 ponere
1968 1363 2053 1407 usu,
2080 1363 2120 1400 in

1134 1414 1194 1450 lib.
1223 1414 1268 1451 de
1298 1415 1449 1451 Latinit.
1478 1414 1567 1451 fallo
1594 1413 1682 1462 susp.
1709 1426 1743 1462 p.
1773 1413 1833 1463 83.
1863 1415 1900 1451 ὃς
1933 1425 2014 1462 153.
2043 1414 2119 1461 egi-

1135 1477 1228 1502 mus.
1266 1465 1546 1503 VORSTIUS.

1137 1517 1335 1554 GUYET.
1389 1518 1490 1554 Vera
1509 1516 1717 1564 explicatio.
1769 1514 1832 1552 Ad
1859 1516 1935 1552 hoc
1961 1515 2118 1553 verbum

1137 1568 1241 1616 quod
1267 1580 1346 1606 non
1382 1567 1562 1605 intellexit
1589 1567 1745 1615 pueriles
1782 1574 1889 1604 notas
1916 1573 1978 1603 aut
2004 1577 2119 1614 nugas

1135 1619 1258 1667 potius
1278 1619 1413 1656 effutiit
1433 1618 1706 1656 consarcinator
1728 1616 1901 1666 Thyfius.
1946 1616 2121 1656 Debebat

1137 1670 1257 1718 pueris
1276 1670 1453 1708 latentem
1474 1671 1552 1707 vim
1575 1670 1613 1706 ὃς
1631 1668 1770 1706 sensum
1794 1669 1896 1706 vocis
1910 1697 1920 1712 ‚
1947 1682 2026 1707 non
2048 1671 2121 1707 ori-

1135 1722 1262 1769 ginem
1284 1721 1465 1770 explicare
1478 1735 1487 1763 ;
1502 1719 1560 1757 sed
1580 1719 1718 1770 ubique
1730 1719 1931 1757 istiusmodi
1953 1721 2123 1759 cucurbi-

1134 1781 1187 1810 tas
1214 1773 1342 1821 pingit.
1370 1771 1585 1809 GUDIUS.

1184 1836 1218 1860 2.
1247 1827 1330 1860 Cum
1358 1824 1484 1860 Potitii
1495 1825 1666 1872 sacrorum
1687 1819 1814 1870 ritum]
1850 1821 1980 1871 Virgil.
2001 1828 2119 1862 vrrrss

1136 1875 1235 1912 Aen.

1545 1954 1745 2003 Primnfilue
1767 1952 1917 1988 Potitius
1934 1951 2075 1996 ιιιιέῖονζ

1190 2008 1234 2043 Et
1252 2005 1366 2041 domus
1393 2006 1548 2041 Herculei
1566 2007 1666 2052 custos
1688 2005 1827 2040 Pinaria
1840 2005 1952 2051 [ιτα-ι’,

1184 2059 1288 2092 Hanc
1304 2070 1402 2092 aram
1427 2057 1496 2092 loco
1511 2058 1651 2104 statuit.

1138 2137 1282 2176 Festus:
1311 2139 1473 2175 Potitium
1493 2146 1537 2173 (9⁹
1567 2138 1745 2175 Pinarium
1766 2140 1929 2175 Hercules
1945 2167 1955 2182 ,
1987 2152 2059 2175 cum
2077 2136 2122 2173 aa!

1135 2203 1253 2233 aram,
1276 2204 1361 2239 quae
1380 2188 1539 2238 hodieque
1559 2192 1709 2226 maxima
1729 2192 1942 2240 appellatur,
1965 2189 2124 2225 decimam

1133 2239 1251 2284 boum,
1274 2255 1356 2289 quos
1377 2240 1396 2276 Σι
1426 2244 1574 2287 Geryone
1591 2240 1749 2277 abdnc'sos
1765 2241 1922 2291 abigebat
1941 2246 2068 2291 :Argffl
2086 2242 2123 2276 im

1128 2292 1301 2338 patriam,
1319 2291 1521 2338 profiwaſji’t
1535 2315 1544 2331 ,
1560 2305 1668 2340 genus
1681 2293 1840 2338 sacrificii
1854 2292 1989 2328 edocuit,
2025 2293 2119 2340 Qae

1125 2341 1267 2383 familia
1286 2347 1330 2374 (9⁹
1347 2343 1468 2387 posteri
1486 2345 1556 2388 ejus
1582 2355 1646 2377 non
1671 2341 1844 2390 defuerunt
1875 2343 2120 2380 decumantibus

1130 2392 1233 2438 usque
1250 2388 1296 2426 ad
1308 2392 1468 2439 fflppium
1480 2389 1658 2427 Claudium
1675 2395 1854 2440 censorem,
1874 2395 1934 2444 qui
1953 2396 2118 2445 quinqua-

1124 2443 1227 2490 ginta
1247 2442 1357 2476 millia
1376 2443 1464 2476 aeris
1478 2444 1600 2492 gravis
1620 2442 1669 2478 ῥίς
1688 2442 1777 2479 dedit
1790 2472 1800 2486 ‚
1823 2456 1861 2479 ut
1874 2448 1990 2492 servos
2007 2445 2118 2492 puhli-

1130 2505 1179 2527 cos
1200 2490 1363 2528 edocerent
1382 2494 1482 2527 ritum
1495 2493 1719 2540 sacrtficandi.
1772 2496 1844 2542 Qffl
1857 2497 1951 2542 faesio
1967 2497 2110 2536 Potitii,

1131 2557 1199 2578 cum
1217 2543 1311 2590 effent
1333 2557 1390 2578 eae
1403 2545 1563 2589 familiae
1586 2548 1597 2590 ζ
1610 2544 1657 2581 fic
1685 2546 1785 2582 enim
1806 2546 2002 2594 legendum
2025 2557 2110 2582 cen-

1128 2594 1181 2630 set
1209 2593 1389 2642 Scaliger)
1420 2609 1551 2631 numero
1568 2594 1758 2640 duodecim,
1783 2613 1888 2633 omnes
1914 2599 2110 2632 interierunt

1128 2646 1220 2681 intra
1248 2646 1450 2696 trigefimum
1476 2645 1577 2684 diem.
1649 2648 1820 2698 Amplius
1855 2648 1962 2695 igitur
1988 2646 2109 2683 Festus

1131 2708 1243 2746 quam
1264 2697 1432 2734 Valerius
1459 2697 1590 2742 habet;
1621 2699 1726 2749 quod
1752 2700 1842 2735 intra
1871 2698 1967 2734 diem
1997 2698 2107 2745 trige=

1131 2747 1264 2785 fimum
1280 2777 1290 2792 ‚
1318 2748 1534 2798 &quidem
1565 2750 1774 2793 universos,
1800 2747 1970 2785 interiissc
1999 2748 2108 2791 dicit;

1134 2810 1219 2835 cum
1241 2798 1409 2837 Valerius
1428 2799 1522 2837 intra
1549 2813 1686 2838 annum
1701 2829 1710 2843 ‚
1740 2801 1776 2836 δε
1797 2812 1936 2848 prope,
1963 2811 2106 2837 nomen

1133 2850 1313 2888 Potitium
1341 2850 1512 2888 interiisse
1540 2851 1647 2888 dicat.
1675 2852 1869 2889 VORST.

1186 2914 1217 2951 3.
1246 2907 1396 2939 Numero
1411 2905 1512 2953 super
1535 2902 1702 2951 XXX]
1732 2902 1857 2940 Heius.
1878 2903 1986 2939 Prim.
2008 2900 2105 2938 delet

1131 2967 1275 2989 numero.
1299 2965 1392 2991 unus
1412 2954 1592 2991 Dtmcens.
1612 2956 1705 3003 super
1726 2959 1830 2990 N'taem.
1860 2953 2006 2990 XXX.

1181 3016 1215 3049 4.
1244 3007 1339 3041 Intra
1362 3003 1501 3052 annum]
1542 3005 1680 3042 Festus:
1719 3006 1809 3041 intra
1840 3005 1938 3041 diem
1966 3002 2104 3055 trigesi-

1133 3066 1251 3095 mum.
1265 3056 1509 3095 cumValerio
1519 3056 1625 3094 sentit
1637 3056 1779 3094 Servius
1791 3055 1836 3094 ad
1848 3055 2104 3093 x·111.Aeneid.

1716 3106 1752 3144 D
1778 3117 1801 3142 2
2067 3109 2107 3142 leo

2124 838 2313 868 Sennium

2125 883 2205 908 Aen.
2243 886 2312 911 {790

2127 930 2196 955 297.
2225 918 2333 948 Vic'to:

2125 961 2157 992 in
2173 960 2281 1001 Appio

2129 1005 2275 1036 censore.

1612 1466 1812 1512 Histrio-:em
1843 1464 1880 1501 id
1908 1464 1955 1500 est
1983 1464 2143 1501 κίνκιὸον-
