2516 3509
377 80 498 140 DE
543 77 856 142 VAFRE
903 79 1226 142 DICTIS
1275 80 1475 145 'AU'r
1528 83 1893 154 FAGT15.·
2015 96 2130 172 649

193 187 282 237 His
310 200 406 234 uno
439 182 617 249 adjeosto
649 182 829 232 levioris
861 197 997 234 notae
1028 188 1242 252 exemplo
1263 221 1281 248 ‚
1331 185 1381 216 ⁶⁰
1425 187 1482 236 ad
1513 204 1701 239 externa
1732 207 1985 244 convertar.
2052 199 2122 246 A·
2205 209 2263 243 ιο.

129 266 422 316 mantiffimus
455 264 639 330 quidam
673 264 796 324 filii,
852 282 962 314 cum
995 282 1099 314 eum
1134 267 1400 317 inconceffis
1433 284 1486 317 ac
1518 271 1785 333 periculosis
1823 274 1998 324 facibus
2041 293 2118 326 ac·
2146 282 2148 284 ’

130 346 339 407 censum,
373 344 414 375 ⁶¹
454 347 510 395 ab
543 346 690 394 insana
720 346 972 412 cupiditate
1005 348 1211 396 inhibere
1241 348 1405 409 vellet,
1438 349 1479 376 ⁶²
1504 347 1665 397 salubri
1699 352 1890 400 consilio
1925 357 2119 418 patriam

130 426 459 492 indulgentiam
494 427 776 492 temperavit.
843 427 984 474 Petiit
1016 430 1138 475 enim
1171 441 1226 476 ut
1258 429 1382 492 prius
1415 445 1552 492 quarn
1586 428 1643 476 ad
1675 443 1800 488 eam,
1841 447 1978 496 quam
2011 433 2116 480 dili-

127 508 291 572 gebat,
327 508 436 567 iret,
471 508 645 572 vulgari
678 523 729 554 ac
763 507 970 572 permista
1004 509 1184 557 Venere
1218 521 1437 557 uteretur.
1503 509 1651 574 Cujus
1686 511 1896 574 precibus
1930 514 2120 564 obsecu-

129 599 201 634 tus
234 584 510 646 adolescens,
532 585 776 633 ⁶³infelicis
810 587 851 622 ⁶⁴
863 588 998 633 animi
1031 588 1258 651 impetum
1292 587 1491 637 satietate
1525 589 1800 637 concubitus
1833 591 2009 642 licentis
2042 610 2112 642 re-

128 664 352 724 solutum,
386 664 441 711 ad
473 663 548 724 id,
581 664 707 728 quod
740 681 833 712 non
865 666 1053 726 licebat,
1087 667 1330 718 tardiorem
1363 670 1707 734 pigrioremque
1738 669 1959 734 afferens,
2003 691 2117 739 pau-

134 743 258 791 latim
294 743 516 809 deposuit.

886 875 1359 924 Ex'rERNA.

195 1000 319 1048 Cum
353 1000 610 1048 Alexander
642 1002 956 1049 Macedonum
989 1018 1068 1050 rex
1101 1003 1219 1052 sorte
1238 1006 1464 1066 monitus,
1499 1019 1552 1054 ut
1576 1023 1709 1069 eum,
1738 1011 1815 1074 qui
1838 1009 1921 1058 fibi
1944 1012 1981 1046 ⁶⁵
2006 1029 2114 1078 por·
2207 1027 2246 1072 {g

130 1092 176 1125 ta
221 1079 392 1143 egreffo
439 1082 609 1143 primus
655 1081 918 1129 occurrisset
939 1115 956 1142 ‚
1011 1083 1209 1132 interfici
1248 1086 1430 1148 juberet
1451 1109 1469 1146 5
1517 1087 1558 1114 ⁶⁶
1591 1087 1825 1139 afinarium
1857 1090 1976 1140 forte
2008 1106 2113 1142 ante

1957 1189 2114 1223 omness

133 1291 211 1329 Ubi
239 1299 346 1330 antea
375 1304 529 1343 quoque
556 1292 680 1345 effusae
708 1294 906 1346 legebatur.
936 1297 1037 1336 Vide
1057 1310 1101 1337 0-

132 1343 266 1380 mnino
296 1344 395 1381 Nob.
435 1344 630 1383 Heinfium
653 1374 664 1392 ,
701 1347 738 1384 &
768 1348 826 1386 Cl.
855 1348 1029 1388 Burman.
1054 1350 1102 1390 ad

132 1392 268 1430 Phaed.
298 1395 344 1432 L.
375 1407 429 1433 11.
452 1409 484 1441 4.
516 1409 571 1435 11.

231 1446 367 1481 Terrore
396 1444 524 1495 offuso,
554 1455 599 1482 Ψ
614 1446 818 1496 perturbatis
835 1449 995 1497 sensibus.

186 1494 245 1542 58.
274 1494 415 1531 Perinde
433 1510 469 1532 ac
488 1497 650 1545 publicum
674 1500 890 1544 minist-eriam
907 1500 1028 1552 agens]
1042 1502 1102 1540 Sic

134 1543 302 1593 Pighius;
336 1554 442 1584 antea
470 1545 656 1595 legebatur
687 1548 823 1597 perinde
858 1560 895 1586 ut
926 1552 1105 1599 publicum.

136 1595 240 1643 quod
264 1596 300 1632 in
323 1596 419 1645 Cop.
442 1598 544 1635 Harl.
573 1599 676 1635 Barb.
703 1600 809 1648 prim.
839 1600 945 1639 Leid.
971 1603 1040 1641 sec.
1065 1606 1104 1642 &

134 1645 265 1695 Ultraj.
291 1646 359 1684 sec.
385 1647 522 1686 exstare
549 1649 672 1688 video.
695 1650 784 1689 Ter.
807 1651 946 1690 Heaut.
971 1652 1040 1691 aet.
1070 1667 1103 1693 1.

134 1708 169 1734 z.
197 1708 255 1733 21.

177 1750 315 1797 ‚Atque
341 1747 417 1785 baec
440 1748 576 1797 perinde
593 1752 676 1798 fiant
696 1776 708 1794 ,
751 1761 790 1789 ut
819 1753 916 1789 illius
946 1755 1100 1802 animus,

133 1846 172 1885 &
193 1845 239 1885 fic
256 1799 661 1896 siqgiieegtiiioriiffigticero.

177 1910 238 1946 59.
262 1901 520 1949 Proflriptorum
541 1901 750 1953 profugium]
790 1904 956 1952 Quidam
988 1905 1092 1943 Codi-

129 1958 212 1991 ces,
248 1950 417 1998 interque
445 1952 513 1989 hos
538 1965 631 1991 unus
655 1954 788 1993 Brand.
821 1955 957 1993 habent
978 1959 1093 2004 perfu-

122 1999 618 2100 {telif'i-ssrigriioliiabfecbratisgiiaffi
641 2004 775 2102 ἔξέξέῑς
800 2005 1092 2104 ggbdvssilss'g:

125 2100 347 2137 vertendum
370 2102 521 2140 notabat
531 2103 755 2142 Perizonius.
777 2106 867 2142 item
883 2106 1086 2145 Leid.sext.

125 2151 288 2199 refugium
321 2151 426 2189 Leid.
468 2152 539 2190 sec.
571 2155 667 2192 Mihi
698 2158 889 2205 perfugium
929 2158 1088 2196 omnino

123 2202 299 2248 probatur
321 2226 332 2244 ‚
379 2203 458 2239 Cic.
495 2203 541 2240 L.
572 2217 602 2242 1.
638 2206 749 2243 Tusc.
786 2206 933 2255 Quaest.
972 2219 1005 2244 c.
1027 2220 1087 2255 49.

1203 1299 1263 1338 62.
1287 1298 1427 1338 salubri
1454 1299 1603 1351 confilio]
1633 1300 1677 1341 In
1700 1301 1962 1343 Wincheliano
1981 1306 2019 1344 &
2037 1306 2117 1345 Co-

1150 1347 1327 1396 loniensi,
1355 1351 1508 1388 salubris
1527 1354 1653 1400 confilii
1673 1355 2118 1401 astutia.Melius.PIGH.

1150 1402 1303 1438 Salubris
1333 1403 1460 1448 consilii
1483 1405 1624 1448 astutia.
1651 1403 1795 1453 Scripslt
1821 1405 1870 1442 ita
1892 1406 2037 1454 Pighius
2067 1421 2115 1448 ex

1152 1452 1236 1490 cod.
1273 1452 1537 1491 Wincheliano
1569 1455 1608 1492 δε
1636 1454 1863 1493 Coloniensi.
1914 1457 2116 1508 Antiquio-

1153 1513 1208 1540 res
1228 1503 1322 1552 typis
1342 1503 1517 1552 expreffi,
1535 1504 1670 1552 salubri
1697 1505 1853 1553 confilio:
1879 1505 1918 1544 id
1943 1509 2047 1556 quod
2073 1511 2113 1548 in

1153 1561 1315 1603 utroque
1334 1556 1446 1592 etiam
1467 1554 1551 1592 cod.
1577 1554 1706 1593 Brand.
1734 1556 1902 1595 observo.
1920 1558 2115 1599 VORST.

1153 1603 1290 1641 Salubri
1318 1605 1452 1652 confilio
1471 1605 1609 1643 habent
1637 1605 1834 1645 duodecim
1869 1607 1980 1647 nostri
2006 1610 2114 1650 MSS.

1155 1654 1195 1691 δε
1215 1665 1347 1692 omnes
1375 1656 1568 1694 editiones.
1618 1656 1723 1706 Quid
1749 1656 1935 1704 obstabat,
1965 1662 2115 1710 quomi-

1152 1714 1221 1741 nus
1246 1705 1520 1744 restitueretur?

1201 1755 1261 1804 63.
1289 1758 1457 1802 Infelicem
1483 1757 1592 1794 animi
1618 1756 1792 1809 impetum]
1833 1757 1888 1796 Ita
1918 1759 2032 1799 rursus
2053 1761 2117 1801 Pie*

1146 1804 1252 1853 ghius
1282 1804 1303 1843 ὲ
1330 1807 1523 1856 praedietis
1552 1807 1662 1846 codd.
1716 1808 1760 1846 In
1791 1808 1867 1847 aliis
1895 1810 1943 1849 est
1971 1812 2113 1857 infelicis

1144 1870 1201 1892 an.
1225 1858 1393 1906 impetum.
1411 1858 1606 1898 VORST.
1634 1860 1780 1897 Interea
1799 1868 1925 1898 tamen
1943 1860 1981 1898 in
2003 1864 2117 1908 meis.

1144 1916 1326 1956 quantum
1346 1908 1481 1953 video,
1509 1910 1707 1955 omnibus,
1733 1910 1802 1956 est,
1831 1911 1973 1961 infelicis
1990 1915 2117 1962 animi„

1144 1957 1249 2006 quod
1268 1957 1355 1996 ideo
1377 1961 1563 1998 revocavi.

1196 2008 1255 2054 64.
1290 2011 1440 2056 Infelicis
1470 2013 1576 2048 animi
1607 2013 1765 2062 impetum
1788 2011 1952 2059 satietate
1978 2015 2110 2053 licentis

1137 2059 1326 2096 concubitus
1352 2061 1548 2112 resolutum]
1585 2062 1797 2112 Elegantius
1822 2063 1860 2100 in
1887 2063 2015 2103 iisdem
2042 2077 2109 2104 coo

1141 2107 1302 2151 dicibus‚
1339 2114 1507 2157 Infelicem
1534 2116 1640 2150 animi
1670 2117 1825 2161 impetum
1845 2117 2010 2160 satietate
2037 2131 2108 2154 con-

1138 2159 1266 2197 cubitus
1299 2163 1386 2200 liciti
1411 2165 1601 2211 resolutum.
1628 2164 1767 2201 PIGH.
1802 2166 1967 2201 Satietate
1994 2181 2112 2204 concuo

1137 2209 1226 2246 bitus
1256 2213 1354 2250 liciti.
1381 2213 1429 2250 Et
1454 2214 1529 2251 hoc
1548 2225 1593 2251 ex
1612 2213 1804 2263 praedietis
1824 2214 1980 2263 Pighius.
2006 2218 2104 2262 Alii,

121 2252 261 2288 Portum
285 2254 393 2299 potius
418 2265 573 2301 paratum
603 2255 694 2291 nobis
712 2264 759 2291 <9⁶
774 2260 966 2308 perfugium
993 2270 1087 2305 pute·
1128 2263 1294 2307 satietate
1320 2264 1449 2300 licentis
1473 2265 1658 2301 concubitus
1675 2279 1687 2301 .·
1729 2274 1770 2302 ut
1800 2266 1900 2302 licens
1929 2267 2029 2305 idem
2061 2267 2104 2306 fit

123 2315 207 2338 mus.
258 2303 333 2339 Ubi
354 2303 541 2341 Victorius
567 2317 720 2355 quoque
742 2309 932 2357 profugium
962 2308 1087 2347 edidit.

125 2350 197 2388 Sed
220 2355 404 2404 perfugium
429 2355 565 2392 habent
591 2356 670 2393 libri
700 2356 849 2395 Gruteri
876 2359 915 2395 ὃς
936 2359 1085 2397 Davifii.

126 2401 301 2440 Similiter
323 2416 390 2452 pro
410 2405 569 2442 Caecina
597 2418 627 2443 c.
643 2418 699 2456 34.
728 2410 880 2444 Exilium
899 2410 1000 2445 etiam
1021 2426 1087 2447 non

113 2454 314 2499 supplicium
342 2458 407 2501 est,
426 2455 487 2501 sed
508 2459 696 2506 perfugium
719 2462 898 2507 portusque
917 2462 1086 2508 supplicii.

124 2501 185 2588 ulbi
201 2503 258 2590 allii
275 2507 469 2560 grofugium
486 2506 673 2555 legerunt,
701 2509 1025 2559 quemadmodum
1047 2513 1086 2551 &

125 2563 200 2589 ans
239 2566 324 2592 ocis.

172 2603 234 2641 60.
261 2604 338 2642 „Ad
360 2620 498 2645 externa
528 2607 720 2658 conwertar]
751 2610 857 2648 MSS.
884 2610 1084 2651 duodecim

126 2664 211 2691 cum
241 2654 335 2692 Edd.
362 2668 447 2696 ante
466 2660 635 2707 Pighjum
663 2673 824 2698 revertar.
851 2662 953 2711 quod
982 2662 1086 2700 vide-

126 2711 185 2742 tur
206 2713 331 2743 ortum
358 2717 402 2745 ex
423 2709 603 2754 devertar,
632 2718 670 2748 ut
691 2711 738 2748 est
759 2712 795 2748 in
815 2712 922 2752 Leid.
950 2714 1083 2761 primo.

171 2756 231 2793 61.
258 2756 333 2795 „Ab
357 2759 475 2805 infhna
505 2760 686 2810 cup'ditate
712 2761 857 2798 inhibere
887 2763 1010 2813 wellet]
1035 2765 1088 2802 Si-

123 2805 260 2843 militer
297 2806 386 2845 olim
426 2809 613 2858 legebatur
644 2823 742 2860 pater
785 2812 929 2850 inhibere
962 2817 1086 2858 vellet,

125 2857 231 2904 quod
255 2858 410 2896 invenio
439 2860 476 2897 in
507 2862 612 2899 MSS.
649 2873 802 2900 novem.
831 2866 984 2902 Patriam
1010 2878 1089 2904 era·

123 2906 202 2944 sum
235 2908 283 2945 est
313 2910 352 2949 in
383 2909 518 2962 Copes.
550 2912 610 2952 alii
633 2914 808 2965 petriam,
834 2914 894 2955 alii
907 2927 1090 2969 paternam

121 2957 309 3009 exhibent.

1137 2311 1239 2359 quod
1259 2314 1383 2351 licitus.
1410 2314 1604 2353 VORST.
1633 2315 1757 2353 Etiam
1783 2315 1844 2353 hic
1875 2328 2004 2355 omnes
2024 2318 2100 2356 mei

1136 2362 1268 2397 licentis
1308 2363 1456 2403 habent.
1501 2365 1606 2415 supra
1646 2366 1692 2403 L.
1727 2379 1788 2404 vr.
1824 2379 1858 2413 4.
1896 2380 1927 2404 z.
1971 2375 2104 2418 ‘Aeque

1136 2414 1262 2449 malam
1287 2414 1418 2451 licentis
1448 2417 1579 2466 imperii
1608 2420 1800 2466 magistram
1830 2416 1983 2466 judicans
2038 2420 2101 2454 Li-

1135 2465 1237 2499 centis
1264 2463 1334 2509 est,
1357 2466 1394 2504 in
1416 2478 1493 2515 quo
1515 2467 1629 2505 animi
1648 2468 1700 2506 sui
1719 2467 1857 2506 libidini
1879 2479 1962 2505 cum
1978 2468 2097 2516 licen.-¹

1137 2515 1184 2551 tia
1202 2513 1320 2562 poffet
1336 2516 1538 2566 indulgere.
2099 2569 2101 2573 ι

1186 2565 1245 2613 6ς.
1275 2567 1375 2603 Porta
1396 2568 1534 2618 egreffo]
1556 2568 1688 2617 Ultraj.
1708 2569 1812 2617 prim.
1837 2571 1971 2605 Portam
1989 2567 2098 2619 egres-

1126 2617 1168 2662 Jb
1182 2640 1192 2657 ‚
1220 2617 1259 2654 ὅ(
1279 2615 1328 2654 fic
1355 2619 1466 2656 habet
1487 2619 1590 2658 Med.
1617 2621 1723 2668 prim.
1762 2617 1831 2654 Sed
1853 2618 1923 2654 alio
1945 2617 2033 2655 loco
2054 2619 2095 2657 in

1135 2665 1236 2704 hunc
1261 2666 1434 2708 modum.
1455 2673 1555 2707 Forte
1578 2682 1656 2707 ante
1676 2682 1781 2705 omnes
1810 2666 1942 2703 obvium
1960 2678 2099 2718 portam

1138 2717 1256 2768 egreffi'
1274 2719 1418 2765 ‚facium

1188 2769 1249 2805 66.
1276 2769 1490 2817 ‘Asinarium
1510 2773 1600 2817 forte
1618 2768 1686 2814 fibi
1711 2766 1842 2803 obviam
1855 2766 1999 2818 sallum]
2016 2766 2103 2809 Ple-³

1139 2818 1219 2856 nius
1247 2821 1286 2857 in
1314 2820 1565 2864 Atrebatenfi‚
1598 2817 1834 2862 Coloniensi,
1857 2817 2031 2866 Sufiano,
2058 2832 2101 2859 a·-

1139 2869 1287 2918 Iiisque;
1317 2873 1530 2918 Asinariam
1553 2873 1638 2915 forte
1662 2880 1742 2916 ante
1758 2883 1865 2905 omnes
1885 2870 2017 2907 ebriam
2036 2874 2103 2917 [ιζ

1141 2922 1240 2957 aum.
1271 2921 1412 2962 PIGH.
1451 2921 1663 2969 Asinariam
1684 2922 1775 2965 sorte
1802 2932 1882 2956 ame
1909 2934 2016 2957 omnes
2039 2920 2100 2958 ob-

1138 2973 1235 3010 viam
1257 2973 1402 3029 sassum·
1459 2973 1585 3011 Voces
1617 2980 1698 3007 ante
1721 2984 1830 3008 omnes
1864 2971 2012 3010 restituit
2036 2970 2100 3027 ᾙί-

1423 3040 1430 3045 »
1458 3020 1462 3023 ’
1621 3022 1726 3060 Nnn
1759 3031 1785 3060 n
1986 3021 2100 3073 'ghius
