2387 3421
349 82 1065 150 DEDICATIONES
1119 80 1239 136 ET
1295 75 2008 136 PRAEFATIONES.

76 213 290 271 decorus,
322 210 541 258 brevitate
575 202 850 258 concinnus,
881 216 933 247 ac
965 200 1078 246 mira
1109 199 1323 246 varietate
1355 208 1507 258 gratus
1543 194 1714 256 ubique
1745 193 1982 256 reperitur.
2050 195 2106 244 N
2109 214 2170 244 on
2191 201 2277 246 mi-

78 296 178 326 rum
211 278 376 340 igitur,
411 269 532 334 quod
565 267 626 313 ob
653 267 873 313 summam
906 265 1151 312 utilitatem
1185 276 1317 325 atque
1349 260 1619 323 elegantiam
1652 259 1728 303 hic
1762 257 1874 304 liber
1899 270 1973 305 tot
2001 261 2095 323 jam
2128 263 2280 311 saecu-

80 346 132 389 lis
167 341 326 388 aslidue
358 341 401 382 in
434 333 636 380 manibus
671 332 911 377 hominum
943 329 1172 377 versetur:
1221 344 1313 373 non
1349 338 1525 370 tantum
1561 325 1607 369 in
1640 322 1802 369 scholis
1833 324 2036 371 literariis
2059 360 2073 384 ‚
2117 344 2276 376 verum

81 409 214 452 etiam
251 407 294 449 in
327 401 470 451 curia,
499 398 629 455 soro,
668 397 812 442 castris
851 395 1056 458 Frequens
1092 393 1171 440 fit:
1209 392 1333 438 domi
1366 391 1477 435 item
1508 388 1764 446 familiaris,
1800 404 1935 451 atque
1964 390 2009 434 in
2042 392 2279 440 itineribus

82 468 419 528 quibuscunque
454 478 694 526 promptus
725 461 951 522 suavisque
990 460 1112 523 saepe
1142 473 1308 504 comes.
1374 455 1466 502 Sed
1499 454 1609 500 adeo
1645 454 1824 500 attritus
1859 452 1936 499 usu
1971 456 2115 502 nimio
2144 470 2279 521 atque

82 521 373 592 consumptus
406 530 468 574 est
491 561 505 585 ,
542 541 677 589 atque
706 527 869 588 injuria
901 540 1165 588 temporum
1201 522 1317 569 male
1349 520 1565 565 multatus
1585 553 1600 577 ,
1646 532 1698 564 ut
1731 520 1810 563 vix
1846 518 1909 564 sui
1946 518 2097 567 similis
2130 523 2279 570 videa-

82 613 178 644 tur:
226 597 371 640 immo
405 593 435 639 fi
469 593 557 655 ipse
591 609 710 637 nunc
744 591 798 636 ab
829 589 980 636 inferis
1013 590 1260 652 resurgeret
1280 621 1295 645 ,
1341 586 1461 631 hunc
1496 583 1624 630 suum
1660 582 1837 629 foetum
1875 585 1953 631 vix
1984 585 2286 651 agnosceret3

81 677 174 708 non
207 662 349 724 magis
383 675 516 722 quam
538 658 736 714 Aeneas,
773 672 878 701 cum
915 655 1035 718 apud
1069 654 1261 712 inferos,

694 773 941 818 Priamiden
975 773 1178 818 laniatum
1210 783 1368 828 corpore
1398 778 1482 813 toto

522 839 776 898 Deiphobum
808 838 918 883 vidit
950 839 1129 882 lacerum
1163 835 1381 881 crudeliter
1417 849 1516 888 ora,

517 906 637 961 Ora,
671 901 893 963 manusque
922 903 1090 958 ambas,
1118 902 1394 959 populataque
1424 908 1606 956 tempora
1639 899 1775 956 raptis

519 969 712 1013 Auribus
732 1000 746 1023 ‚
791 967 844 1017 {9³
879 977 1046 1013 trancas
1076 964 1276 1024 inhonesto
1306 965 1477 1008 vulnere
1511 977 1656 1019 nares,

520 1036 604 1078 Vix
637 1033 735 1078 adeo
768 1035 954 1093 agnovit.

80 1158 197 1205 Non
226 1154 375 1201 minus
410 1148 486 1195 hic
529 1149 688 1196 auelor
721 1147 1036 1195 celeberrimus
1068 1144 1211 1209 vulgo
1246 1143 1570 1191 circumfertur
1602 1143 1734 1191 foede
1763 1143 1979 1191 laceratus
2004 1179 2018 1204 ‚
2066 1147 2279 1210 mutilus,

79 1239 130 1268 ac
164 1221 441 1283 depravatus.
507 1215 636 1260 Nam
669 1213 925 1277 frequenter
958 1210 1198 1273 rescriptus
1230 1224 1366 1273 atque
1399 1221 1601 1255 mutatus
1634 1210 1824 1256 infelicis
1851 1208 2011 1256 saeculi
2042 1211 2282 1276 superioris

81 1286 328 1332 barbariem
359 1277 478 1326 haud
514 1280 741 1325 modicam
774 1277 1034 1330 contraxit3
1071 1289 1122 1320 ut
1157 1274 1392 1321 emunetae
1424 1274 1538 1318 naris
1566 1274 1773 1321 homines
1807 1273 1932 1338 saepe
1966 1276 2154 1341 culpent
2189 1278 2303 1342 sty-·

77 1352 171 1396 lum
203 1352 324 1413 ejus,
357 1358 491 1405 atque
518 1344 706 1391 Latinae
741 1342 988 1390 locutionis
1025 1341 1269 1401 puritatem
1307 1341 1354 1385 in
1384 1354 1439 1383 eo
1472 1336 1735 1385 defiderent.
1804 1340 1868 1385 Et
1899 1340 2082 1401 quidem
2118 1344 2279 1389 imme-

80 1416 197 1474 rito,
233 1428 340 1459 cum
374 1409 690 1470 antiquitatem
726 1407 882 1455 saeculi
916 1406 979 1452 sui
1013 1406 1242 1452 venustam
1280 1418 1405 1451 totus
1440 1402 1653 1449 redoleat.
1721 1404 1867 1462 Quod
1897 1405 1928 1451 fi
1961 1408 2174 1470 cuiquam
2210 1409 2278 1454 vi-

81 1479 177 1525 sum
218 1477 354 1524 fuerit
385 1473 547 1535 scripta
579 1475 752 1536 aliquot
782 1471 1053 1534 exemplaria
1087 1471 1318 1528 conferre,
1363 1468 1550 1531 pedibus
1582 1467 1710 1532 spero
1749 1470 1899 1515 veniet
1934 1471 1979 1515 in
2014 1470 2278 1518 sententiam

81 1560 256 1602 meam,
291 1541 337 1587 ὃς
360 1537 553 1601 quisquis
588 1538 794 1584 resederit
829 1537 948 1600 apud
984 1536 1107 1581 hunc
1142 1537 1346 1600 impurus
1376 1533 1593 1580 barbariei
1622 1535 1799 1591 foetor,
1835 1551 1929 1580 non
1961 1535 2094 1598 ipsius
2124 1537 2280 1584 wasto-

81 1611 138 1655 ris
170 1607 254 1653 esse
283 1603 522 1670 judicabit.
591 1606 717 1651 Nam
751 1603 869 1648 varie
904 1601 1231 1664 interpolatum
1266 1599 1521 1662 intelliget,
1557 1598 1898 1662 turpissimeque
1927 1600 2277 1663 conspurcatum

82 1672 317 1736 plusquam
353 1668 597 1732 puerilibus
630 1668 873 1714 sciolorum
897 1667 1304 1724 annotatiunculis‚
1342 1665 1387 1710 &
1411 1665 1736 1727 inelegantium
1772 1664 2187 1729 ludimagistrorum
2212 1667 2281 1713 di-

80 1738 223 1785 statis.
293 1737 433 1797 Saepe
463 1734 581 1778 enim
619 1732 788 1778 indoffl
818 1731 984 1778 librarii
1017 1730 1162 1791 spuria
1191 1748 1214 1777 a
1250 1730 1466 1794 legitimis
1496 1729 1760 1792 dignoscere
1792 1728 2060 1786 nescientes,
2107 1732 2282 1795 rejeftis

81 1804 204 1866 puris
239 1814 374 1863 atque
395 1799 588 1860 antiquis
612 1797 911 1854 dictionibus,
946 1795 1208 1860 gloffemata
1233 1798 1386 1858 inepta
1406 1795 1686 1858 trivialiaque
1709 1796 1949 1842 contextui
1973 1791 2280 1857 inseruerunt,

82 1868 206 1929 iaepe
237 1864 503 1911 mutilarunt
535 1862 796 1920 sententias,
830 1861 1069 1924 aliquando
1099 1860 1267 1908 diversa
1297 1860 1506 1922 exempla
1539 1861 1585 1905 in
1611 1877 1754 1906 unum
1781 1874 2130 1921 contraxerunt,
2166 1879 2281 1909 non-

86 1947 314 1994 nunquam
347 1927 604 1975 transtulere
635 1927 772 1974 verba
804 1941 938 1989 atque
971 1940 1089 1973 totas
1119 1928 1254 1973 etiam
1285 1926 1524 1990 periodos,
1560 1925 1696 1987 idque
1728 1925 1975 1971 admodum
2005 1940 2173 1973 temere
2196 1945 2281 1990 pro

85 1997 147 2043 sui
183 1994 367 2059 quisque
400 1992 568 2056 ingenii
604 1992 782 2055 ignavia
815 1993 885 2038 vel
915 1990 1100 2037 inscitia.
1182 1992 1305 2038 Cum
1349 1993 1491 2055 igitur
1520 2004 1594 2037 tot
1636 1993 1721 2053 jam
1755 1990 1934 2037 saeculis
1967 1991 2090 2037 hunc
2125 1993 2282 2038 aueto-

86 2078 179 2108 rem
217 2060 401 2122 indigne
434 2059 797 2103 contaminatum
829 2058 997 2102 exstare
1026 2056 1210 2103 moleste
1240 2056 1399 2102 serrem
1427 2077 1441 2111 3
1478 2056 1635 2118 optavi
1671 2055 1855 2118 quidem
1889 2054 2130 2117 saepislime
2167 2057 2279 2103 mihi

81 2139 260 2174 tantum
282 2124 337 2170 ab
367 2124 461 2169 aliis
480 2121 857 2183 occupationibus
880 2121 1151 2180 laxamenti,
1186 2138 1278 2184 quo
1303 2120 1601 2166 studiosorum
1627 2121 1672 2166 in
1694 2121 1887 2183 gratiam
1910 2121 2116 2167 nonnihil
2140 2121 2284 2183 ipsum

82 2205 319 2255 extergere
340 2222 353 2245 .,
397 2202 529 2249 atque
559 2186 717 2232 habitu
748 2186 942 2232 cultiore
977 2186 1189 2233 indutum
1220 2186 1472 2250 producere
1504 2186 1551 2231 in
1595 2186 1833 2247 publicum
1875 2186 2060 2248 possem.
2140 2187 2286 2245 Quod

87 2274 193 2304 cum
230 2252 468 2300 statuissem
505 2250 786 2297 desunftorie
818 2250 1042 2297 succisivis
1076 2252 1199 2296 horis
1229 2251 1400 2308 facere,
1437 2268 1529 2296 non
1562 2251 1704 2313 passus
1739 2251 1802 2296 est
1828 2267 2000 2295 moram
2022 2251 2281 2298 diuturnio-

87 2338 180 2368 rem
212 2317 574 2379 Christophorus
610 2317 839 2362 Plautinus
859 2350 873 2374 ‚
909 2315 1045 2362 nostri
1078 2317 1296 2378 temporis
1328 2317 1644 2377 typographus
1677 2314 2072 2378 diligentissimus,
2121 2317 2200 2378 qui
2233 2331 2286 2363 ut

90 2401 244 2433 omnes
279 2383 370 2430 fere
405 2395 598 2437 veteres,
635 2381 695 2425 ita
728 2381 773 2425 ὃς
809 2381 931 2426 hunc
965 2381 1193 2426 auem-em
1227 2383 1465 2425 excultum
1496 2394 1632 2440 atque
1663 2380 1967 2424 emaculatum
2003 2380 2122 2441 typis
2157 2397 2286 2426 recu—

93 2452 195 2497 dere
227 2450 444 2511 cupiens,
491 2445 516 2490 a
551 2461 623 2489 me
657 2445 811 2490 multis
846 2444 1056 2506 precibus
1087 2444 1354 2507 efflagitavit
1380 2478 1395 2503 9
1442 2457 1495 2489 ut
1530 2459 1800 2489 maturarem
1835 2443 2104 2490 destinatum
2142 2462 2285 2508 opu8,

92 2528 225 2576 atque
259 2528 393 2573 quam
427 2511 624 2571 primum
663 2509 960 2555 absolverem:
999 2510 1126 2572 cujus
1158 2508 1341 2567 quidem
1379 2507 1598 2554 desiderio
1631 2508 1842 2571 refragari
1866 2525 1958 2554 non
1982 2510 2140 2572 potui,
2177 2527 2283 2557 cum

92 2578 217 2643 quod
247 2577 334 2638 ipsc
367 2577 457 2621 hoc
489 2588 735 2632 mereatur,
770 2587 867 2619 tum
903 2573 1026 2634 quod
1053 2573 1188 2618 amici
1211 2589 1394 2636 quoque
1427 2574 1574 2635 plures
1606 2573 1909 2618 hortarentur.
1945 2574 2096 2637 Igitur
2131 2591 2284 2621 emen·

91 2643 237 2693 dando
272 2641 453 2687 Valerio
482 2640 752 2686 trimestrem
786 2654 969 2701 operam
1002 2639 1245 2696 destinans,
1282 2655 1332 2683 ea
1353 2652 1505 2684 tamen
1528 2639 1588 2684 ob
1610 2637 1928 2684 difficultatem
1953 2639 2043 2685 fere
2073 2637 2287 2687 semestris

93 2714 156 2760 est
185 2705 313 2755 faeta.
382 2705 507 2750 Nam
541 2721 646 2750 cum
680 2703 707 2750 a
739 2705 887 2767 capite
923 2703 1013 2748 hoc
1048 2719 1160 2766 opus
1189 2702 1457 2767 aggrederer
1479 2737 1493 2759 ,
1548 2704 1664 2749 inter
1692 2703 1799 2751 osto
1834 2704 1905 2750 vel
1936 2704 2093 2750 decem
2127 2720 2286 2750 manu-

92 2778 279 2838 scriptos
304 2770 602 2831 archetypos,
637 2769 800 2831 quibus
833 2768 1073 2832 adjuvabar
1093 2802 1107 2826 ‚
1153 2781 1321 2814 tantam
1357 2768 1501 2831 reperi
1533 2767 1833 2815 diversitatem
1856 2803 1871 2825 ‚
1917 2781 2087 2814 tantam
2120 2771 2286 2815 verbo-

91 2857 192 2888 rum
223 2850 461 2898 rerumque
488 2833 610 2896 saepe
638 2833 1007 2897 discrepantiam,
1043 2846 1096 2878 ut
1115 2834 1239 2879 velut
1264 2833 1604 2895 Labyrinthum
1639 2834 1877 2898 ingressus,
1913 2833 2154 2895 aliquando
2191 2851 2285 2897 quo

88 2922 159 2952 me
187 2914 403 2950 verterem
436 2897 681 2945 nescierim.
751 2898 989 2958 Quantum
1025 2899 1165 2961 igitur
1196 2899 1271 2945 hic
1301 2900 1414 2944 mihi
1443 2898 1605 2944 laboris
1632 2898 1684 2946 fit
1709 2898 2003 2955 exhaustum,
2040 2915 2131 2944 non
2163 2913 2282 2962 puto

87 2970 202 3020 reste
234 2979 486 3027 quenquam
521 2963 887 3021 aestimaturum5
924 2962 1006 3010 nisi
1039 2964 1116 3027 qui
1150 2963 1239 3028 ipse
1269 2966 1499 3029 vulgatam
1526 2977 1630 3011 ante
1662 2964 1913 3011 editionem
1948 2979 2055 3009 cum
2088 2964 2174 3011 hac
2200 2981 2286 3010 no-

2201 3028 2286 3075 stra
