2516 3509
150 269 222 294 544.
238 256 347 287 Livius

146 308 239 328 xx11.
259 307 284 329 1.

146 344 208 370 An.
229 339 295 368 urb.

147 386 217 414 536.
243 379 309 409 Liv.

145 430 217 450 xxx.
237 426 283 449 62.
308 420 340 450 &

143 470 234 490 xxxr.
258 469 282 490 1.

139 500 294 531 Plutarch.

138 540 249 573 ‚Fabio-

366 113 437 172 62

356 453 486 500 aquas
514 434 728 499 sanguine
758 432 909 479 mistas
938 431 1131 491 fluxisse.

617 93 1018 164 VALERII
1094 90 1475 148 MAXIMI
1549 91 1682 148 Lm:
1722 92 1762 146 1.
1839 96 2138 160 CAP.VI,'

146 217 210 248 An.
234 214 302 246 urb.
363 207 511 271 capite
531 212 696 247 natum.
766 193 821 238 In
840 190 1013 236 Piceno
1050 183 1096 215 2⁶
1120 187 1344 252 lapidibus
1364 189 1536 255 pluisse.
1607 189 1664 236 In
1683 190 1836 241 Gallia
1853 194 2015 261 lupum
2045 199 2176 266 vigili
2196 198 2221 248 ὲ
2241 201 2367 268 vagi-2

362 304 416 333 na
433 281 634 347 gladium
653 271 888 321 abstulisse.
962 278 1004 306 2⁷
1025 272 1081 319 In
1103 269 1307 319 Sardinia
1327 270 1453 317 scuta
1478 269 1572 317 duo
1600 268 1865 336 sanguinem
1893 275 2073 325 sudaffe.
2145 276 2189 308 28
2214 281 2370 331 Etiam

359 355 630 408 metentibus
669 359 711 388 29
732 352 853 417 apud
875 352 1072 399 Antium
1106 364 1314 399 cruentas
1341 350 1479 415 spicas
1510 351 1559 399 in
1591 351 1781 400 corbem
1809 352 2034 403 decidiffe.

1202 438 1241 470 3ι
1269 430 1400 478 Bello
1423 431 1561 479 etiam
1582 433 1763 482 Punico
1784 433 1982 483 secundo
2005 436 2239 500 constitit,
2275 442 2369 491 Cn.

2107 365 2149 393 ³0
2169 360 2370 414 Caerites

356 513 560 562 Domitii
578 512 747 561 bovem
766 510 948 571 dixisse,
985 515 1102 558 Cave
1126 510 1205 558 tibi
1228 512 1374 558 Roma.

345 726 525 777 tuperflaa
539 756 548 772 ,
576 727 595 764 e
612 724 755 764 scholiis
781 723 819 761 in
838 730 1060 762 contextum
1078 722 1324 761 Valerianum

344 779 498 828 irrepsit.
556 778 674 826 Atqui
700 777 761 812 hic
789 775 881 812 mihi
907 775 1054 812 videtur
1080 774 1250 811 Valerius
1278 774 1324 811 ab

343 829 500 867 indouo
527 828 651 878 aliquo
680 827 717 863 in
745 827 939 875 epitomen
964 824 1143 863 redacftus.
1220 825 1322 863 Nam

341 880 448 928 plura
468 878 633 927 prodigia
656 889 751 928 quae
780 876 926 915 diversis
955 888 1115 914 evenere
1141 877 1324 924 tempori-

308 965 312 967 .
341 931 408 967 bus
419 959 429 974 ,
440 938 618 980 tanquam
639 929 802 978 ejusdem
811 929 990 976 temporis
1003 927 1085 972 ,sub
1101 939 1179 964 uno
1194 938 1324 964 exem-

341 981 406 1028 plo
435 981 580 1018 concise
608 991 651 1018 ac
681 988 824 1017 temere
851 979 1024 1027 congesta
1057 977 1325 1016 animadverti-

342 1043 449 1069 mus:
479 1044 575 1082 quae
594 1031 789 1069 Valerium
810 1039 850 1068 ut
867 1029 936 1068 alia
954 1030 1032 1079 ejus
1052 1030 1178 1078 capitis
1198 1029 1326 1078 prodi-

343 1084 405 1131 gia
432 1083 516 1121 sane
545 1083 714 1120 existimo
745 1082 902 1119 meliore
929 1080 1060 1118 ordine
1079 1081 1262 1129 copioiius
1285 1093 1325 1118 e-

341 1133 513 1171 narrasse.
568 1135 648 1171 Nos
667 1141 792 1171 autem
822 1144 864 1169 ea
884 1143 981 1181 quae
1008 1139 1134 1168 extant
1153 1139 1327 1178 tempora

343 1185 484 1222 diversa
499 1213 507 1227 ‚
536 1184 720 1221 annotatis
750 1182 957 1231 singulatim
979 1182 1104 1226 annis,
1132 1190 1173 1219 ut
1192 1180 1327 1229 digno—

338 1236 391 1272 sci
410 1233 577 1284 poffent,
604 1236 672 1272 suis
690 1233 888 1272 intervallis
916 1233 1153 1270 distinximus.
1181 1231 1323 1270 PIGH.

336 1287 478 1323 Credita
490 1290 594 1335 sunt:
624 1289 789 1332 infantem
809 1287 996 1333 semestrem
1017 1293 1088 1320 (76.
1124 1283 1246 1321 Multa
1264 1283 1325 1320 hic

337 1338 578 1375 recensentur
594 1338 761 1386 prodigia
775 1365 785 1381 ‚
812 1348 908 1386 quae
927 1335 974 1373 ad
994 1334 1149 1372 verbum
1171 1347 1215 1372 ex
1239 1335 1325 1372 Liv.

341 1388 390 1426 L.
410 1401 493 1427 xxr.
522 1389 564 1425 C.
594 1389 652 1425 62.
690 1390 728 1425 ὃς
748 1400 814 1425 XXI
827 1401 856 1425 1.
886 1387 929 1424 C.
956 1399 988 1424 1.
1021 1387 1102 1423 sunt
1124 1386 1325 1435 exscripta,

341 1441 383 1476 ἃ
404 1440 502 1477 forte
522 1438 624 1488 plura
644 1437 762 1476 adhuc
780 1437 1040 1476 desiderantur.
1068 1438 1235 1475 Vorstius
1256 1449 1324 1486 pro

339 1489 465 1527 credita
494 1490 620 1528 mallet
645 1489 792 1539 prodita.
859 1489 930 1526 Sed
957 1497 1085 1526 tamen
1114 1490 1151 1526 &
1171 1489 1255 1526 Liv.
1278 1489 1325 1526 L.

340 1553 427 1579 XXI.
452 1542 494 1578 C.
516 1542 574 1578 62.
602 1542 709 1576 ntulta
738 1541 896 1576 nunciata
917 1549 961 1575 (7
981 1551 1100 1576 temere
1120 1539 1245 1576 credita
1268 1539 1324 1577 di-

339 1592 391 1629 cit
411 1621 421 1636 ,
457 1592 519 1629 ubi
546 1594 584 1629 ὃς
601 1600 690 1629 tunc
719 1591 908 1639 extemplo
930 1590 1091 1640 sequitur
1118 1590 1163 1628 de
1193 1593 1324 1632 infante

327 1645 484 1692 semestri
503 1644 577 1680 hoc
596 1642 725 1680 modo.
780 1645 821 1678 In
841 1643 933 1692 queis
953 1643 1131 1693 ingenuum
1159 1644 1323 1688 infantem

330 1696 520 1743 semestrem
540 1696 577 1730 in
591 1697 666 1740 foro
687 1694 819 1729 olitorio
838 1693 1039 1741 triumphum
1059 1693 1224 1741 clamasse.
1252 1694 1325 1731 PO—

341 1744 516 1782 stremam
537 1757 674 1783 vocem
697 1745 810 1782 etiam
829 1745 867 1782 in
887 1745 969 1781 MS.
997 1744 1115 1792 reperi
1138 1745 1235 1793 apud
1248 1745 1326 1782 Va-

337 1795 474 1833 lerium
489 1825 498 1841 ,
518 1809 593 1834 non
610 1795 824 1846 proclamasse
838 1822 848 1838 ,
870 1804 910 1833 ut
929 1794 1057 1832 editur.
1102 1795 1221 1843 Quod
1239 1808 1326 1844 pro-

342 1855 471 1896 pterea
498 1860 575 1886 non
605 1847 745 1897 rejicio.
801 1847 844 1884 In
872 1846 1010 1884 eodem
1037 1846 1152 1884 MSto
1181 1850 1326 1884 Puerum

334 1901 525 1948 semestrem
546 1902 730 1945 infantem,
770 1899 868 1935 forte
890 1899 959 1935 fuit
986 1897 1098 1935 etiam
1129 1910 1174 1935 ex
1212 1899 1326 1935 Livio

340 1953 541 2000 ingenuum,
566 1950 627 1987 sed
646 1949 691 1987 de
713 1961 760 1986 eo
780 1949 869 1986 nihil
887 1949 1070 1986 affirmare
1089 1949 1215 1987 velim.
1254 1950 1329 1986 Ce-

341 2008 467 2039 terum
497 2002 618 2047 maior
645 2001 693 2038 est
712 2000 974 2050 discrepantia,
1002 2000 1107 2050 quod
1126 2001 1325 2050 Liviusoait

340 2052 384 2089 id
410 2050 576 2089 accidiffe
597 2054 634 2091 in
654 2055 730 2098 foro
751 2053 903 2094 olitorio.
936 2051 1105 2089 Valerius
1133 2052 1172 2089 in
1198 2052 1323 2088 boario.

343 2104 447 2151 Quia
466 2103 640 2141 videlicet
658 2103 756 2140 illico
775 2103 854 2151 post
873 2103 1024 2151 clamasse
1053 2103 1151 2152 apud
1170 2103 1326 2142 Livium

341 2154 505 2202 sequitur
518 2183 527 2199 ‚
555 2163 599 2190 (ε’
615 2157 690 2200 firo
708 2153 820 2190 boario
839 2153 968 2192 hovem.
1015 2154 1127 2191 Forte
1146 2155 1215 2191 fuit
1234 2155 1327 2192 haec

344 2205 455 2252 ipiius
474 2205 613 2242 Valerii
643 2205 680 2242 in
703 2205 940 2242 exscribendo
969 2205 1170 2243 oscitantia.
1249 2207 1327 2254 Qui

341 2256 451 2305 :saepe
468 2256 710 2294 hallucinatur
729 2257 804 2293 hoc
821 2257 896 2305 ipso
916 2256 953 2293 in
971 2256 1072 2294 loco.
1099 2256 1211 2304 paulo
1232 2258 1328 2305 post,

343 2306 404 2344 ait.
453 2308 545 2343 Bello
572 2310 675 2342 etiam
698 2309 823 2343 Punico
836 2306 977 2355 secundo
1007 2309 1154 2351 conflixit
1174 2310 1235 2343 Cn.
1258 2310 1327 2342 Do-

341 2358 435 2394 mitii
455 2359 526 2396 &c.
580 2359 679 2395 Cum
709 2366 851 2395 certum
880 2357 921 2395 sit
948 2355 1116 2395 accidisse
1144 2358 1180 2395 id
1202 2358 1326 2395 multis

343 2409 538 2458 annispost
556 2408 645 2445 illud
662 2408 820 2446 bellum:
842 2410 963 2457 priora
984 2421 1076 2446 vero
1100 2409 1227 2446 omnia
1240 2422 1326 2457 pro-

345 2459 446 2508 digia
465 2460 528 2497 illo
548 2459 646 2496 bello
666 2459 889 2496 acciderunt.
918 2460 1163 2496 PERIZON.
1202 2461 1326 2498 Exstat

339 2522 480 2561 puerum
509 2512 674 2556 infantem
703 2521 781 2547 non
811 2510 848 2546 in
870 2510 1001 2558 Copes.
1030 2509 1172 2553 modo,
1207 2510 1325 2548 sedin

344 2561 454 2599 Med.
473 2573 577 2599 omn.
592 2561 652 2598 sex
672 2561 780 2598 Leid.
798 2560 933 2609 ‘Uitr-ij.
963 2569 1123 2608 utroque
1136 2588 1146 2603 ,
1175 2562 1212 2598 ἃ
1231 2561 1327 2597 mul-

344 2613 392 2650 tis
411 2612 509 2650 aliis:
537 2620 724 2661 praeterea
741 2613 780 2649 in
801 2613 930 2649 ceteris
947 2620 1033 2648 ante
1043 2611 1217 2659 Pighium
1243 2611 1326 2649 edd.

348 2665 478 2713 Quare
497 2663 584 2702 illud
611 2663 873 2701 restituendum
905 2663 1004 2700 duxi.
1055 2663 1182 2700 Potuit
1201 2663 1251 2700 ita
1277 2663 1330 2699 se-

348 2727 443 2752 xum
465 2714 652 2763 designare
669 2712 823 2752 voluisse
836 2744 846 2759 ,
874 2723 914 2752 ut
937 2714 1066 2751 Livius
1084 2713 1221 2751 addens
1239 2715 1331 2762 inge-

351 2780 455 2802 nuum
482 2766 657 2814 significat
677 2766 948 2804 conditionem.
1000 2765 1049 2802 Et
1076 2766 1155 2814 quis
1176 2765 1332 2814 praesta-

351 2817 428 2861 bit,
455 2818 620 2864 infantem
638 2829 717 2855 non
740 2819 864 2866 potius
890 2815 961 2854 effe
990 2814 1142 2864 glossam
1168 2818 1261 2864 pueri
1279 2819 1331 2864 fh-

354 2869 481 2916 mestris
495 2870 511 2905 ἓ
524 2868 672 2906 Deinde
691 2869 729 2905 in
747 2877 907 2918 utroque
918 2868 1045 2905 Heins.
1057 2869 1095 2905 ὃς
1107 2880 1183 2905 uno
1196 2869 1330 2906 Rhem.

357 2920 396 2957 δε
415 2927 576 2970 utroque
594 2918 739 2956 Barber.
759 2920 807 2957 est
828 2919 1031 2970 triumphum
1050 2920 1215 2962 locutum,
1246 2920 1330 2957 &in

355 2968 526 3009 Perizon.
547 2970 748 3021 triumphum
767 2973 909 3008 locutum
926 2985 995 3006 cnm
1013 2971 1233 3019 elephantino,
1262 2970 1333 3008 Sed

357 3017 410 3058 ita
427 3029 469 3060 ut
484 3021 564 3062 satis
573 3030 765 3073 appareret
781 3023 888 3061 alium
901 3020 1006 3062 fuiffe
1026 3023 1166 3062 erasum
1180 3051 1191 3072 ,
1202 3034 1333 3075 emenf

2245 604 2284 634 3²
2308 598 2368 649 C.

1379 722 1584 774 datumque
1611 722 1649 760 in
1668 723 1836 768 locutum,
1863 723 1966 774 quod
1984 726 2118 774 partim
2149 735 2227 766 erat
2240 728 2365 779 supera*

1375 774 1562 823 scriptum.
1591 774 1700 813 Leid.
1722 773 1795 813 Otst.
1824 776 1968 811 locutum
1989 777 2192 825 triumphum
2223 781 2366 830 clamas-

1367 828 1545 874 se,trium
1562 824 1694 876 pedum.
1715 827 1800 864 &in
1821 837 1936 874 marg.
1955 826 2174 872 allocutum,
2196 828 2366 868 al'trium.

1369 877 1484 926 phum.
1536 875 1645 913 Leid.
1670 876 1759 926 sept.
1787 879 1824 914 in
1845 880 1918 925 foro
1936 877 2048 914 boario
2070 879 2228 917 locutum.
2259 883 2298 919 &
2324 883 2363 920 in

1374 938 1490 975 marg.
1518 927 1702 975 al‘luprio,
1730 928 1774 965 al'
1788 929 1993 977 triumphum
2016 929 2181 977 clamasse.
2231 932 2366 970 Procla-

1373 980 1474 1026 maffe
1492 977 1591 1015 delet
1608 977 1714 1015 Med.
1735 979 1843 1027 prim.
1862 980 1999 1017 &seim
2021 980 2063 1017 In
2085 981 2214 1031 Ultraj.
2236 984 2360 1031 primo

1371 1029 1654 1078 superscriptum
1672 1029 1820 1067 videtur
1851 1042 1967 1068 manu
1994 1030 2163 1070 secunda.
2217 1033 2260 1071 In
2280 1037 2366 1085 qui-

1375 1079 1528 1118 busdam
1547 1080 1753 1128 exclamasse.
1770 1081 1861 1119 illud
1872 1084 1991 1130 Luprio
2002 1082 2246 1130 suspicionem
2258 1098 2366 1135 prae..

1381 1129 1444 1168 bet
1465 1131 1565 1180 quasi
1586 1140 1712 1169 ortum
1732 1131 1774 1169 sit
1792 1144 1837 1169 ex
1857 1135 2011 1170 olitorio.
2040 1134 2257 1173 Praesertim
2275 1140 2363 1187 quia

1375 1195 1407 1217 o.
1425 1182 1633 1228 antecedit,
1672 1182 1772 1220 unde
1794 1180 1968 1221 omiffum
1989 1185 2143 1234 sequens
2163 1201 2180 1221 ο
2201 1188 2362 1228 cauffam

1376 1233 1608 1280 corruptioni
1627 1234 1806 1282 praebuit.
1841 1235 1954 1272 Certe
1974 1246 2060 1273 cum
2080 1237 2228 1286 clamasse
2246 1242 2366 1276 trium-

1374 1283 1476 1332 phum
1502 1283 1607 1320 illum
1634 1296 1794 1332 puerum
1822 1284 1920 1323 dicat
1943 1316 1954 1331 ,
1991 1288 2136 1323 locutum
2153 1288 2255 1336 fuisse
2281 1291 2361 1330 satis

1375 1334 1602 1384 intelligitur.
1663 1336 1794 1384 Quare
1822 1337 1958 1376 merito
1988 1338 2170 1387 suspicor,
2197 1340 2286 1378 illud
2312 1345 2365 1379 in·

1369 1388 1504 1474 stiffi-em
1530 1388 1674 1423 locutum
1702 1386 1722 1425 ὲ
1750 1388 1917 1436 margine
1954 1390 1994 1427 in
2023 1398 2243 1429 contextum
2278 1393 2369 1431 irre-

1375 1449 1399 1486 p
1416 1450 1428 1474 1
1460 1450 1491 1475 e.

1424 1489 1485 1526 26.
1513 1488 1703 1539 Lapidilms
1721 1489 1855 1539 pluisse]
1887 1490 1997 1539 Lego
2018 1503 2105 1529 cum
2126 1492 2196 1530 Ed.
2216 1492 2301 1531 Ald.
2325 1495 2364 1533 &

1376 1540 1485 1578 MSS.
1513 1539 1644 1589 lapides
1659 1541 1789 1589 pluisse.
1827 1541 1963 1579 Fateor
1979 1542 2141 1590 ingenue
2160 1544 2199 1580 in
2219 1545 2367 1593 quibus-

1377 1590 1463 1629 dam
1482 1593 1619 1641 scriptis
1641 1591 1712 1629 effe
1723 1591 1891 1640 lapidibus
1904 1621 1914 1637 ,
1931 1592 1992 1630 sed
2010 1593 2086 1631 hoc
2105 1594 2153 1632 est
2172 1595 2216 1632 ab
2233 1596 2367 1645 ineptis

1375 1642 1525 1681 librariis
1539 1673 1548 1688 ‚
1569 1644 1633 1693 qui
1651 1643 1764 1681 verba
1784 1644 1878 1681 istius
1901 1643 2007 1682 modi
2027 1645 2282 1684 existimabant
2301 1660 2369 1686 au-

1377 1694 1573 1739 todetera,
1602 1706 1689 1731 cum
1709 1703 1837 1732 tamen
1864 1694 1932 1732 sint
1952 1707 2042 1744 pura
2073 1696 2202 1734 aestiva.
2247 1700 2367 1736 Pluere

1372 1747 1575 1797 sangninem
1595 1754 1640 1781 0¹
1660 1747 1824 1794 lacrymas
1842 1746 2022 1784 habemus
2040 1748 2078 1784 in
2097 1748 2264 1788 historiis.
2293 1752 2368 1786 De·-

1376 1798 1490 1844 plnere
1517 1798 1681 1845 lacrymas
1712 1797 1811 1845 apud
1838 1798 1948 1847 Prop.
1979 1798 2023 1835 L.
2058 1812 2114 1836 11.
2141 1800 2253 1849 Apul.
2282 1801 2368 1842 Lib.

1383 1860 1412 1884 Ι.
1432 1847 1533 1886 Flor.
1559 1859 1667 1884 totum
1685 1846 1773 1884 illud
1794 1851 1946 1897 spatium
1965 1863 2033 1898 qua
2051 1852 2142 1899 pluit
2157 1877 2166 1891 ,
2195 1866 2264 1902 qua
2290 1854 2369 1890 nin.

1371 1900 1481 1949 gitur.
1532 1899 1678 1937 Eadem
1697 1900 1841 1936 ratione
1865 1909 2081 1949 corruptum
2102 1902 2164 1947 est,
2192 1903 2297 1952 quod
2314 1904 2369 1942 se·-

1379 1951 1526 1998 quitur,
1555 1952 1591 1987 in
1613 1952 1730 1987 Sicilia
1749 1954 1847 1999 scuta
1865 1951 1928 1987 cluo
1941 1954 2143 2001 sangninem
2156 1953 2304 2003 sudaffe.
2327 1956 2367 1994 in

1381 2002 1508 2039 Heins.
1542 2002 1662 2051 reperi
1680 2004 1882 2053 sanguinem
1910 2002 2072 2050 emanaffe
2090 2028 2099 2043 ‚
2136 2005 2240 2053 quOd
2275 2007 2370 2043 antl-

1380 2065 1499 2102 quum
1520 2054 1558 2090 &
1578 2053 1785 2102 genuinum
1815 2051 1886 2090 effe
1907 2053 2050 2090 censeo.
2104 2055 2262 2093 Librarii
2282 2058 2369 2106 quia

1379 2116 1458 2141 non
1478 2104 1581 2142 aliter
1610 2104 1734 2142 edoffi
1753 2112 1856 2142 erant
1876 2104 1895 2142 a
1917 2105 2182 2143 Grammaticis
2196 2135 2205 2150 ,
2236 2119 2366 2146 veram

1378 2156 1475 2193 hanc
1502 2155 1708 2193 lectionem
1739 2164 1935 2206 tamquam
1966 2156 2087 2194 minus
2108 2158 2370 2197 [daummen-

1380 2208 1591 2252 minarunt,
1628 2207 1817 2244 substituto
1839 2205 2080 2255 glossemate,
2109 2209 2215 2258 quod
2242 2210 2370 2248 haece-

1378 2269 1446 2296 nus
1463 2267 1566 2296 tanta
1588 2258 1776 2307 diligentia
1799 2258 2035 2296 observatum
2057 2259 2114 2296 est.
2170 2262 2369 2310 Quantum

1378 2320 1442 2345 eos
1455 2310 1549 2346 ratio
1570 2309 1706 2356 fugerit
1716 2310 1893 2356 superiori
1912 2310 2088 2358 exemplo
2100 2310 2262 2350 vidimus
2276 2342 2285 2357 ‚
2296 2325 2365 2351 ne-

1377 2371 1452 2408 que
1472 2360 1511 2396 in
1529 2359 1605 2395 hoc
1625 2359 1728 2397 aliter
1755 2360 1830 2408 ipse
1848 2359 1985 2397 Plinius
2012 2363 2047 2397 in
2064 2364 2190 2400 attritu
2210 2363 2367 2410 sudorem

1374 2422 1576 2459 purpureum
1597 2420 1744 2448 emanat.
1801 2410 1932 2454 Idem,
1967 2424 2085 2448 manat
2108 2414 2235 2462 picem,
2269 2415 2308 2452 ὃ(
2327 2416 2367 2453 in

1379 2460 1544 2510 simplice
1569 2461 1667 2499 Hor.

1627 2541 1712 2592 fidis
1735 2540 1823 2578 enim
1843 2553 1979 2578 manare
1989 2541 2123 2591 poetica
2147 2545 2250 2581 mella

1427 2595 1474 2629 Te
1489 2596 1620 2642 solum.

1383 2664 1599 2703 GUDIUS.
1660 2666 1911 2717 Nequaquam
1942 2677 2095 2717 propter
2122 2668 2300 2708 diversam
2323 2676 2368 2709 u-‘

1382 2715 1463 2753 nius
1494 2717 1591 2754 Cod.
1618 2718 1656 2755 in
1685 2728 1798 2765 marg.
1829 2718 2032 2758 lectionem
2069 2720 2130 2757 hic
2158 2720 2364 2770 quidquam

1385 2767 1609 2805 mutandum
1637 2767 1816 2806 censeam.
1889 2771 2074 2819 Quamvis
2105 2782 2191 2808 cum
2227 2782 2362 2821 quarto

1385 2818 1468 2855 casu
1491 2819 1567 2856 hoc
1594 2818 1750 2857 verbum
1778 2833 2052 2872 nonnunquam
2089 2823 2268 2871 conjungi
2303 2825 2364 2862 so-

1383 2868 1478 2914 leat,
1522 2870 1607 2920 quia
1626 2871 1710 2908 Liv.
1735 2873 1778 2909 L.
1799 2885 1867 2910 xxr
1879 2887 1908 2910 1.
1934 2886 1965 2910 1.
1993 2871 2122 2909 diserte
2152 2874 2223 2918 ait,
2263 2877 2362 2913 Scuta

1385 2919 1448 2956 duo
1469 2922 1667 2973 sanguinem
1689 2922 1830 2972 sudasse.
1891 2923 2230 2972 Quemadmodum
2257 2925 2363 2966 idem

1385 2971 1542 3010 verbum
1560 2971 1608 3010 fic
1628 2975 1742 3012 rursus
1760 2976 1905 3023 usurpat
1927 2975 1970 3012 L.
1991 2987 2108 3012 xxvii.
2134 2990 2188 3014 11.
2216 2987 2362 3027 quatuor

1397 3038 1479 3078 tgna
1492 3026 1658 3077 sanguine
1678 3027 1782 3066 multo
1797 3024 1884 3064 diem
1894 3026 2064 3068 acnocslem
2073 3026 2220 3079 fildaffe.
2243 3029 2362 3068 Prout
2383 3051 2385 3053 ·

2287 3081 2366 3128 fim-
