2387 3421
345 79 1100 139 DEDICAT'IONES
1157 80 1278 135 ET
1332 75 2069 135 *PRAEFAT‘IONESJ

94 220 200 264 tur,
231 200 525 262 animumque
559 194 828 260 generosum
849 197 905 243 ad
929 198 1122 261 gloriam
1155 195 1436 250 inflammat,
1471 194 1669 258 abjee'tos
1691 193 1966 258 timidosque
1989 193 2169 258 spiritus
2191 200 2320 246 exci-

98 283 190 327 tat,
224 265 437 330 superbos
472 262 605 310 fimul
638 279 689 309 ac
714 263 910 308 nimium
946 262 1118 309 feroces
1143 260 1468 308 moderationis
1500 259 1628 305 freno
1664 260 1882 319 cohibet,
1919 261 2132 308 instabilis
2167 261 2316 310 fortu-

97 349 177 382 nae
210 331 456 394 imaginem
492 328 638 374 oculis
672 327 843 391 ubique
878 326 1131 389 subjiciens.
1202 327 1418 388 Denique
1457 323 1568 368 nulli
1604 341 1696 369 non
1733 326 1977 373 hominum
2012 328 2168 391 generi
2203 346 2317 376 con-

98 399 267 454 sulens,
301 396 449 443 bonos
480 393 535 440 ad
570 394 790 440 virtutem
825 387 1022 440 laude&
1041 393 1187 457 gloria
1210 405 1374 448 vocat,
1412 388 1647 451 improbos
1683 397 1707 433 a
1731 389 1969 438 sceleribus
2004 409 2151 456 poena
2180 407 2317 458 atque

98 462 305 510 infamiae
339 459 563 523 exemplis
606 457 817 504 deterret.
881 458 981 515 Qui
1027 459 1200 505 fruetus
1244 459 1311 504 in?
1334 455 1456 501 nulla
1489 454 1632 516 magis
1668 469 1802 514 quam
1838 456 1883 500 in
1910 458 2123 505 Romana
2157 473 2316 522 patent

98 527 308 586 historia,
345 542 452 572 cum
488 525 599 571 haec
635 522 885 585 respublica
916 524 1219 570 diuturnitate
1253 535 1390 584 atque
1425 517 1727 581 amplitudine
1762 518 1966 580 imperii,
2002 539 2152 570 rerum
2188 524 2317 572 domi

93 592 290 656 forisque
324 591 550 656 gestarum
574 589 915 652 magnitudine,
950 589 1176 634 bellorum
1201 586 1461 652 ingentium
1487 583 1726 646 periculis,
1749 584 2052 648 varietateque
2074 589 2313 650 fortunae,

94 672 261 705 ceteras
297 672 452 703 omnes
484 655 669 710 vincat3
708 668 842 716 atque
876 653 979 699 ideo
1014 652 1335 716 exemplorum
1371 647 1602 714 copiosam
1639 649 1686 695 in
1721 648 1847 694 omni
1881 663 2044 712 genere
2078 656 2314 704 materiam

94 722 366 787 suppeditat.
440 720 527 767 Sed
560 719 702 765 sentio
739 735 874 780 quam
909 717 1152 780 spatiosum
1191 717 1417 782 ingrediar
1452 731 1695 779 campum,
1734 712 1764 759 fi
1800 714 1856 760 de
1891 714 2116 778 dignitate
2151 719 2198 764 &
2221 720 2316 767 fru-

95 789 173 836 &u
207 788 418 834 historiae
451 784 650 831 emetius
687 783 822 828 velim
858 783 1090 831 differere:
1137 784 1362 829 retraham
1398 783 1551 843 itaque
1586 780 1751 843 stylum
1775 812 1790 837 ,
1834 778 1865 825 fi
1899 796 2043 826 unum
2079 782 2316 844 adjecero,

97 869 259 917 nempe
295 852 501 896 omnium
535 848 786 911 sapientum
822 849 1067 893 hominum
1105 847 1329 893 concordi
1367 846 1550 908 judicio
1596 862 1690 891 non
1728 846 1912 907 reperiri
1949 844 2132 909 dignius
2169 849 2317 899 nobili

95 936 146 965 ac
183 916 380 982 principi
416 915 514 959 viro
540 913 736 959 studium
774 927 910 973 quam
947 911 1184 971 historiae,
1220 925 1356 974 atque
1391 909 1446 955 ad
1482 911 1593 972 reip.
1629 909 1938 972 gubernacula
1974 924 2133 958 natum
2169 916 2316 977 majo-

95 1000 140 1030 re
175 999 280 1030 cum
316 978 445 1025 laude
474 977 520 1024 ὃς
546 976 678 1039 fruge
711 992 805 1022 non
840 975 966 1039 poffe
1000 978 1150 1023 otium
1185 976 1314 1023 suum
1350 988 1521 1033 terere,
1559 991 1695 1038 quam
1732 975 1777 1020 in
1812 974 2007 1021 leffione
2030 975 2317 1039 Aueiorum,

95 1049 173 1111 qui
209 1063 275 1093 res
299 1045 483 1108 publice
506 1042 813 1105 privatimque
845 1041 961 1088 bene
995 1042 1166 1088 maleve
1196 1042 1338 1107 gestas
1365 1056 1472 1086 cum
1502 1039 1591 1085 fide
1625 1039 1765 1086 literis
1790 1039 2057 1087 mandarint.
2093 1043 2161 1088 Hi
2189 1060 2320 1091 nam-

93 1128 181 1176 que
214 1113 308 1156 veri
346 1109 442 1155 sunt
477 1107 638 1165 amici,
676 1123 782 1152 cum
818 1106 982 1169 quibus
1018 1108 1192 1153 utiliter
1227 1106 1577 1164 confabuletur,
1623 1105 1678 1151 de
1710 1103 1841 1151 rebus
1877 1105 2025 1152 dubiis
2060 1107 2316 1167 consultet5

94 1179 175 1241 qui
211 1176 258 1222 ἓξ
282 1174 454 1238 semper
489 1174 662 1236 praesto
696 1171 826 1230 sunt,
862 1171 910 1217 &
931 1171 1110 1235 sapiunt
1136 1173 1415 1235 plurimum,
1453 1171 1500 1217 ἓξ
1524 1171 1639 1216 nihil
1664 1170 1927 1217 adulantur:
1966 1187 2073 1218 cum
2097 1172 2171 1219 'his
2194 1175 2316 1222 mul-

90 1256 144 1289 to
179 1244 348 1304 majore
384 1255 490 1285 cum
527 1237 656 1283 laude
690 1238 861 1301 poterit
898 1237 1028 1284 horas
1063 1238 1242 1294 fallere,
1278 1253 1413 1300 quam
1451 1235 1482 1281 fi
1506 1235 1577 1281 vel
1610 1236 1702 1282 alea
1736 1234 1888 1295 ludat,
1923 1236 1995 1282 vel
2031 1238 2318 1288 morionibus

96 1308 340 1370 indulgeat.
411 1304 485 1350 Ex
519 1303 747 1349 veteribus
769 1298 961 1362 autem,
1005 1305 1083 1367 qui
1118 1303 1190 1350 vel
1227 1303 1407 1350 Graece
1443 1301 1516 1348 vel
1551 1301 1718 1347 Latine
1753 1300 1985 1346 historiam
2022 1301 2318 1365 scripserunt,

93 1373 143 1418 ’δί
167 1371 220 1419 ad
256 1370 401 1417 nostra
437 1382 644 1430 tempora
673 1380 1001 1432 pervenerunt,
1038 1367 1068 1414 si
1094 1369 1171 1433 qui
1197 1366 1387 1414 studiose
1410 1365 1590 1431 legendi
1614 1365 1739 1424 sunt,
1771 1364 1868 1411 sane
1891 1382 1984 1411 non
2004 1366 2164 1427 video,
2200 1370 2319 1433 quis-

95 1454 197 1484 nam
222 1436 406 1483 Valerio
432 1434 646 1480 Maximo
684 1432 894 1497 praeferri
929 1435 1102 1497 poterit
1125 1469 1139 1492 ,
1185 1450 1292 1480 cum
1330 1449 1465 1479 nemo
1503 1431 1660 1477 melius
1695 1430 1911 1477 nucleum
1949 1430 2188 1479 historicae
2222 1436 2316 1481 uti-

97 1502 234 1549 litatis
269 1500 398 1547 nobis
429 1498 640 1545 excludat
664 1533 678 1558 ,
727 1498 838 1544 dum
874 1514 930 1545 ex
966 1500 1175 1546 omnium
1211 1514 1326 1563 pene
1361 1497 1650 1544 historiarum
1686 1496 1914 1542 uberrima
1950 1495 2056 1544 silva
2091 1499 2319 1549 virtutum

95 1569 406 1629 vitiorumque
441 1563 730 1610 celeberrima
764 1579 968 1628 quaeque
1001 1565 1210 1628 exempla
1234 1563 1357 1625 quasi
1384 1562 1595 1609 flosculos
1631 1560 1787 1609 sele6³ffl
1811 1560 2010 1608 breviter
2045 1563 2091 1610 in
2126 1566 2321 1613 concin-

97 1649 205 1678 num
244 1632 449 1677 ordinem
484 1629 681 1692 redigit,
718 1630 955 1675 communi
991 1631 1142 1689 vitae,
1181 1630 1376 1694 publicis
1411 1626 1685 1692 privatisque
1718 1626 1921 1673 moribus
1957 1630 2315 1689 accommodat,

95 1699 140 1744 in
176 1712 339 1761 genera
372 1712 421 1741 ac
458 1695 607 1757 capita
644 1707 735 1740 tam
771 1706 876 1757 apte
911 1695 1107 1759 digerit,
1143 1709 1195 1742 ut
1231 1695 1355 1758 quod
1393 1694 1439 1740 in
1467 1694 1562 1740 aliis
1586 1709 1679 1739 non
1707 1692 1797 1739 fine
1832 1692 1985 1738 labore
2006 1695 2316 1755 quaerendum

94 1763 225 1821 effet,
260 1777 317 1807 ex
353 1759 472 1806 hisce
507 1775 673 1806 novem
709 1760 803 1822 ejus
837 1759 962 1807 libris
998 1761 1124 1807 nullo
1160 1762 1351 1823 negotio
1389 1761 1482 1822 peti
1509 1757 1658 1822 possit.
1698 1759 1763 1804 At
1788 1775 1879 1820 quo
1905 1757 2091 1805 ordine?
2127 1773 2178 1806 ut
2202 1777 2315 1824 quae

91 1827 146 1874 ad
181 1827 448 1891 religionem
485 1824 691 1889 sacraque
726 1823 911 1887 publica
941 1827 1195 1889 pertinent,
1231 1827 1344 1873 liber
1379 1825 1574 1889 primus:
1614 1840 1728 1887 quae
1753 1825 1806 1869 ad
1830 1824 2054 1886 praeclara
2074 1826 2314 1874 civitatum

95 1893 324 1950 instituta,
358 1890 576 1937 secundus
611 1892 892 1937 contineret:
930 1891 1118 1955 reliqui,
1153 1908 1266 1956 quae
1302 1892 1355 1938 ad
1390 1906 1536 1937 mores
1569 1891 1796 1953 privatos,
1833 1905 1996 1954 nempe
2021 1892 2139 1937 varia
2173 1892 2318 1937 virtu-

96 1972 195 2005 tum
230 1958 541 2020 vitiorumque
580 1971 745 2019 genera
789 1956 1096 2021 multiplicem
1141 1975 1289 2005 rerum
1329 1959 1626 2004 humanarum
1673 1954 1847 2001 scenam
1884 1956 2314 2018 complecterentur.

99 2025 320 2087 Haecque
355 2023 508 2069 omnia
539 2021 623 2068 suis
659 2021 886 2086 capitibus
923 2023 983 2069 ita
1016 2023 1256 2090 distinguit
1279 2059 1293 2083 ,
1337 2037 1388 2070 ut
1427 2021 1646 2067 memoria
1682 2020 2011 2084 comprehendi
2046 2020 2176 2068 facile
2212 2021 2314 2085 pos-

100 2088 200 2136 fint.
267 2087 489 2135 Videmus
524 2087 676 2150 itaque
712 2100 763 2134 ut
797 2088 842 2133 in
879 2087 998 2134 hisce
1032 2089 1158 2136 libris
1182 2125 1196 2148 ,
1239 2089 1366 2134 velut
1402 2088 1447 2133 in
1484 2085 1754 2149 amplissimo
1791 2087 1971 2132 theatro
1995 2120 2010 2145 ,
2057 2087 2314 2133 communis

97 2154 213 2199 vitae
246 2152 420 2199 nostrae
454 2151 576 2216 quafi
611 2152 835 2214 quandam
858 2153 1296 2218 Tragicomoediam
1318 2154 1528 2201 Valerius
1564 2152 1695 2197 nobis
1729 2166 1863 2214 agat,
1898 2153 1944 2197 in
1969 2168 2062 2213 quo
2095 2152 2185 2214 ipse
2217 2166 2316 2198 tan-

99 2234 232 2280 quam
256 2218 565 2280 pantomimus
595 2219 752 2280 aliquis
787 2216 972 2281 insignis
995 2221 1039 2265 in
1066 2238 1205 2267 novas
1227 2220 1352 2283 saepe
1378 2218 1544 2265 formas
1579 2216 1619 2262 se
1643 2231 1816 2275 mutat,
1839 2218 2041 2263 mortalis
2068 2218 2184 2264 vitae
2209 2217 2313 2263 mil-

99 2284 141 2329 le
173 2283 397 2344 pericula,
432 2280 552 2327 casus
578 2281 784 2327 infinitos
808 2282 990 2328 diversis
1014 2286 1212 2345 gestibus
1249 2286 1525 2330 dexterrime
1561 2280 1788 2339 imitatus,
1826 2282 2065 2344 passiones,
2099 2281 2311 2342 affeeius,

100 2362 273 2404 mores,
306 2359 442 2407 atque
475 2343 619 2390 studia
653 2346 871 2407 graphice
904 2345 1138 2410 depingit:
1177 2349 1418 2411 aliquando
1453 2348 1675 2410 gravitate
1706 2346 1935 2406 sublimis,
1967 2347 2227 2411 summaque
2263 2364 2313 2394 e-

99 2412 331 2475 loquentia
357 2407 638 2472 splendidus‚
673 2408 784 2454 dum
807 2410 997 2456 virtutes
1020 2412 1199 2471 laudat,
1238 2414 1513 2475 honesteque
1547 2410 1663 2458 faci-a
1695 2413 1741 2458 in
1777 2412 1950 2458 caelum
1984 2414 2157 2459 evehit:
2193 2429 2311 2459 non-

99 2492 328 2539 nunquam
361 2474 495 2520 tristis
529 2489 581 2519 ac
610 2474 736 2520 velut
760 2475 933 2537 tragice
964 2475 1207 2540 plangens,
1241 2478 1350 2523 dum
1388 2476 1706 2535 crudelitates,
1743 2477 1928 2534 scelera,
1964 2492 2098 2539 atque
2133 2479 2308 2540 impro-

98 2544 155 2590 be
188 2540 302 2588 faena
332 2539 542 2598 damnat,
575 2538 698 2602 saepe
730 2540 901 2585 facetiis
933 2540 1105 2602 lepidus
1126 2578 1141 2602 ,
1187 2542 1439 2590 dieteriisve
1474 2541 1599 2588 salsus
1624 2542 1675 2587 ἃ
1697 2544 1876 2589 comice
1907 2543 2128 2604 jucundus
2149 2577 2164 2601 ,
2200 2560 2308 2591 cum

100 2624 210 2655 vana
244 2606 486 2652 hominum
525 2604 668 2651 studia
701 2603 747 2649 &
781 2604 914 2651 stulta
943 2607 1128 2654 consilia
1157 2607 1370 2672 suggillat
1403 2625 1454 2654 ac
1492 2607 1623 2653 ridet.
1693 2609 1782 2655 Sed
1813 2621 1983 2670 quanto
2016 2606 2140 2669 saepe
2170 2608 2312 2654 deco-

102 2690 172 2731 re,
209 2671 328 2734 quali
360 2686 559 2733 pompa,
594 2685 686 2734 quo
719 2669 903 2729 ordine,
937 2672 1064 2719 velut
1096 2673 1455 2720 instru<Stiffimus
1484 2673 1738 2737 choragiis,
1776 2688 1896 2718 nunc
1926 2672 2152 2718 virtutum
2186 2690 2310 2720 nunc

100 2739 319 2787 vitiorum
341 2736 505 2782 mimos
528 2734 853 2798 elegantiffimo
878 2737 1124 2784 verborum
1147 2754 1364 2803 apparatu
1389 2752 1601 2800 comptos
1636 2739 1835 2796 inducit,
1875 2736 1924 2782 ἂν
1946 2750 2161 2799 tanquam
2186 2755 2312 2801 prae-

103 2807 241 2852 sentes
262 2801 407 2847 oculis
427 2800 637 2864 subjicit?
673 2817 806 2864 quam
832 2803 1041 2866 exempla
1063 2805 1283 2867 exemplis
1307 2805 1649 2862 connecfitendo,
1685 2803 1812 2849 velut
1832 2819 1969 2848 novas
1999 2801 2184 2848 subinde
2207 2821 2310 2867 per-

103 2871 223 2916 sonas
255 2865 475 2929 aptisfime
503 2865 732 2929 suggerit?
766 2866 858 2930 ipse
894 2868 1111 2927 interim,
1145 2884 1198 2916 ut
1230 2887 1311 2918 nos
1344 2869 1466 2933 quasi
1501 2869 1770 2931 speetatores
1804 2867 2021 2925 deleetet,
2057 2869 2316 2931 pulcherri-

104 2951 177 2982 ma
203 2931 356 2995 paffim
389 2931 643 2995 interponit
672 2946 925 2980 acroamata
953 2933 1181 2981 sententiis
1214 2952 1344 2981 aurea
1368 2969 1382 2993 ,
1430 2936 1476 2980 in
1509 2935 1577 2980 his
1611 2934 1808 2980 consiliis
1842 2934 1889 2977 ἂν
1921 2932 2312 2981 admonitionibus

101 3001 273 3050 severus
303 2997 393 3057 est,
436 3009 572 3062 atque
604 2996 652 3042 in
686 2995 977 3046 allusionibus
1012 3012 1187 3048 acutus.
1258 3001 1470 3065 Denique
1500 2999 1727 3062 exquisita
1760 2997 2006 3046 verborum
2035 3001 2318 3064 vproprietate

1542 3067 1570 3096 ἦέ(
1592 3069 1618 3096 δὲ
2241 3064 2319 3111 de.
