2516 3509
326 107 1853 185 DEJUDICIISPUBLICIS.
1999 153 2105 214 703

103 207 279 268 azimos,
313 208 362 256 &
394 208 672 274 graviffimos
706 209 915 260 infamiae
949 213 1114 262 fluctus
1148 215 1353 264 emerfit:
1403 232 1617 286 tanquam
1651 226 1959 293 fragmentum
1991 252 2100 285 nau-

101 290 233 355 fragii
254 324 269 349 ‚
324 289 422 339 leve
455 289 704 337 admodum
738 307 880 356 genus
913 292 1181 343 defenfionis
1215 297 1464 361 amplexus.
1532 305 1794 359 Affirmavit
1828 315 1949 362 enim
1987 326 2000 355 5
2011 327 2028 358 7
2048 321 2102 382 st?

101 372 149 418 ob
180 386 359 418 amorem
394 374 516 432 pueri
549 370 665 430 servi
705 387 746 417 eo
783 373 858 433 ff·
902 375 1160 435 perdublum.
1228 374 1467 440 Suspectus
1501 395 1602 431 erat
1628 384 1754 434 locus
1777 422 1792 448 ,
1847 389 2098 456 suspectum

99 461 307 513 tempus,
343 448 539 514 suspecta
563 451 715 498 matris
741 450 934 500 familiae
968 454 1177 518 persona,
1209 454 1407 521 suspecta
1438 459 1574 508 etiam
1598 463 1895 516 adolescentia
1928 472 2092 536 ipfius:

103 527 147 567 58
181 529 255 577 sed
287 531 461 578 crimen
493 532 691 579 libidinis
727 532 942 580 confeffio
980 534 1354 599 intemperantiae
1388 537 1612 589 liberavit.

159 609 442 658 Remissioris
488 612 611 659 hoc:
667 611 779 658 illud
825 612 1056 676 aliquanto
1098 616 1318 680 gravioris
1359 619 1570 666 materiae
1617 624 1895 690 exemplum.
1968 632 2091 681 Cum
2173 641 2232 689 13:

94 690 324 755 parricidii
353 692 550 754 ‘caussam
590 700 633 731 59
669 692 762 739 duo
796 694 951 741 fratres
985 694 1154 743 Cloelii
1188 697 1418 760 dicerent,
1452 699 1685 764 splendido
1718 706 1990 756 Tarracinae
2022 710 2089 757 lo-
2107 689 2286 763 ssssdssassssil

26 791 29 795 ·
99 786 158 817 co
192 770 309 829 nati,
346 787 544 834 quorum
580 784 706 835 pater
727 771 1011 820 T.Cloelius
1047 774 1090 801 ⁶0
1112 775 1156 821 in
1187 776 1404 825 cubiculo
1439 780 1693 842 quiescens,
1718 782 1820 831 filiis
1853 786 1993 835 altero
2027 789 2088 836 le·
2105 779 2164 854 ξιξ
2183 773 2255 845 scel}

23 882 31 885 >
93 847 170 896 &o
194 850 487 910 cubantibus,
521 863 615 897 erat
638 852 965 915 interemptus3
999 869 1145 916 neque
1179 869 1256 903 aut
1291 856 1436 905 servus
1471 859 1730 922 quisquam,
1765 877 1841 911 aut
1875 866 1988 915 liber
2021 871 2087 918 in-
2106 856 2307 893 Rostrum.

95 929 324 976 veniretur
345 963 360 989 ,
413 929 468 976 ad
501 945 637 995 quem
671 929 864 994 suspicio
901 932 1046 979 caedis
1081 936 1326 997 pertineret
1357 955 1367 985 :
1424 937 1516 985 hoc
1551 954 1644 987 uno
1679 944 1865 992 nomine
1898 948 2087 998 absoluti

95 1132 204 1182 tiffimi
225 1135 376 1174 restituit
395 1136 542 1184 Pighius
563 1136 583 1174 ὲ
610 1135 693 1177 cod.
720 1136 932 1187 Campensi.
958 1140 1068 1177 Cice-

95 1197 140 1224 ro
159 1198 226 1235 pro
245 1187 348 1225 Mur.
377 1188 510 1225 eadem
531 1187 577 1225 de
604 1200 641 1225 re
663 1200 793 1237 agens:
823 1190 994 1227 Nolebant
1006 1194 1069 1239 sa-

89 1236 280 1286 pientissimi
298 1238 440 1275 homines
455 1266 465 1283 ‚
484 1240 541 1289 qui
563 1250 634 1275 tum
652 1254 719 1275 rem
740 1240 836 1276 illam
851 1240 1050 1287 judicabant

35 1404 38 1408 “
93 1386 202 1436 tissimi
228 1391 266 1427 in
286 1391 393 1428 MSS.
419 1391 547 1428 nostris
577 1403 655 1429 non
678 1401 898 1440 comparet,
928 1405 999 1432 nec
1027 1395 1065 1433 in

95 1439 169 1477 ulla
199 1441 367 1479 editione
388 1469 398 1484 ‚
437 1442 584 1490 Pighius
612 1442 699 1479 dicit
736 1443 771 1479 se
800 1444 909 1481 malle
933 1456 953 1481 e
984 1445 1066 1483 cod.

97 1490 295 1540 Campenfi
317 1520 327 1536 ‚
371 1492 459 1530 illud
490 1493 605 1536 addi,
643 1493 703 1530 sed
731 1494 825 1542 ipse,
861 1495 986 1534 saltem
1028 1497 1066 1534 in

95 1542 215 1590 prima
236 1542 401 1580 editione
421 1555 499 1580 non
527 1543 677 1581 addidit.
717 1545 854 1592 primus
887 1546 999 1584 credo
1026 1547 1065 1585 in

94 1599 314 1631 contextum
339 1595 478 1642 recepit
507 1594 674 1632 Colerus.
726 1595 965 1644 Expuncstum
989 1599 1064 1635 for-

92 1640 179 1680 taffe
208 1644 278 1681 fuit
307 1643 350 1681 ab
376 1645 440 1689 iis,
468 1646 532 1694 qui
552 1645 640 1692 apud
658 1648 815 1694 populum
842 1659 926 1684 eum
958 1660 1062 1686 accu-

92 1693 209 1732 satum
241 1694 403 1743 legentes
429 1724 439 1739 ,
471 1698 589 1745 populo
618 1697 811 1744 epitheton
833 1699 1065 1747 sapientiffimi

88 1755 168 1782 non
205 1746 434 1785 conveniens
465 1747 740 1784 arbitrabantur.

142 1807 199 1844 54.
234 1798 342 1832 Tanto
359 1798 497 1846 fulgore
518 1797 668 1847 gloriae]
720 1799 762 1835 In
789 1798 898 1835 MSS.
929 1799 1060 1838 decem

89 1845 129 1884 &
147 1847 255 1895 Nlog.
281 1846 351 1884 Ed.
378 1844 486 1884 Tanto
507 1851 644 1898 fragore
669 1851 802 1898 gloriae
825 1849 1003 1897 subnixm.

139 1910 197 1946 515.
223 1899 306 1934 Tam
335 1898 537 1936 ‘vehementes
566 1900 601 1935 hi
619 1901 748 1947 jndices
772 1899 931 1947 adversus
955 1903 1064 1937 excel-

86 1946 290 1994 lentiffi'mum
325 1952 541 1995 accusatorem
562 1978 572 1994 ,
620 1965 720 2001 quam
756 1953 812 1986 illi
841 1954 937 1988 mites
965 1951 1058 2001 effa]

87 1998 124 2035 A
146 1998 274 2046 Pighio
304 1999 379 2036 hoc
410 2009 498 2038 erat.
531 2001 742 2049 Superiores
772 2003 998 2050 pronomina
1025 2005 1060 2040 lai

89 2049 128 2085 &
156 2050 210 2084 illi
241 2050 495 2095 omittebant,
540 2063 625 2088 cum
661 2052 833 2090 omnibus
865 2053 908 2090 ad
942 2065 1058 2091 unum

88 2099 196 2136 MSS.
241 2100 338 2137 Mihi
374 2101 610 2146 commode,
659 2103 738 2140 imo
775 2115 860 2139 cum
897 2104 1060 2152 emphasi

87 2157 290 2199 utrumque
322 2150 466 2189 videtur
493 2150 635 2196 abesse,
663 2163 702 2190 ut
729 2152 768 2189 sit
802 2152 961 2201 positum
995 2167 1059 2203 per

82 2199 384 2239 admirationem.
441 2203 552 2240 Dicat
576 2204 679 2252 quis,
706 2212 741 2240 at
771 2215 849 2239 non
869 2204 978 2241 iidem
997 2207 1058 2254 ju-

89 2251 187 2289 dices
208 2252 245 2289 in
267 2252 420 2290 Cottam
443 2253 592 2296 sedere,
621 2254 685 2303 qui
704 2254 741 2290 in
766 2253 962 2292 Calidium.
978 2258 1057 2293 Ve-

84 2312 168 2340 rum
190 2302 278 2340 nihil
297 2303 372 2340 hoc
389 2304 545 2352 impedit
567 2304 769 2352 quominus
796 2306 845 2341 ita
866 2305 969 2353 loqui
990 2319 1056 2355 po-

84 2353 196 2390 tuerit
214 2354 404 2398 Valerius,
429 2355 491 2403 qui
519 2356 635 2403 majus
656 2356 693 2392 in
725 2366 771 2391 eo
798 2356 941 2394 invenit
970 2369 1057 2395 acu-

87 2414 208 2447 men;
246 2405 348 2454 quod
377 2418 493 2454 quum
521 2405 640 2443 modo
668 2405 811 2454 judices
841 2408 1056 2447 exhibuisset

85 2454 329 2492 vehementes
358 2456 527 2493 adversus
544 2457 665 2493 virum
688 2456 1051 2504 excellentissimum‚

85 2515 186 2541 nunc
203 2517 268 2543 eos
286 2506 451 2544 ostendat
476 2507 584 2544 mites
612 2508 649 2543 in
673 2518 736 2544 reo
755 2507 868 2556 longe
901 2509 1054 2548 inferio-

88 2555 133 2592 ris
153 2555 324 2594 fortunae
341 2585 350 2601 ,
381 2558 478 2596 nulla
499 2559 692 2596 mentione
719 2557 814 2595 faeta
836 2586 846 2603 ,
888 2560 1054 2600 iidemne

88 2603 235 2643 fuissent
256 2619 302 2644 an
321 2608 390 2645 alii.

138 2657 196 2705 56.
223 2657 409 2708 Callidius]
439 2659 566 2697 Scribo
595 2658 761 2696 Calidius.
785 2660 920 2698 Cicero
941 2660 1054 2702 lib.11.

85 2705 131 2744 de
163 2707 308 2745 Invent.
363 2717 406 2745 Ut
428 2710 462 2756 fi
484 2711 630 2747 dicamus
648 2739 658 2754 ‚
687 2710 802 2747 idcirco
819 2714 965 2762 aliquem
985 2717 1053 2750 Ca-

83 2756 205 2794 lidium
233 2759 365 2802 vocari,
400 2762 487 2807 quod
513 2763 687 2797 temerario
717 2769 762 2797 ἔθ’
785 2765 952 2809 repentino
977 2778 1053 2801 con-

76 2808 157 2855 filio
176 2810 238 2856 fit.
268 2809 461 2848 COLER.
508 2811 664 2848 Calidius
703 2813 912 2861 complures
938 2816 1049 2854 etiarn

85 2859 193 2897 MSS.
221 2860 404 2898 exhibent.
428 2861 530 2899 aliter
553 2871 682 2900 tamen
703 2875 836 2900 omnes
854 2864 1048 2904 Edd.P0r-

83 2921 127 2947 ro
157 2911 312 2949 Colerus
346 2911 460 2948 edidit
497 2926 566 2949 cum
595 2913 632 2950 ola
669 2913 705 2950 id
741 2916 879 2963 caufficm
907 2915 1050 2961 diceret,

82 2960 187 3009 quod
198 2963 363 3000 Vorstius
382 2962 430 2999 est
455 2964 607 3001 secutus.
659 2967 790 3012 Quum
817 2978 949 3005 omnes
965 2969 1047 3006 scri-

80 3011 132 3058 pti
152 3013 189 3050 &
210 3013 298 3051 editi
326 3014 557 3062 praeferant,
585 3029 657 3054 cum
678 3015 715 3053 ob
736 3015 771 3054 id
790 3018 931 3067 cauffam
949 3019 1050 3059 adul-

77 3064 154 3100 terii
179 3060 321 3109 diceret.
349 3073 389 3103 ut
407 3066 562 3114 reposui.

1955 1028 2056 1078 sunt
2071 1066 2087 1091 ‚

1171 1154 1229 1190 57.
1255 1147 1298 1180 Se
1327 1144 1363 1181 ob
1391 1158 1536 1183 amorem
1559 1151 1655 1197 pueri
1672 1151 1731 1199 siti
1748 1167 1781 1188 eo
1802 1152 1861 1200 effe
1875 1155 2086 1210 perdm‘ium]

1099 1192 1276 1236 ‚Veteres
1295 1194 1373 1233 libri
1392 1196 1550 1243 habent,
1573 1203 1669 1249 pueri
1680 1205 1786 1249 servi.
1808 1205 2088 1250 RediePIGH.

1064 1270 1074 1286 ‚
1117 1243 1269 1282 Habent
1290 1245 1338 1283 ita
1362 1247 1533 1286 &nostri
1559 1255 1699 1288 Puerum
1712 1257 1848 1301 servum
1867 1267 1951 1296 cum
1974 1260 2084 1308 dicit,

92 1288 143 1323 ita
162 1302 358 1337 quemquam
382 1288 494 1325 cadere
519 1304 554 1325 m
573 1289 717 1335 judicio,
748 1301 785 1326 ut
805 1292 920 1327 nimiis
947 1291 1069 1330 adver-

86 1338 177 1388 sarii
197 1340 326 1376 viribus
343 1340 490 1388 abjec‘ius
509 1339 689 1378 videretur.
707 1341 902 1380 VORST.
929 1344 1069 1393 Sapien-

1117 1293 1216 1332 levat
1239 1296 1379 1334 crimen
1402 1298 1519 1336 suum.
1544 1308 1585 1338 ut
1601 1301 1703 1350 supra
1723 1305 1897 1354 exemplo
1920 1321 1942 1357 9
1965 1311 2078 1350 Vale-

1118 1344 1160 1382 rii
1178 1346 1423 1394 gravabatur,
1454 1349 1558 1399 quod
1585 1363 1721 1400 puerum
1748 1366 2023 1406 praetextatum,
2049 1364 2086 1402 id

1120 1396 1191 1439 est,
1213 1397 1443 1446 ingenuum,
1472 1412 1491 1438 a
1509 1403 1544 1438 se
1568 1412 1781 1453 corruptum
1814 1410 1964 1455 poetico
1991 1414 2086 1462 joco

1120 1446 1378 1486 celebraverat.

1171 1498 1227 1546 58.
1249 1500 1315 1535 sed
1334 1502 1454 1536 crimen
1474 1499 1626 1539 libidinis
1652 1506 1793 1553 confeffio
1811 1509 2085 1560 intemperantiae

1117 1547 1296 1599 liberavit]
1347 1551 1390 1588 In
1421 1552 1620 1600 Campenfi
1642 1582 1652 1598 ,
1696 1558 1758 1594 Sed
1779 1560 1898 1596 crimen
1925 1562 2083 1601 adulterii

1116 1599 1267 1635 libidinis
1301 1603 1552 1649 intemperantis
1593 1607 1732 1653 confeffio
1771 1609 1943 1649 liberavit.
2000 1616 2084 1652 Ele·

1115 1651 1485 1696 gantiffime.PIGH.
1508 1653 1713 1694 Adulterii.
1737 1659 1867 1709 Inepte
1893 1662 1985 1700 haec
2007 1678 2081 1704 vox

1115 1700 1333 1755 inculcatur.
1361 1705 1398 1740 ἃ
1421 1704 1532 1752 paulo
1558 1707 1659 1753 post,
1688 1717 1728 1745 ut
1747 1710 1878 1749 stercus
1901 1715 1998 1752 foras
2019 1720 2082 1766 eji-

1115 1751 1285 1788 ciendam
1313 1753 1443 1792 censeo
1466 1767 1624 1793 vocem:
1645 1760 1785 1802 fratres.
1806 1762 1997 1803 COLER.
2021 1769 2085 1805 §ed

1112 1803 1231 1837 crimen
1258 1802 1408 1840 l1bidinis
1442 1805 1580 1853 confqffio
1607 1809 1881 1858 intemperantiae
1909 1816 2083 1857 libera-vit.

1116 1851 1171 1889 Ita
1193 1861 1335 1891 veteres
1356 1856 1451 1903 typis
1477 1858 1648 1905 expreffi,
1679 1861 1716 1897 δε
1737 1861 1866 1901 Brand.
1894 1866 2000 1905 MSS.
2023 1870 2081 1907 Pi-

1113 1903 1202 1950 ghio
1230 1912 1357 1942 tamen
1388 1906 1479 1944 haec
1506 1920 1582 1946 non
1605 1910 1762 1956 placent.
1813 1916 1955 1964 Scripsit
1977 1921 2075 1959 enim

1115 1965 1159 1990 ex
1192 1955 1273 1992 cod.
1306 1956 1525 2006 Campenfi,
1553 1961 1616 1996 Sed
1641 1963 1759 2000 crimen
1779 1965 1938 2002 adulterii
1962 1969 2075 2007 libidi-

1111 2006 1166 2039 nis
1195 2007 1447 2055 intemperantis
1478 2009 1618 2057 confeJJio
1656 2013 1715 2050 lib.
1768 2017 1863 2053 Mihi
1890 2017 1951 2055 iste
1982 2020 2076 2059 dilc-

1111 2065 1193 2091 rum
1233 2057 1495 2097 Genitivorum
1531 2060 1692 2098 adulterii
1729 2066 1766 2102 ὃ(
1795 2067 1945 2104 libidinis
1985 2083 2075 2110 con-

1113 2106 1232 2143 cursus
1262 2108 1441 2156 suspectus
1469 2111 1539 2154 est;
1576 2121 1743 2162 putoque
1771 2117 1954 2164 adulterii,
1989 2133 2074 2161 cum

1113 2155 1157 2193 ad
1193 2157 1437 2198 illustrandam
1477 2174 1612 2199 vocem
1648 2163 1809 2205 libidinis
1841 2169 2011 2209 scrinium
2054 2174 2073 2212 a

1112 2208 1274 2255 quodam
1305 2211 1343 2246 in
1370 2212 1535 2259 margine
1565 2212 1706 2259 sufflet,
1741 2212 1919 2266 irrepfiffe‘
1943 2222 2075 2262 deinde

1107 2257 1145 2293 in
1176 2266 1333 2297 textum.
1389 2262 1459 2299 Sed
1491 2274 1560 2300 nec
1592 2266 1845 2313 intemperantis
1882 2274 1930 2307 τῶ
1960 2275 2077 2310 libidi-

1107 2310 1159 2342 nis
1173 2309 1271 2347 recle
1292 2310 1376 2348 addi
1397 2312 1553 2350 videtur.
1606 2314 1818 2356 Secundum
1842 2333 1924 2359 eam
1946 2324 2069 2362 lec'iio-

1110 2369 1223 2404 nem,
1247 2373 1358 2409 quam
1387 2374 1454 2400 nos
1470 2363 1677 2412 sequimur,
1709 2376 1747 2405 ut
1766 2382 1841 2408 vox
1860 2377 2001 2421 generis
2019 2379 2071 2411 in·

1106 2414 1344 2457 temperantiae
1369 2425 1437 2461 pro
1467 2426 1563 2452 voce
1590 2417 1722 2464 speciei
1752 2422 1996 2472 vasffsgffiae,
2023 2427 2071 2462 ita

1107 2471 1183 2498 VOX
1210 2462 1339 2500 itidem
1367 2466 1510 2511 generis
1539 2467 1695 2504 libidinis
1725 2482 1793 2518 pro
1824 2485 1919 2511 voce
1944 2475 2070 2522 speciei

1103 2510 1264 2548 adulterii
1293 2513 1409 2562 pofita
1444 2516 1565 2554 fuerit.
1629 2519 1763 2570 Neque
1800 2524 1847 2560 est
1883 2524 1956 2560 hoc
1994 2525 2069 2561 fine

1107 2563 1292 2611 exemplo.
1322 2565 1420 2603 Nam
1444 2567 1481 2604 &
1503 2569 1598 2606 infra
1620 2582 1708 2608 vm.
1736 2585 1768 2609 z.
1792 2584 1824 2609 2.
1851 2578 2068 2610 commercium

1103 2611 1258 2650 libidinis
1285 2625 1419 2659 vocat,
1464 2619 1568 2666 quod
1605 2621 1713 2668 paulo
1752 2622 1828 2670 post
1865 2625 2066 2661 adulterium

1104 2664 1273 2711 appellat.
1301 2667 1497 2707 VORST.
1529 2671 1628 2708 Cum
1652 2672 1825 2708 Brandeb.
1853 2673 1889 2709 δέ
1923 2675 2066 2712 vetustis

1104 2713 1199 2752 Edd.
1223 2717 1333 2755 MSS.
1356 2719 1467 2756 nostri
1496 2721 1736 2758 consentiunt.
1764 2722 1842 2758 Cic.
1870 2722 1915 2759 de
1933 2725 2064 2774 Arusp.

1105 2766 1211 2815 Resp.
1239 2779 1269 2804 C.
1283 2779 1343 2805 20.
1373 2770 1442 2817 Qui
1455 2774 1524 2818 post
1541 2773 1646 2819 patris
1666 2782 1797 2808 mortem
1813 2774 1954 2819 primam
1970 2777 2069 2813 illam

1102 2820 1290 2855 aetatulam
1306 2822 1405 2867 suam
1423 2819 1468 2857 ad
1480 2826 1665 2869 scurrarum
1686 2823 1892 2870 locupletium
1915 2825 2070 2863 libidines

1101 2867 1242 2906 detulit:
1269 2884 1407 2919 quorum
1435 2874 1687 2919 intemperantia
1707 2874 1838 2919 expleta
1868 2876 1903 2910 in
1921 2874 2071 2925 domesti-

1101 2921 1147 2955 cis
1166 2923 1210 2967 est
1221 2923 1464 2972 germanitatis
1477 2925 1602 2970 stupris
1621 2924 1805 2959 volutatus.

1154 2983 1212 3015 cs),
1248 2974 1330 3008 Duo
1355 2976 1483 3019 fratres
1514 2974 1642 3008 Cloelii.
1696 2975 1798 3009 Pater
1836 2977 1874 3012 T.
1902 2976 2064 3026 Cloelius]

1102 3003 1229 3060 Edidit
1255 3023 1305 3061 ita
1324 3024 1494 3073 Pighius3
1518 3033 1601 3061 cum
1632 3023 1855 3074 antiquiores
1883 3028 1976 3076 typis
1998 3039 2060 3064 ex-

1958 3078 2060 3126 preffi
