2516 3509
473 124 626 178 DE
718 123 1806 193 CRUDELITATE.
2012 144 2119 215 809

130 223 251 272 tibus
284 221 440 269 locum
473 220 621 267 cinere
654 219 932 283 complevit,
968 218 1013 260 7⁶
1047 220 1372 286 suppositoque
1406 225 1539 289 tigno
1573 230 1886 292 prominente,
1921 232 2116 300 benigne

132 302 239 349 cibo
275 300 322 347 &
357 300 549 364 potione
583 311 803 362 exceptos
838 300 885 346 in
916 315 971 346 eo
1008 300 1290 359 collocabat3
1334 299 1359 348 e
1393 319 1485 366 quo
1519 304 1678 354 somno
1712 308 1875 374 sopiti,
1910 314 1957 359 in
1991 315 2114 362 illam

130 379 382 429 insidiosam
417 381 679 444 congeriem
714 378 996 426 decidebant.

200 466 242 498 77
290 460 509 522 Apertior
555 459 603 505 &
637 458 799 505 tetrior
841 459 1019 505 alterius
1064 456 1127 512 78,
1155 458 1283 506 Ochi
1327 462 1606 523 cognomine
1643 463 1906 513 Artaxerxis
1950 470 2107 516 crude·
2212 476 2230 510 7

132 541 230 587 litas
252 573 268 598 ‚
311 540 389 601 qui
425 547 469 578 79
506 539 691 587 Ocham
725 537 923 584 sororem
945 572 961 597 ,
1005 552 1140 603 atque
1174 538 1360 586 eandem
1404 539 1582 590 socrum
1609 578 1624 603 ‚
1667 546 1818 593 vivam
1854 550 2001 610 capite
2035 550 2107 596 de·
2121 515 2319 590 {lifredi-3⁸¹1.

217 617 224 624 .
1285 617 1292 623 .
1449 619 1472 627 ..
1766 625 1771 631 .
2124 598 2284 632 Persarum

131 615 282 663 fodit:
332 616 380 662 ὃς
425 630 638 680 patruum
682 631 789 663 cum
837 615 880 642 80
926 630 1111 663 centum
1157 615 1348 680 amphus
1392 616 1496 665 filus
1531 637 1582 667 ac
1617 624 1861 687 nepotibus
1902 623 2231 681 8¹vacua1egem

131 711 228 742 area
270 695 535 743 destitutum
560 731 575 756 ,
622 695 784 759 jaculis
829 696 1061 753 confixit5
1115 697 1236 744 nulla
1280 699 1444 762 injuria
1488 700 1740 762 laceffitus,
1793 703 1864 751 sed
1907 707 2031 769 quod
2066 683 2214 755 indm*

133 776 202 822 his
236 778 478 824 maximam
524 777 644 841 apud
687 776 833 824 Persas
874 778 1111 841 probitatis
1148 779 1197 827 ὃς
1234 779 1516 829 Fortitudinis
1561 783 1739 831 laudern
1775 787 2013 837 consistere
2048 794 2116 839 vi-

133 852 282 901 debat.
1816 874 1821 877 ·

135 1065 301 1103 tribuerit
322 1093 331 1109 ‚
371 1065 475 1115 quod
506 1066 624 1104 fuerat
654 1064 800 1101 Gobriae
831 1066 912 1103 Lib.
933 1078 995 1104 111.
1017 1078 1049 1104 2.
1070 1079 1103 1104 2.

138 1117 185 1153 Et
199 1115 246 1153 sic
261 1119 407 1152 Darium
427 1118 526 1153 hunc
546 1125 650 1153 antea
664 1116 783 1152 Ochum
803 1117 1026 1165 appellatum
1050 1116 1105 1154 di-

139 1168 188 1204 cit
213 1196 222 1210 ,
269 1167 371 1216 quod
407 1179 426 1204 a
450 1167 602 1204 nemine
632 1166 704 1203 alio
731 1167 904 1215 traditum
936 1168 1104 1216 reperias.

136 1217 328 1255 Praeterea
347 1217 505 1256 Ovidius
525 1219 599 1255 hoc
620 1217 833 1266 supplicium
856 1218 980 1256 tribuit
999 1221 1104 1255 Dario

131 1268 272 1316 seeundo
300 1270 367 1317 >qui
396 1280 522 1305 revera
553 1268 656 1305 Ochus
687 1269 756 1305 fuit
778 1268 990 1318 appellatus.
1018 1269 1103 1307 Scio

140 1318 337 1368 quomodo
373 1319 448 1356 hoc
484 1319 656 1368 expedire
694 1326 814 1357 tentet
852 1320 907 1357 vir
946 1319 1106 1358 dofflffi-

141 1381 223 1407 mus
246 1398 256 1413 ‚
300 1369 360 1406 sed
389 1370 439 1406 nil
467 1370 532 1407 nisi
556 1381 673 1407 meras
705 1369 824 1408 adfert
851 1370 1102 1419 conje&uras;

139 1428 180 1458 ut
200 1419 393 1457 Valerium
415 1421 521 1458 omni
541 1432 664 1458 errore
680 1419 808 1458 liberet
821 1447 830 1463 ‚
857 1420 1013 1459 statuens
1024 1424 1101 1458 Da-

136 1474 222 1507 rium
245 1472 441 1519 Hystaspis,
474 1473 585 1509 etiam
607 1471 651 1509 ab
670 1471 813 1509 Ovidio
826 1471 1003 1520 secundum
1033 1471 1104 1509 dici

139 1521 296 1569 potuisse
321 1522 482 1569 respee'tu
510 1522 653 1560 alterius
679 1524 779 1559 Darii
798 1522 971 1567 senioris,
996 1525 1105 1559 Darii

138 1572 238 1608 Medi
263 1572 445 1609 videlicet.
474 1572 543 1610 Sed
574 1573 701 1611 diserte
722 1573 838 1610 Dario
858 1574 1013 1618 Notho,
1041 1576 1105 1623 qui

139 1631 245 1660 antea
261 1624 389 1660 Ochus
411 1624 608 1672 appellatus
627 1624 857 1667 erat‚tribuit
868 1624 943 1662 hoc
954 1624 1104 1670 Ctesias,

136 1674 281 1710 tradens
302 1674 416 1721 ipsum
439 1686 486 1711 eo
507 1674 626 1711 modo
647 1686 667 1711 e
689 1673 813 1711 medio
843 1672 1009 1712 sustuliffe
1037 1675 1104 1712 fra·

139 1731 232 1761 trem
262 1724 364 1761 suurn
391 1724 630 1761 Sesundianum
667 1724 901 1773 jurisjurandi
926 1725 1104 1772 religione

140 1774 351 1822 deceptum.
381 1775 479 1811 Vide
505 1787 538 1823 p.
566 1775 650 1821 647.
677 1777 713 1812 &
735 1774 818 1820 648.
846 1774 912 1812 Ed.
932 1775 1103 1812 Gronov.

141 1832 183 1862 ut
203 1825 299 1862 adeo
323 1826 446 1862 frustra
475 1826 510 1862 in
542 1825 608 1862 illis
629 1824 868 1863 conciliandis
888 1824 992 1862 labor
1011 1825 1104 1862 sumi

142 1875 321 1913 videatur.
355 1877 466 1913 Poffis
485 1884 611 1914 tamen
634 1876 837 1913 existimare
857 1876 892 1912 τὲ
906 1879 1030 1924 septem
1058 1888 1102 1912 ex

141 1924 253 1973 glossa
282 1934 406 1964 ortum
447 1925 518 1963 effe
541 1955 551 1972 ,
594 1926 863 1976 aufioremque
895 1925 1105 1975 fimpliciter

136 1974 317 2025 scripsisse.
353 1982 411 2012 Ne
430 1991 525 2026 quem
546 1991 587 2013 ex
604 1979 827 2023 conjuratione
842 2002 853 2018 ,
879 1990 965 2024 quae
992 1991 1105 2026 magos

137 2041 207 2063 cum
223 2042 258 2063 eo
276 2027 482 2076 oppresserat.
509 2029 705 2072 Coniuratio
723 2028 871 2074 ponitur
899 2038 966 2074 pro
993 2034 1103 2071 coniu-

137 2080 238 2116 ratis.
271 2089 364 2126 quos
384 2076 559 2125 glossator
571 2080 696 2125 septem
719 2075 821 2113 fuiffe
846 2081 1049 2117 notaverat?
1065 2078 1102 2115 in

140 2129 305 2178 margine
320 2156 330 2173 ,
354 2128 429 2165 hoc
459 2139 546 2165 cum
578 2139 656 2164 non
686 2128 905 2164 conveniret
927 2139 1011 2164 cum
1034 2140 1102 2165 vo-

138 2179 270 2218 cabulo
291 2179 539 2226 conjuratione,
566 2177 612 2215 ad
629 2191 741 2230 magos
762 2177 863 2215 illurn
885 2178 1103 2216 transferen-

136 2230 229 2268 dum
250 2237 436 2279 putarunt.

188 2293 247 2330 73.
283 2284 373 2321 «Λκε
394 2282 482 2324 ferro
512 2289 573 2316 aut
602 2280 675 2315 ulla
699 2277 754 2327 vi]
804 2276 954 2315 Recftius
983 2277 1102 2317 abeffe

139 2340 232 2380 puto
265 2343 350 2368 cum
382 2331 464 2368 MS.
490 2329 527 2367 τέ
544 2330 628 2367 ulla.
654 2329 897 2366 PERIZON.
926 2331 1103 2368 Retinent

141 2383 253 2420 nostri
281 2393 437 2425 omnes,
462 2392 531 2418 nec
560 2380 668 2417 debet
697 2378 836 2423 abeffe,
865 2391 1038 2428 magnam
1064 2393 1102 2417 e-

138 2434 216 2470 nim
262 2433 373 2470 habet
409 2430 596 2481 emphasin
626 2430 717 2468 istud
759 2432 833 2466 ulla
869 2431 915 2466 vi.
976 2433 1102 2479 Quare

136 2483 265 2521 fraude
295 2484 416 2532 potius
457 2495 521 2520 eos
557 2482 801 2519 circumvenit
822 2510 832 2526 ,
878 2492 992 2530 quam
1021 2483 1098 2520 vim

136 2534 216 2583 ipfis
245 2534 364 2571 intulit
391 2535 535 2572 Darius.

185 2596 243 2631 74.
269 2588 367 2632 Quae
385 2585 441 2620 hos
456 2585 567 2629 junfto
579 2583 663 2632 fibi]
696 2583 738 2620 In
761 2581 1000 2624 Cauchiano,
1021 2583 1097 2630 Qa

127 2647 253 2685 graves
274 2634 353 2682 fibi.
380 2635 422 2672 In
452 2635 550 2679 aliis,
586 2636 661 2681 Qua
687 2637 825 2679 onustos.
855 2633 897 2670 In
916 2633 1097 2670 Winche-

132 2687 234 2722 liano
248 2713 258 2727 ‚
287 2686 362 2732 Qa
378 2688 522 2733 onerosos
536 2700 547 2721 :
575 2688 685 2731 Quae
705 2683 815 2720 leffio
836 2684 949 2730 magis
966 2683 1096 2731 placet.

133 2736 274 2774 PIGH.
303 2737 378 2781 Qua
405 2737 549 2783 onerosos
564 2735 629 2782 fibi
647 2736 789 2771 tolleret.
817 2734 931 2770 Varie
955 2735 1096 2781 prorsus

137 2787 230 2824 haec
249 2786 286 2822 in
306 2785 430 2822 Mstis.
451 2785 575 2834 scripta
593 2786 694 2828 sunt,
722 2792 762 2821 ut
782 2784 910 2821 videre
931 2785 978 2821 est
999 2785 1095 2832 apud

133 2837 303 2885 Pighium
321 2864 330 2880 ,
351 2835 507 2872 minime
526 2844 652 2872 tamen
672 2835 790 2883 placet
803 2863 812 2877 ‚
839 2835 941 2883 quod
959 2835 1092 2873 edidit:

133 2900 204 2925 nec
222 2889 319 2924 enim
341 2886 463 2932 onerosi
482 2885 530 2922 illi
556 2895 678 2930 erant,
705 2884 762 2922 sed
782 2884 881 2932 odiofi
892 2913 902 2929 ‚
929 2892 969 2922 ut
989 2886 1096 2924 habet

136 2939 218 2976 MS.
248 2938 378 2983 Copes.
407 2937 636 2983 praeferens,
665 2950 749 2987 quae
776 2935 899 2983 odiosos
913 2935 980 2982 fibi
999 2938 1094 2973 tolle-

133 3001 194 3028 ret.
221 2988 463 3027 PERIZON.
489 2987 594 3026 Paris.
618 2990 687 3026 sec.
709 2986 777 3026 Ed.
807 2988 913 3036 Mog.
940 2991 1097 3038 onerosos.

1996 948 2123 997 Con-

1158 1069 1264 1108 Leid.
1292 1070 1408 1120 quint.
1434 1070 1551 1120 Ultraj
1593 1072 1660 1109 sec.
1687 1076 1825 1121 onustos.
1849 1074 1980 1124 Ultraj.
2008 1078 2115 1125 prim.

1153 1119 1210 1156 hos
1230 1124 1327 1168 ustos.
1356 1121 1457 1159 Harl.
1483 1122 1539 1158 bos
1553 1125 1697 1170 jum‘hr.
1711 1125 1814 1161 Barb.
1839 1127 1945 1173 prim.
1961 1127 2017 1162 bos
2032 1134 2116 1176 jun-

1154 1171 1218 1206 Hos
1239 1172 1328 1219 fibi,
1345 1174 1393 1207 al’
1419 1173 1581 1220 bonustos.
1621 1174 1726 1212 Leid.
1747 1175 1813 1212 sec.
1847 1175 1990 1224 Odiosos
2010 1178 2117 1217 Paris.

1155 1222 1262 1269 prim.
1293 1223 1400 1260 Leid.
1426 1230 1507 1260 tert.
1532 1224 1619 1260 sext.
1647 1226 1684 1261 ὃς
1710 1225 1794 1272 sept.
1819 1225 1886 1263 Bit.
1916 1229 2021 1275 prim.
2043 1244 2111 1279 qua

1153 1273 1279 1320 invisos
1312 1276 1360 1309 αἶ’
1390 1276 1529 1321 onustos.
1576 1273 1712 1323 Odiosos
1742 1276 1851 1313 etiam
1886 1278 1976 1315 mihi
2003 1282 2115 1328 magis

1155 1335 1265 1372 quam
1297 1326 1441 1372 onerosos
1469 1324 1600 1373 placet.

1205 1384 1264 1422 75.
1293 1377 1423 1423 Septum
1449 1376 1532 1410 altis
1560 1374 1739 1422 parietibus
1767 1376 1886 1426 locum]
1913 1378 2053 1418 Confer
2076 1393 2120 1418 o·

1157 1425 1289 1462 mnino
1318 1425 1399 1462 Lib.
1431 1437 1487 1462 11.
1513 1425 1707 1462 Macchab.
1734 1431 1790 1476 13.
1819 1440 1851 1475 ς.
1878 1429 1963 1466 vide
1988 1432 2025 1468 &
2053 1433 2117 1469 Us-

1154 1475 1234 1512 serii
1262 1475 1362 1513 Ann.
1389 1476 1498 1525 3581.

1207 1526 1265 1572 76.
1289 1527 1523 1576 Suppofitoque
1542 1525 1652 1577 tigno]
1673 1527 1945 1575 NotatPighius
1964 1530 2001 1566 in
2022 1542 2118 1569 mar-

1155 1576 1241 1623 gine
1255 1577 1452 1622 ,diversam
1471 1576 1670 1614 leetionem
1694 1575 1764 1614 csse
1774 1580 1986 1627 superpofito.
2002 1583 2119 1628 Quod

1155 1627 1239 1663 sane
1267 1627 1304 1664 in
1337 1635 1497 1676 utroque
1527 1628 1639 1665 etiam
1672 1627 1755 1665 cod.
1784 1628 1917 1666 Brand.
1949 1630 2116 1670 observo.

1157 1677 1352 1715 VORST.
1379 1678 1582 1724 Superpofito
1599 1678 1706 1715 Leid.
1727 1679 1812 1716 sext.
1826 1680 1862 1716 δε
1877 1680 2008 1728 Copes.
2030 1693 2116 1721 cum

1157 1726 1226 1764 Ed.
1254 1729 1362 1776 Mog.
1399 1727 1562 1765 fimiliter
1596 1729 1778 1766 variatum
1813 1730 1916 1778 supra
1952 1732 2035 1770 Lib.
2062 1746 2117 1772 1x.

1155 1788 1190 1814 2.
1217 1789 1251 1823 4.

1208 1839 1266 1874 77.
1291 1829 1471 1876 Apertior
1498 1836 1542 1864 (φ’
1564 1827 1698 1878 tetrior]
1729 1830 1835 1867 Unus
1864 1842 1883 1868 e
1908 1832 2024 1869 Duae.
2046 1837 2117 1872 A·

1146 1880 1275 1928 sperior
1293 1887 1338 1914 Ο
1359 1881 1487 1915 tetrior.

1207 1943 1265 1988 78.
1292 1940 1390 1990 Ochi]
1428 1943 1488 1979 De
1516 1943 1628 1981 Ocho
1657 1942 1802 1980 Aelian.
1842 1943 1886 1980 L.
1914 1956 1967 1981 11.
1991 1945 2037 1981 V.
2061 1945 2114 1983 H.

1160 2004 1215 2038 17.
1247 1994 1285 2031 δί
1313 1993 1357 2029 L.
1384 2005 1444 2029 vr.
1475 1993 1509 2030 8.
1555 1993 1638 2040 Just.
1678 1994 1723 2031 L.
1745 2005 1778 2030 x.
1808 2005 1840 2043 3.
1877 1993 1991 2032 Usser.
2016 1995 2116 2034 Ann.

1157 2044 1263 2093 3644
1286 2043 1530 2081 PERIZON.

1207 2119 1266 2156 79.
1299 2108 1420 2144 cham
1441 2108 1603 2158 sororem]
1643 2110 1800 2159 Aliquot
1827 2110 1934 2148 MSS.
1969 2113 2115 2160 Otiosam

1144 2158 1290 2205 sororem
1305 2187 1315 2203 ‚
1342 2170 1435 2196 unus
1451 2162 1563 2196 Ociam
1577 2187 1587 2203 ‚
1614 2160 1703 2197 alter
1722 2163 1864 2207 Ocisam.

1205 2209 1265 2247 80.
1293 2212 1431 2246 Centum
1450 2212 1592 2259 amplius
1603 2210 1712 2260 filiis]
1751 2211 1808 2247 Sic
1827 2211 1934 2251 MSS.
1948 2213 2114 2251 Restituit

1153 2257 1309 2306 Pighius.
1353 2261 1475 2308 Vulgo
1502 2263 1546 2297 Et
1573 2263 1717 2310 amplms
1742 2261 1929 2310 legebatur
1955 2272 2114 2312 praeter*

1152 2321 1264 2358 quarn
1283 2311 1320 2346 in
1342 2311 1450 2359 Mog.

1203 2360 1260 2398 81.
1299 2365 1413 2397 Vacua
1448 2375 1526 2397 area
1554 2359 1764 2410 destitutum]
1809 2358 1993 2410 'Destituere
2027 2377 2111 2412 pro-

1142 2410 1228 2458 ·prie
1258 2410 1355 2449 idem
1389 2411 1437 2448 est
1465 2411 1569 2461 quod
1594 2412 1732 2462 defigere
1755 2438 1765 2455 ‚
1802 2415 1969 2450 collocare.
2009 2415 2111 2452 Plau-

1152 2468 1208 2498 tus
1235 2462 1332 2499 Rud.
1360 2475 1420 2499 111.
1450 2476 1482 2511 ς.
1509 2474 1570 2511 43.
1606 2464 1656 2498 lta
1675 2461 1742 2498 duo
1761 2462 1911 2512 destituit
1931 2464 2029 2512 figna
2058 2465 2111 2500 his

1150 2525 1220 2547 cum
1247 2514 1356 2549 clavis
1377 2516 1495 2560 senex.
1541 2512 1670 2550 Livius
1692 2525 1776 2551 V11.
1828 2517 1900 2549 Duo
1923 2515 2047 2549 armati
2073 2517 2107 2550 in

1149 2561 1253 2598 medio
1280 2562 1515 2608 destituuntur.
1567 2563 1615 2601 Et
1642 2563 1756 2601 alibi:
1798 2567 1907 2601 Ante
1932 2563 2026 2611 pedes
2053 2564 2108 2600 de-

1139 2614 1299 2660 stitutum
1326 2618 1456 2663 causam
1484 2613 1590 2650 dicere
1611 2614 1711 2661 juffit.
1759 2613 1853 2650 Vide
1872 2613 1917 2649 de
1935 2613 2003 2650 hac
2019 2626 2104 2661 pro-

1147 2664 1223 2712 pria
1248 2665 1350 2703 verbi
1380 2665 1643 2714 fignificatione
1672 2666 1710 2701 &
1738 2664 1928 2712 Cujacium
1957 2675 1990 2701 x.
2014 2665 2102 2703 Obs.

1146 2726 1204 2761 24.
1232 2716 1426 2755 VORST.

1207 2780 1265 2817 82.
1309 2780 1451 2831 Indigno
1488 2779 1620 2830 gloriae
1649 2779 1731 2824 suae
1763 2775 1904 2825 decreto]

1147 2831 1290 2878 Indigno
1309 2834 1422 2883 gloria
1445 2834 1509 2879 sua
1535 2828 1668 2864 decreto.
1696 2827 1930 2865 GUYET.
1960 2827 2016 2864 Sic
2037 2829 2101 2866 ha-

1146 2881 1208 2919 bet
1226 2882 1333 2920 Leid.
1363 2883 1479 2933 quint.
1506 2879 1574 2916 Sed
1600 2877 1682 2913 vide
1705 2889 1797 2926 quos
1825 2878 1911 2915 citat
1934 2877 1987 2914 Cl.
2012 2879 2099 2916 Bur-

1148 2944 1304 2971 mannus
1333 2934 1378 2972 ad
1401 2930 1535 2970 Phaed.
1563 2928 1642 2964 Lib.
1674 2941 1729 2965 1v.
1756 2940 1814 2965 20.
1842 2927 2019 2979 Quidquid
2033 2941 2098 2978 pu-

1147 2982 1235 3021 tabit
1249 2984 1322 3033 >effe
1348 2984 1483 3036 dignum
1510 2979 1689 3017 memoriae.

1571 3034 1601 3069 K
1614 3032 1637 3069 k
1647 3032 1670 3070 k
1704 3032 1727 3070 k
1739 3032 1762 3069 l<

1953 2776 2101 2817 Malim.

1942 3032 1999 3080 83.
2022 3035 2103 3073 este-
