2387 3421
514 124 1781 190 DEDICATIO.

33 263 139 331 illa
174 258 430 354 quidem
471 252 761 322 omnibus
792 304 811 335 ‚
861 263 923 320 δε
968 252 1187 321 testata
1227 253 1471 321 bonitas
1515 308 1531 336 ,
1594 260 1693 327 sed
1738 267 2067 353 praecipue
2115 288 2253 354 per-

32 356 235 445 specta
270 348 423 415 mihi
467 345 728 412 infinitis
774 344 1142 412 testimoniis
1191 367 1296 412 tua
1355 369 1499 434 erga
1543 374 1640 414 me
1688 355 1987 442 propensa
2032 358 2253 419 volun-

34 468 147 512 tas,
244 447 424 506 Hanc
476 461 544 504 tu
602 438 859 530 quidem
918 436 1139 526 insigni
1200 439 1586 503 documento
1642 443 1927 530 aperuisti
1971 496 1987 524 ‚
2054 471 2251 537 quum

36 558 263 601 nomen
307 554 513 597 meum
562 527 944 594 nobilissimis
991 529 1251 616 collegis
1298 532 1417 595 tuis
1453 577 1469 606 ‚
1523 531 1598 594 de
1649 537 1918 598 Reffi’mre
1961 536 2251 602 Leidensi

34 624 298 692 Scholae
358 618 778 714 praeficiendo
835 617 1326 685 deliberantibus
1374 668 1390 696 ,
1457 625 1689 710 primus
1753 620 2057 710 subjecisti
2105 676 2122 705 ,
2189 637 2253 692 δε

31 715 467 803 suffragatione
510 733 614 775 tua
647 731 714 774 ut
748 733 867 798 ego
907 708 1031 774 hoc
1063 734 1317 776 munere
1349 711 1571 798 dignus
1606 710 1903 791 haberer,
1957 716 2247 795 effecisti;

32 808 135 872 sed
181 831 256 869 ex
300 829 375 867 eo
421 805 607 866 etiam
660 821 944 889 tempore
991 801 1162 865 illam
1217 806 1279 865 in
1346 822 1407 864 te
1470 824 1757 892 expertus
1817 804 1947 868 sum
2010 806 2250 895 prorsus

36 896 422 985 singularem.
508 892 708 980 Qiod
749 910 926 954 tuum
961 913 1106 979 erga
1152 913 1251 954 me
1297 888 1566 956 studium
1605 915 1671 957 ut
1706 896 2095 986 voluptatem
2138 903 2253 961 mi..

34 986 97 1051 hi
146 1007 431 1072 magnam
477 982 679 1046 adfert
721 1029 738 1058 ,
802 983 890 1044 ita
933 1003 1187 1072 quoque
1244 1002 1313 1046 ut
1359 982 1803 1071 religiofiffimo
1850 991 2113 1052 nominis
2163 993 2255 1053 tui

35 1077 207 1142 cultu
239 1074 392 1138 illud
428 1070 638 1163 possim
671 1074 937 1135 retinere
970 1072 1195 1161 cupide
1229 1070 1467 1163 semper
1497 1073 1856 1140 elaborabo.

126 1164 382 1255 Quibus
428 1169 552 1252 jam
587 1160 790 1226 verbis
824 1164 929 1227 Te
964 1162 1363 1253 compellabo
1399 1213 1415 1240 ,
1466 1165 1800 1231 Burmanne
1833 1165 2258 1237 Celeberrime?

36 1261 312 1348 Qoties
360 1258 561 1320 tacitis
615 1278 734 1342 ego
766 1257 926 1318 votis
973 1258 1184 1343 optavi
1230 1275 1371 1318 ante
1423 1253 1544 1320 hoc
1583 1259 1991 1337 decennium,
2045 1283 2111 1325 ut
2145 1265 2257 1328 ali-n

33 1372 154 1440 qua
199 1350 435 1412 ratione
485 1344 599 1409 tibi
646 1340 880 1435 possem
914 1342 1296 1410 innotescere
1331 1395 1347 1422 ‚
1401 1352 1572 1434 cujus
1619 1347 1917 1413 summam
1959 1353 2261 1419 eruditio-

38 1463 179 1502 nem
223 1434 624 1526 suspiciebam
668 1444 728 1499 δε
775 1434 1123 1501 admirabar
1176 1440 1467 1502 maxime.
1581 1441 1754 1503 Favit
1803 1441 2051 1505 tandem
2099 1445 2257 1510 milii

38 1529 288 1593 fortuna
319 1576 335 1602 ,
388 1537 446 1592 &
480 1525 657 1617 supra
701 1548 921 1590 votum
958 1525 1133 1591 favit.
1235 1532 1391 1593 Non
1426 1533 1591 1593 enim
1627 1529 1743 1594 tibi
1791 1553 2031 1596 tantum
2079 1539 2260 1600 inno„

39 1624 180 1696 tui,
233 1617 329 1682 sed
369 1622 432 1680 in
469 1616 957 1681 familiaritatem
1005 1621 1198 1683 etiarn
1242 1619 1529 1684 admissus
1577 1621 1728 1687 sum.
1844 1626 1993 1715 Qa
2039 1649 2102 1689 re
2148 1625 2256 1707 fit,

37 1730 106 1774 ut
166 1707 517 1775 dofflziffimis
576 1712 697 1772 tuis
753 1705 1135 1774 sermonibus
1183 1758 1200 1786 ‚
1265 1716 1562 1803 omnique
1622 1714 1930 1801 elegantia
1989 1718 2258 1784 conditis

40 1824 163 1864 non
214 1800 405 1863 modo
453 1799 680 1864 erudiri
715 1796 871 1863 mihi
913 1797 1171 1866 subinde
1218 1807 1544 1892 contingat
1572 1853 1588 1881 ‚
1641 1804 1741 1868 sed
1785 1804 2026 1896 insuper
2073 1813 2261 1876 etiam

39 1889 363 1955 confilium
422 1890 845 1982 auxiliumque
905 1910 1080 1955 tuum
1143 1892 1442 1983 nusquam
1504 1892 1660 1958 mihi
1725 1895 1925 1960 deeffe
1987 1904 2258 1988 patiaris,

41 1985 185 2045 Hoc
232 1978 524 2046 fiduciam
565 1985 773 2045 animo
836 2005 976 2045 meo
1031 1983 1273 2048 addidit
1307 2033 1321 2060 ,
1393 1985 1458 2048 &
1506 2007 1573 2049 ut
1630 1985 1776 2051 huic
1825 1988 2067 2053 Valerii
2116 1994 2263 2057 Edi-

42 2075 197 2135 tioni
243 2095 491 2136 manum
548 2073 946 2137 admoverem
990 2077 1248 2137 omnino
1292 2077 1563 2165 impulit.
1677 2077 1873 2143 Nefas
1930 2085 2096 2145 enim
2142 2081 2260 2148 effe

42 2159 346 2226 ducebam
391 2211 409 2241 ‚
461 2171 521 2226 &
566 2161 831 2228 desidiae
876 2160 1283 2253 suspicionem
1330 2167 1603 2255 effugere
1647 2193 1746 2232 me
1790 2194 1912 2233 non
1958 2171 2124 2260 poffe
2166 2179 2264 2261 ju-

44 2250 330 2316 dicabam
363 2299 380 2328 ,
432 2250 473 2315 si
528 2251 690 2318 hanc
736 2277 990 2341 operam
1049 2254 1552 2342 praestantissimo
1607 2259 1891 2349 scriptoi·i
1933 2286 2260 2351 negarem,

44 2340 120 2404 ad
183 2363 369 2429 quam
425 2338 868 2430 suscipiendam
929 2361 996 2405 tu
1042 2342 1196 2406 mihi
1245 2352 1460 2410 auctor
1510 2348 1577 2411 &
1625 2347 1911 2415 hortator
1961 2354 2258 2421 existebas

43 2427 437 2518 graviffimus,
537 2429 899 2518 Agnoscant
944 2435 1153 2522 itaque
1198 2458 1412 2500 omnes
1446 2485 1463 2514 ‚
1529 2443 1635 2528 qui
1680 2442 1886 2507 literas
1935 2442 2263 2511 humanio-

46 2543 139 2584 res
197 2540 404 2585 amant
445 2568 462 2598 ,
524 2518 567 2585 fi
613 2519 811 2586 studia
857 2519 959 2586 sua
1007 2521 1125 2589 hac
1168 2525 1445 2591 editione
1503 2532 1698 2616 juvari
1745 2534 2082 2623 quidquam
2127 2536 2261 2601 sen-

44 2614 208 2674 tiunt
247 2657 264 2685 ,
316 2609 585 2676 fructum
632 2636 883 2677 omnem
914 2661 931 2691 ,
982 2638 1171 2704 quem
1217 2618 1360 2681 inde
1404 2624 1756 2711 percipiunt
1787 2672 1803 2700 ‚
1859 2644 2099 2688 tantum
2133 2653 2260 2694 non

45 2703 152 2764 uni
185 2698 300 2764 tibi
332 2698 567 2767 deberi.
665 2707 884 2793 Qare
929 2724 1039 2768 tuo
1083 2731 1335 2797 quoque
1367 2733 1501 2775 eam
1533 2718 1770 2792 nomini
1802 2714 2027 2779 dedico
2061 2715 2262 2782 liben-

48 2789 263 2856 tissime
295 2839 312 2869 ,
363 2814 550 2882 quam
596 2791 638 2857 fi
686 2815 755 2858 tu
802 2795 992 2861 talem
1036 2799 1516 2888 deprehenderis
1552 2851 1567 2879 ‚
1619 2825 1687 2866 ut
1733 2804 1861 2868 dati
1906 2805 2144 2872 confilii
2195 2830 2256 2873 te

48 2904 174 2944 non
206 2886 524 2972 poeniteat
558 2931 577 2962 ,
628 2881 891 2950 susurros
925 2887 1224 2968 aliorum,
1278 2912 1381 2955 aut
1414 2893 1717 2981 malignos
1753 2894 2058 2962 sermones
2090 2897 2256 2990 sper-

48 2994 192 3037 nere
225 2974 473 3042 decrevi
505 3023 524 3055 ,
573 2974 791 3064 judicii
821 2981 913 3043 tui
945 2978 1247 3068 praesidio
1278 2983 1414 3048 satis
1450 3004 1638 3049 tutus.

2049 3083 2264 3173 Qod'
