2516 3509
704 138 841 195 DE
960 134 1524 194 SOMNIIS.
2039 133 2109 186 81

115 253 190 301 M.
209 248 401 300 Antonii
418 244 566 295 fruetis
584 242 775 309 opibUS,
810 249 852 281 43
880 240 1047 290 Casfius
1069 238 1342 297 Parmenfis,
1377 237 1456 300 qui
1479 246 1624 299 partes
1640 236 1734 298 ejus
1753 232 1928 282 secutus
1947 233 2109 292 fuerat,
2123 227 2320 312 szflffi’k

120 332 317 378 Athenas
348 326 586 389 confugit:
621 323 703 371 ubi
729 323 956 371 concubia
983 321 1146 380 nocte,
1182 336 1289 366 cum
1312 313 1676 363 solicitudinibus
1705 314 1752 360 ὃς
1782 316 1925 374 curis,
1961 326 2112 361 mente
2123 317 2303 397 &3134in

116 406 259 470 sopita
276 406 324 452 in
342 403 509 451 lectulo
524 404 695 466 jaceret
709 435 725 460 ,
760 400 1033 446 existimavit
1053 397 1108 444 ad
1126 397 1167 443 se
1187 396 1342 444 venire
1361 392 1599 439 hominem
1618 390 1813 454 ingentis
1838 391 2114 456 magnitudi-
2127 402 2162 433 se
2180 403 2299 432 Acten.

117 487 208 544 nis,
243 484 408 532 coloris
430 482 578 548 nigri,
613 480 861 546 squalidum
892 479 1052 538 barba,
1088 478 1137 524 ὃς
1158 483 1202 514 ⁴4
1221 472 1386 536 capillo
1419 467 1630 517 demisso:
1668 468 2117 535 interrogatumque,

122 564 321 629 quisnam
341 563 472 621 esset,
508 560 774 627 respondisse
809 568 849 598 45
875 565 1166 621 κακοδαίμονα.
1233 551 1503 601 Per-territus
1523 545 1686 594 deinde
1720 543 1766 585 4⁶
1789 559 1883 593 tam
1913 561 2032 596 tetro
2056 553 2121 597 vi-

129 770 265 808 Plinius
285 783 437 821 quoque
461 771 483 807 1.
506 783 613 808 xxxr.
642 781 672 806 c.
690 782 725 806 2.
752 770 828 817 ejus
855 766 1025 816 epistolae
1052 763 1098 801 ad

130 823 185 858 M.
204 823 414 860 Antonium
438 822 671 859 mentionem
691 820 800 863 facit,
827 827 868 856 ut
885 820 921 855 in
948 829 1019 865 qua
1037 827 1100 862 ap-

129 882 276 921 pareat,
314 873 490 922 Cydnum
519 871 671 907 Ciliciae
706 880 857 906 amnem
894 866 1099 915 podagricis

130 924 283 961 mederi.
310 923 503 961 VORST.
553 921 653 957 Vide
675 917 920 958 Torrentium
947 915 993 950 ad
1014 915 1100 950 Ho-

130 983 194 1011 rat.
213 974 235 1011 1.
254 986 285 1011 c.
312 975 351 1011 ὃς
368 972 414 1009 ad
433 972 503 1008 Sat.
526 984 582 1008 ro.
603 971 647 1006 L.
671 983 700 1006 1.
722 967 782 1004 ubi
802 965 922 1002 censet
939 963 1100 1000 diversos

128 1022 233 1062 fuiffe
261 1022 398 1070 Caffium
421 1024 626 1067 Parmensem
646 1046 657 1061 ‚
692 1019 730 1054 &
759 1015 896 1063 Cassium
916 1017 1098 1061 Etruscum.

81 1073 88 1081 '
132 1074 267 1112 Nescio
286 1085 331 1109 an
351 1083 449 1109 vere.
503 1071 603 1107 Nam
631 1067 734 1118 quod
753 1066 946 1106 Tibullum
965 1064 1101 1102 nitidis-

130 1125 263 1162 simum
282 1126 436 1171 po'e'tam
454 1120 526 1159 illic
548 1119 755 1168 comparari
774 1118 861 1155 dicit
883 1115 985 1164 Caffio
1008 1119 1095 1152 Par-

133 1191 203 1212 men
219 1190 228 1210 ι
247 1198 259 1216 ,
281 1185 368 1210 cum
385 1173 423 1211 in
444 1174 576 1220 Etrusco
599 1172 784 1220 majorem
801 1168 926 1206 saltem
947 1167 1100 1215 diligen-

128 1227 219 1263 tiam
246 1225 406 1274 requirat
424 1223 611 1269 Horatius
631 1250 641 1266 ,
678 1220 703 1257 fi
725 1232 803 1258 non
830 1228 954 1269 aperte
980 1230 1102 1266 repre-

129 1275 290 1319 hendat,
317 1275 354 1312 in
382 1287 428 1313 eo
457 1285 590 1311 vereor
616 1284 662 1309 ne
689 1271 806 1320 ipsum
834 1272 928 1309 ratio
957 1270 1101 1318 fugerit.

130 1326 235 1375 Quid
252 1333 354 1363 vetat
383 1326 485 1363 enirn
512 1326 560 1362 ita
587 1323 754 1372 accipere
780 1322 906 1361 locum
927 1320 947 1358 ὲ
965 1320 1048 1358 Lib.
1070 1334 1102 1358 1.

131 1378 199 1426 Ep.
218 1390 252 1424 4.
279 1384 318 1414 ut
337 1376 386 1414 ibi
403 1374 606 1414 multitudo
636 1374 758 1423 potius
784 1373 1001 1422 scriptorum
1030 1372 1106 1420 ejus

132 1428 335 1476 spectetur,
360 1439 473 1477 quam
493 1426 672 1474 elegantia
689 1427 831 1462 summa
862 1436 948 1461 cura
967 1422 1109 1472 expoli-

133 1488 183 1516 ta.
236 1480 328 1516 Nec·
343 1480 450 1527 juvat
475 1477 678 1527 quidquam
702 1504 712 1520 ‚
748 1474 851 1526 quod
877 1474 977 1512 bellis
995 1473 1110 1511 civili-

134 1531 200 1567 bus
218 1528 389 1567 distrit‘tus
409 1530 477 1566 fuit
496 1527 618 1575 Caffius
640 1527 848 1570 Parmensis,
879 1537 1001 1575 neque
1022 1524 1109 1562 ideo

138 1580 253 1618 multa
278 1580 429 1616 scribere
456 1576 612 1627 potuiffe
638 1577 819 1615 videatur.
879 1577 982 1625 Quid
1008 1577 1109 1613 enim

136 1643 215 1668 non
233 1630 384 1668 scribere
404 1631 509 1681 possit
526 1630 669 1674 homo,
689 1636 877 1678 utcunque
896 1636 1110 1677 occupatus,

135 1694 199 1732 qui

387 1743 475 1769 amet
486 1731 640 1781 firipfiffe
656 1731 807 1769 ducentos

188 1788 301 1822 „Ante
317 1783 421 1820 cibum
437 1786 550 1831 ‘versus
562 1812 574 1827 ‚
599 1782 735 1819 totidem
761 1791 912 1819 coenatus
927 1811 935 1826 ‚
962 1781 1090 1830 Etrusci

182 1836 299 1884 *Quale
310 1837 382 1881 fuit
403 1833 490 1883 Caffi
500 1832 616 1884 rapido
626 1835 816 1880 ferventius
832 1834 928 1870 amm'

194 1888 376 1937 Ingenium.

143 1937 291 1975 ’Voffius
309 1948 400 1974 vero
419 1935 464 1973 de
481 1935 606 1973 Poetis
618 1936 759 1974 Latinis
778 1935 868 1984 Cap.
881 1947 912 1973 2.
929 1935 1028 1972 hunc
1047 1946 1117 1972 no-

138 1988 249 2025 strum
273 1995 386 2025 vocat
404 1985 541 2036 Caffium
559 1991 717 2024 severum
737 1989 968 2033 Parmensem,
1005 1988 1043 2024 &
1070 1985 1116 2024 ad

146 2039 321 2076 eumdem
342 2039 475 2083 refert,
502 2050 596 2087 quae
617 2038 662 2075 de
681 2041 816 2085 Etrusco
842 2045 1114 2082 memorantur,

146 2100 261 2136 quum
287 2097 415 2127 tamen
443 2089 565 2137 Caffius
591 2093 732 2126 Severus
757 2088 832 2125 fine
854 2088 967 2126 dubio
988 2087 1007 2126 {1
1029 2091 1115 2124 Par-

148 2139 248 2182 mensi
267 2138 374 2177 fuerit
391 2140 569 2185 diversus,
595 2148 636 2178 ut
653 2139 798 2178 abunde
824 2140 976 2189 intelligi
999 2139 1117 2188 potest

149 2201 193 2225 ex
212 2190 253 2225 iis
265 2217 275 2231 ‚
293 2202 387 2238 quae
407 2191 452 2227 de
471 2191 547 2238 ipso
568 2191 721 2239 disputat
733 2191 955 2228 Torrentius
973 2190 1019 2227 ad
1032 2192 1117 2227 Ho—

148 2247 213 2295 rat.
234 2240 354 2288 Epod.
374 2241 465 2278 6.‘&
483 2240 554 2278 Lil.
573 2241 742 2278 Giraldus
761 2241 858 2278 Dial.
873 2254 928 2279 1v.
947 2242 1008 2278 De
1018 2241 1118 2278 Poe-2

149 2300 193 2327 tis
247 2321 253 2327 .
282 2300 321 2326 21
358 2319 365 2326 .

200 2303 257 2387 43.
285 2302 417 2388 Cassillo
434 2338 583 2388 demiffb]
612 2339 761 2375 Reffins
778 2346 884 2375 vetus
897 2338 1036 2387 ,capillo
1056 2338 1120 2373 im-

149 2392 251 2440 misso.
276 2391 396 2428 LIPS.
448 2391 582 2438 capillo
601 2388 742 2436 demisso.
771 2389 854 2426 Lib.
880 2388 1027 2426 Daniel.
1056 2390 1118 2423 im-

151 2443 255 2491 miJJb.
305 2441 464 2480 Rectius.
507 2440 650 2478 Servius
668 2440 747 2477 adr
759 2452 772 2477 1
784 2452 813 2477 1.
830 2439 988 2477 Aeneid.
1000 2440 1121 2476 inter-

152 2501 315 2541 pretatur
333 2492 506 2540 immiſj'am
523 2490 659 2528 barbam
676 2491 857 2541 neglee‘lam
878 2498 923 2526 (7
941 2492 1121 2540 impexam.

153 2544 298 2581 Sisenna
349 2543 407 2580 lib.
443 2555 522 2580 ΙΙΙ.
548 2542 625 2579 hist.
661 2543 850 2590 Complures
875 2544 996 2590 menses
1019 2540 1122 2577 barba

154 2595 295 2642 immiffa
316 2602 360 2630 <9-
380 2596 509 2641 intonso
529 2593 659 2641 capillo.
694 2593 838 2630 Servius
857 2592 960 2630 alibi:
991 2596 1124 2629 Veteres

155 2661 221 2683 non
230 2648 339 2694 solum
357 2659 480 2681 comam
505 2643 689 2688 ornabant,
710 2642 764 2690 sed
785 2646 886 2680 etiam
904 2643 1061 2685 barbam,
1082 2654 1121 2679 ut

154 2698 334 2733 nonnullas
360 2695 509 2731 videmus
523 2698 669 2742 statuas.
724 2694 794 2731 Sed
815 2695 968 2742 immissos
986 2695 1124 2744 capillos

157 2748 271 2784 etiam
291 2746 449 2784 Ovidius
467 2746 556 2783 dixit
575 2745 827 2794 Metamorph.
998 2747 1117 2794 immis

145 2801 204 2846 sos
224 2797 318 2834 edera
342 2798 477 2833 collefla
502 2797 650 2845 capillos.
725 2796 782 2832 Sic
808 2797 908 2833 enim
936 2808 981 2833 ex
1007 2798 1124 2834 veteri

161 2848 376 2885 membrana
390 2877 399 2892 ,
426 2859 522 2897 quae
540 2859 651 2895 penes
668 2858 731 2884 rne
749 2847 818 2891 est,
840 2847 1063 2896 jampridem
1085 2859 1123 2884 e-

161 2898 438 2936 mendaveram.
465 2899 657 2936 COLER.
706 2897 871 2947 Squalida
888 2897 989 2935 barba
1009 2906 1054 2934 er·
1073 2911 1125 2933 ca-

154 2949 242 2999 pillo
268 2948 411 2997 demiffo.
445 2950 615 2999 Uterque
645 2948 764 2986 codex
794 2948 972 2986 Brandeb.
1006 2950 1126 2996 capillo

161 3002 319 3047 immiff03
346 3000 542 3049 quomodo
563 2998 732 3037 codicem
754 3010 905 3048 quoque
929 2999 969 3036 P.
988 3000 1128 3037 Danie-

2049 627 2125 678 su,

1148 773 1197 799 ne
1219 760 1331 798 dubio
1355 760 1391 797 δε
1419 768 1518 795 vera.
1568 754 1742 803 Virgilius
1764 767 1825 792 111.
1853 754 1950 792 Aen.
1980 754 2065 790 Dira
2085 754 2128 789 il-

1150 815 1281 853 luvies,
1307 809 1513 858 immissaque
1532 806 1645 842 barba.
1687 807 1764 843 Ubi
1785 806 1951 843 Servius:
1980 805 2127 854 Qidam

1150 862 1289 897 barbam
1306 865 1463 903 majorem
1477 887 1484 899 ,
1520 858 1626 892 lufluvs
1647 856 1805 892 indicium
1835 856 1855 892 a
1879 858 2025 907 Virgilto
2041 856 2131 905 posi«

1152 921 1223 946 tum
1240 908 1578 957 reprel2endunt,cum
1599 906 1711 942 beroeis
1728 922 1792 942 non
1808 909 1937 953 fuerint
1948 909 2129 954 solitrton·

1151 959 1227 996 dere
1254 958 1402 995 barbam.
1460 958 1634 993 Donatus
1663 965 1809 993 autem:
1839 957 2008 1004 Immtffie‚
2036 959 2128 994 ultre

1153 1009 1282 1046 modum
1299 1007 1454 1061 grandis.
1512 1007 1559 1043 Et
1588 1007 1754 1044 Nonius:
1785 1011 1988 1050 Imminere,
2010 1008 2131 1043 dimit-

1154 1072 1220 1097 tere
1240 1060 1283 1096 αεὶ
1301 1061 1549 1111 prolixitatem.
1606 1057 1768 1095 Lucilius
1802 1058 1860 1095 lib.
1890 1071 1973 1095 xxx.
2010 1061 2127 1108 Neque

1152 1112 1288 1148 barbam
1308 1112 1482 1158 immiseris
1500 1111 1607 1156 istam.
1659 1109 1715 1145 EX
1734 1109 1863 1158 qulbus
1884 1117 2127 1158 apparetst'ef

1153 1171 1248 1200 teres
1284 1159 1409 1199 dixisse
1444 1162 1625 1196 immittere
1655 1159 1791 1195 barbam
1825 1172 1892 1208 pro
1926 1162 2130 1207 promittere.

1155 1214 1349 1251 VORST.
1378 1210 1526 1258 Immiffo
1540 1210 1652 1247 habet
1670 1212 1781 1248 etiam
1802 1223 1894 1248 unus
1914 1213 2123 1249 Rem.cu1n

1154 1265 1277 1314 primo
1296 1264 1408 1301 Bitur.
1437 1263 1474 1299 &
1503 1261 1610 1298 Leid.
1638 1262 1792 1310 quinto,
1822 1263 1859 1299 ὃς
1886 1262 1954 1299 Ed.
1981 1263 2028 1299 R.
2048 1262 2129 1299 ste-

1154 1316 1276 1366 pliani.
1328 1313 1453 1351 Ceteri
1479 1323 1565 1349 cum
1596 1311 1699 1349 editis
1726 1321 1875 1349 tuentur
1912 1313 2127 1360 vulgatum,

1157 1365 1355 1418 quomodo
1380 1365 1509 1401 tunicas
1528 1362 1680 1410 demissas
1698 1375 1765 1411 pro
1791 1363 2018 1411 longioribus
2045 1363 2131 1400 dicit

1157 1420 1323 1467 Propert.
1353 1416 1398 1453 L.
1423 1428 1480 1453 1v.
1499 1426 1534 1451 2.
1554 1413 1613 1463 38.
1642 1413 1784 1462 Immilso
1805 1421 1934 1451 tamen
1952 1413 2128 1463 praetule-

1160 1471 1243 1508 rim.
1295 1467 1409 1506 Ovid.
1438 1466 1492 1505 L:
1515 1478 1545 1504 1.
1573 1465 1682 1503 Trist.
1712 1478 1745 1516 3.
1773 1465 1833 1515 89.

1208 1548 1365 1602 Egredior
1394 1552 1403 1597 (
1419 1549 1486 1593 sive
1505 1547 1591 1584 illud
1609 1558 1681 1584 erat
1691 1547 1766 1595 fine
1777 1549 1894 1592 funere
1906 1547 2019 1594 ferri)

1257 1600 1452 1652 Squallidus
1472 1598 1614 1648 immiffis
1630 1599 1721 1636 hirta
1737 1609 1798 1649 per
1816 1611 1873 1634 ora
1891 1600 2000 1635 comis.

1164 1677 1351 1727 Copulam
1379 1685 1424 1714 (ν
1452 1685 1537 1715 ante
1563 1677 1682 1726 capillo
1712 1674 1810 1712 delet
1828 1673 1961 1724 Ultraj.
1986 1674 2095 1724 prim.

1211 1742 1270 1779 45¹.
1297 1727 1558 1775 Kamelou'mm]
1583 1726 1806 1775 Legendum
1836 1723 1906 1762 effe
1933 1724 2032 1760 κακὼ
2063 1723 2138 1760 δαέ-

1162 1796 1244 1820 μονοι
1253 1780 1370 1818 sentio
1389 1790 1474 1816 cum
1488 1775 1919 1820 Miraner100mmaeozpm
1939 1776 2039 1813 enim
2060 1786 2138 1812 non.

1161 1830 1234 1878 ipse
1254 1830 1369 1868 malus
1381 1830 1521 1868 Genius
1539 1827 1762 1873 dicitur‚sed
1782 1829 1845 1878 qui
1865 1827 1884 1881 a}
1905 1826 2004 1864 malo
2023 1827 2137 1874 genio

1165 1882 1377 1930 exagitatur.
1431 1881 1488 1918 Sic
1515 1880 1574 1919 ille
1603 1881 1723 1918 Bruti:
1750 1879 1768 1915 ο·
1786 1879 1838 1918 σὸς
1855 1883 1877 1914 a}
1900 1881 1997 1926 Βξὲτε
2015 1877 2141 1913 δαίμων

1165 1935 1274 1975 κακός.
1299 1932 1499 1971 COLER.
1525 1931 1596 1970 Ed.
1615 1933 1722 1980 Mog.
1743 1938 1784 1967 ut
1805 1931 1842 1967 &
1864 1929 2011 1966 Veneta
2031 1927 2139 1975 1485.

1167 1984 1303 2022 Vacuo
1321 1984 1436 2034 spatio
1458 1983 1583 2021 relicto
1603 1994 1739 2020 vocem
1759 1982 1854 2018 hanc
1872 1979 2013 2030 prorsus
2026 1979 2139 2015 omitm

1166 2043 1250 2073 tunt
1270 2047 1354 2073 cum
1375 2034 1497 2073 multis
1524 2034 1629 2072 MSS.
1655 2034 1695 2070 in
1721 2043 1883 2082 quorum
1912 2030 1985 2067 aliis
2013 2040 2140 2067 corru-

1167 2087 1323 2135 ptissime
1341 2086 1467 2135 scripta
1488 2086 1688 2124 exhibetur.
1717 2084 1760 2121 In
1776 2082 1887 2120 Leid.
1906 2082 2037 2131 quinto
2051 2109 2060 2123 ς
2088 2080 2134 2116 as-

1167 2138 1268 2188 sequi
1288 2139 1364 2175 fere
1383 2137 1489 2186 poffis
1506 2137 1543 2174 id
1563 2136 1667 2186 quod
1687 2135 1825 2178 editur,
1851 2133 1890 2170 in
1907 2132 1993 2180 sept.
2014 2131 2142 2169 adscri-

1169 2197 1275 2237 ptum
1295 2189 1343 2226 est
1363 2200 1476 2237 marg.
1492 2188 1603 2226 literis
1614 2186 1763 2224 Graecis
1776 2213 1787 2229 ,
1801 2189 2142 2220 KAKOAHMONA

1170 2239 1274 2288 quod
1306 2240 1446 2276 Latinis
1471 2238 1711 2286 superscriptis
1738 2235 1945 2284 exponitur.
1997 2233 2041 2269 In
2067 2232 2144 2269 sex-

1170 2296 1210 2324 to
1226 2316 1235 2330 ,
1264 2289 1312 2324 est
1334 2288 1579 2331 Cacoclemona,
1602 2288 1639 2324 in
1665 2287 1835 2323 Perizon.
1862 2283 2074 2320 Cacodemon.
2104 2284 2141 2320 in

1173 2348 1287 2385 marg.
1306 2340 1415 2374 malus
1427 2339 1560 2389 genius.
1574 2338 1614 2374 ’111
1629 2337 1797 2374 Harlem.
1818 2337 1855 2373 &
1875 2336 1913 2373 in
1933 2334 2064 2382 Copes.
2076 2336 2142 2369 Ca-

1169 2390 1375 2435 coniasmona
1396 2417 1407 2432 ,
1443 2388 1546 2438 quod
1572 2388 1673 2426 vides
1700 2387 1870 2436 proxime
1896 2385 2071 2423 accedere
2098 2383 2142 2420 ad

1173 2438 1360 2476 Mitallerii
1378 2439 1476 2475 κακὼ
1496 2437 1662 2482 δαίμονα,
1690 2446 1729 2475 ut
1756 2436 2015 2485 corrigendum
2043 2442 2143 2482 putat

1174 2489 1427 2528 consentiente
1446 2489 1610 2533 Colero,
1636 2489 1728 2527 dum
1754 2489 1926 2537 opinatur
1950 2487 2009 2523 liic
2034 2484 2139 2521 intel-

1171 2539 1232 2588 ligi
1254 2542 1378 2576 malum
1399 2541 1475 2589 ejus
1497 2542 1651 2578 Genium.
1702 2539 1773 2577 Sed
1793 2539 1899 2577 alicui
1928 2549 2004 2573 non
2023 2535 2142 2571 minus

1172 2591 1408 2639 speeieshaec
1427 2591 1538 2629 foeda
1556 2603 1599 2629 ac
1618 2591 1694 2629 dira
1709 2590 1845 2636 ,videri
1864 2583 2137 2637 poffit,etia1ns1

1174 2642 1395 2691 intelligatur
1404 2643 1539 2681 asmo
1562 2648 1592 2690 ἧς
1613 2645 1681 2689 9εῷ
1701 2641 1850 2685 {araxen}
1863 2665 1872 2680 ,
1897 2646 1935 2674 ut
1954 2635 2138 2683 explicant

1173 2694 1270 2731 hanc
1297 2705 1434 2737 vocem
1460 2694 1669 2743 Hesychius
1689 2694 1726 2730 8<
1746 2690 1888 2729 Suidas:
1916 2698 1993 2724 11011
2021 2686 2143 2724 minus

1174 2745 1367 2789 ominosa,
1394 2757 1507 2793 quam
1531 2744 1567 2780 τὲ
1584 2742 1834 2788 κακοβωφιλέω,
1861 2737 1964 2787 quod
1984 2736 2079 2774 adeo
2108 2748 2147 2773 a-

1176 2795 1381 2833 versabatur
1400 2795 1601 2844 Pompejus
1621 2795 1666 2830 L.
1690 2807 1717 2831 1.
1744 2804 1775 2839 ς.
1794 2803 1826 2837 7.
1854 2788 1913 2826 Est
1931 2797 2057 2825 tamen
2070 2816 2079 2831 ‚
2106 2797 2148 2823 ut

1176 2858 1308 2883 verum
1328 2847 1462 2891 fatear,
1476 2846 1597 2895 potius
1619 2844 1748 2886 Genii,
1770 2851 1883 2891 quam
1901 2839 2064 2877 hominis
2083 2836 2149 2873 de-

1175 2896 1332 2945 scriptio.
1360 2898 1461 2935 Nam
1483 2898 1521 2933 &
1540 2895 1586 2932 fic
1603 2895 1700 2933 Flor.
1726 2905 1783 2931 1v.
1806 2904 1839 2938 7.
1867 2893 2009 2929 ,Atrum
2028 2889 2149 2937 imagi-

1177 2961 1248 2984 nem
1273 2948 1397 2985 tribuit
1426 2948 1531 2985 Gem'o
1552 2947 1672 2989 Bruti,
1699 2946 1737 2982 ὃς
1762 2942 1941 2981 Plutarch.
1967 2941 2004 2976 in
2031 2938 2147 2976 Bruto

1179 3010 1213 3048 p-
1228 3011 1338 3036 1000.
1356 2999 1465 3039 Δεινῆν
1487 2996 1690 3036 νὸιίλδοὶκοῖςν
1710 2995 1791 3040 ὄψιν
1812 2989 1958 3036 α’νιφεῖλε
1979 2988 2151 3033 σώμαι-τῶ*

159 3050 205 3090 lis
222 3051 355 3090 habere
374 3050 520 3091 testatur
541 3050 707 3091 Colerus.
742 3049 876 3100 Estque
894 3049 1006 3089 lectio
1027 3062 1069 3088 ea
1087 3049 1133 3089 fi·
1183 3053 1215 3099 ›53
1235 3051 1376 3099 φοβεςὲ.
1401 3050 1439 3088 &
1460 3041 1521 3088 vel
1540 3046 1614 3096 ipsa
1631 3046 1689 3084 illa
1706 3047 1821 3094 ingens
1839 3038 2032 3092 magm'tudo
2042 3050 2155 3089 quarn

1753 3095 1787 3131 L
2037 3091 2157 3128 noste:
