2516 3509
413 136 519 194 59⁷¹
699 101 1103 171 VALERII
1155 95 1526 151 MAXIMI
1567 97 2185 161 L1B.V1.CA1›.V111:

419 217 761 274 severantiffime
804 208 1130 280 postulabant3
1173 204 1304 268 quod
1338 201 1393 249 ab
1428 216 1484 249 eo
1509 237 1525 264 ,
1569 219 1677 250 cum
1710 206 1765 252 ad
1799 207 2006 273 stuprum
2039 213 2124 258 iret
2147 247 2163 272 ‚
2208 213 2425 262 laternam

421 304 666 370 praelatam
711 290 1052 342 contenderent,
1130 283 1241 330 Erat
1284 293 1437 327 autem
1482 281 1516 326 is
1551 282 1689 328 etiam
1723 295 1822 330 tum
1858 286 2096 348 imberbis,
2142 289 2191 335 ὃς
2227 296 2244 327 3
2283 289 2425 337 stabat.

424 399 605 439 coram,
640 385 661 416 4
692 373 965 432 videbatque
1000 381 1094 413 rem
1129 362 1184 408 ad
1218 359 1318 407 suos
1351 360 1578 406 cruciatus
1612 360 1860 423 pertinere,
1894 379 1979 410 nec
2012 378 2163 413 tamen
2196 383 2269 414 eos
2305 368 2427 432 fugi-

424 464 553 512 tavit.
623 458 706 506 Ille
740 470 877 512 vem,
915 458 929 487 5
968 461 1021 494 ut
1062 445 1254 492 domum
1290 456 1475 504 quoque
1510 452 1699 488 ventum
1734 443 1822 502 est,
1857 444 2115 494 Antonium
2150 449 2241 496 hoc
2276 453 2427 498 nomi-

424 562 481 593 ne
516 542 538 571 0
574 536 888 591 vehementius
921 527 1163 602 confusum
1198 524 1246 571 ἃ
1282 523 1514 570 solicitum
1546 522 1670 569 ultro
1703 524 1765 571 est
1799 526 2032 587 hortatus,
2067 541 2114 576 ut
2145 531 2197 592 st’
2225 533 2431 592 judicibus

426 626 693 691 torquendum
729 619 943 667 traderet,-
976 611 1198 660 affirmans
1232 610 1390 655 nullum
1425 623 1491 654 ore
1514 605 1593 668 suo
1628 609 1801 654 verbum
1834 612 2070 669 exiturum,
2105 629 2179 674 quo
2212 619 2351 676 cauffiz
2386 634 2427 663 e,

410 714 486 775 jus
520 707 765 756 laederetur.
832 698 904 744 Ac
954 703 971 734 7
1009 689 1211 757 promissi
1253 688 1393 735 fidem
1437 688 1550 733 mira
1598 689 1814 751 patientia
1857 689 2091 751 praestitit.
2162 689 2181 719 3
2217 696 2428 746 Plurimis

426 792 549 840 enim
584 789 800 834 laceratus
835 775 1124 833 verberibus,
1158 771 1409 833 eculeoque
1445 767 1709 831 impositus,
1745 776 1766 806 9
1803 769 2097 817 candentibus
2131 775 2266 822 etiam
2302 779 2429 826 lami-

430 872 498 917 nis
533 868 688 925 ustus,
745 867 786 888 ¹0
822 873 1009 906 omnem
1044 856 1140 902 vim
1174 850 1497 908 accusationis,
1551 856 1586 875 ¹¹
1627 849 1854 897 custodita
1889 852 1951 897 rei
1986 850 2151 911 salute,
2194 854 2428 908 subvertis,

432 950 582 1014 Argui
618 948 801 994 fortuna
836 942 1000 989 merito
1038 937 1217 1002 potest,
1254 934 1379 999 quod
1413 948 1507 981 tam
1541 922 1744 995 pium&
1772 944 1865 978 tam
1898 933 2066 980 fortem
2100 933 2309 998 spiritum
2343 936 2427 984 ser-

429 1033 508 1081 vili
543 1028 729 1077 nomine
763 1023 960 1070 inclusit.

501 1116 541 1137 ¹2
579 1104 826 1153 Consulem
858 1114 1009 1149 autem
1055 1098 1113 1144 C.
1148 1095 1354 1144 Marium
1386 1089 1694 1140 Praenestinae
1729 1087 1972 1137 obsidionis
2007 1091 2299 1141 miserabilem
2334 1096 2430 1142 exi-

435 1330 501 1378 qui
529 1327 688 1365 domino
716 1324 896 1362 laternam
925 1319 1144 1373 praetulisset
1174 1317 1220 1355 ad
1244 1316 1407 1365 stuprum

438 1381 552 1418 eunti.
601 1379 673 1415 Pro
704 1378 870 1412 laternam
891 1401 901 1416 ‚
938 1376 1103 1410 lucernam
1138 1369 1247 1407 habet
1275 1367 1409 1413 Ultraj.

440 1432 549 1480 prim.
581 1431 618 1466 ὃς
646 1427 749 1466 Harl.
776 1427 902 1474 Vulgo
930 1435 1013 1462 ante
1042 1422 1143 1471 Pigh.
1175 1419 1349 1457 edebatur
1372 1432 1408 1453 m

438 1483 652 1531 quaestione,
678 1477 782 1528 quod
812 1478 859 1514 est
890 1477 1001 1514 etiam
1032 1475 1070 1510 in
1089 1471 1272 1510 nonnullis
1298 1468 1405 1506 MSS.

440 1532 544 1570 Servi
565 1539 688 1568 autem
709 1528 837 1578 quibus
859 1527 904 1564 de
927 1526 1050 1564 caussis
1071 1525 1110 1561 in
1130 1523 1306 1560 dominos
1328 1530 1406 1558 tor·

438 1583 545 1633 queri
582 1581 799 1630 potuerint,
831 1578 941 1616 docet
981 1578 1070 1615 Ant.
1105 1575 1273 1612 Bor-rem.
1315 1573 1404 1609 Var.

438 1633 544 1671 Le&
572 1644 601 1669 c.
634 1644 688 1677 14.
715 1632 883 1680 interque
917 1641 975 1667 eas
1003 1624 1107 1665 fuisse
1130 1625 1273 1662 crimen
1292 1622 1403 1667 incesti

434 1683 601 1722 ostendit.

491 1747 524 1784 3.
551 1733 673 1772 Stabat
693 1730 817 1780 coram]
844 1729 977 1778 Ultraj.
996 1728 1065 1765 sec.
1087 1728 1125 1764 &
1144 1724 1249 1764 Harl.
1268 1723 1407 1761 addunt

439 1785 551 1823 adue.

426 1802 442 1835 J
491 1850 524 1883 4.
565 1834 776 1885 Videbatque
803 1846 870 1868 rem
905 1828 950 1866 ad
969 1831 1046 1877 suos
1077 1827 1239 1864 cruciatus
1264 1827 1410 1873 pertine-

442 1903 496 1926 re:
510 1902 563 1929 nec
579 1899 690 1923 tamen
708 1900 758 1921 eos
776 1880 964 1935 flagitavit]
981 1878 1150 1928 Suspe&a
1172 1877 1264 1914 mihi
1285 1876 1410 1913 Omni-

442 1951 495 1977 no
517 1947 681 1976 extrema
706 1937 810 1973 haec.
862 1933 1018 1970 Tacitus
1047 1930 1174 1978 utique
1204 1928 1264 1964 ille
1295 1927 1410 1964 adsta-

444 1991 530 2033 bat,
566 2000 636 2026 nec
664 1987 797 2024 licebat
826 1985 859 2020 ei
884 1984 1046 2020 recusare
1067 2009 1077 2024 ,
1114 1990 1237 2028 neque
1266 1985 1411 2026 poterat

447 2053 513 2078 eos
530 2039 693 2088 effugere
711 2038 778 2075 alia
799 2031 1033 2076 ratione,nis1
1054 2032 1088 2069 se
1107 2032 1144 2068 in
1166 2031 1293 2078 fugam
1318 2040 1412 2066 con-

446 2093 585 2135 iiceret.
639 2087 861 2136 Legendum
892 2093 994 2133 puto.
1048 2088 1122 2119 Nec
1150 2094 1261 2118 tamen
1290 2095 1324 2116 eo
1351 2082 1411 2124 fu-

441 2144 599 2192 gitavit,
626 2141 661 2177 id
683 2140 750 2183 est,
778 2145 974 2187 propterea
1004 2135 1131 2183 fugere
1165 2140 1318 2170 conatus
1349 2131 1415 2176 est.¹

445 2192 691 2232 PERIZON.

501 2258 532 2293 ς.
564 2252 605 2279 Ut
626 2242 755 2278 domum
775 2253 903 2290 quoque
923 2248 1056 2274 ventum
1082 2234 1145 2284 est]
1183 2237 1322 2284 Quoque
1351 2232 1415 2270 ad-

415 2302 419 2303 ’
449 2295 539 2335 didit
558 2294 727 2341 Pighius,
749 2289 984 2340 probantibus
1006 2287 1114 2324 MSS.
1143 2288 1181 2324 &
1202 2287 1310 2333 Mog.

499 2347 533 2383 6.
562 2346 794 2382 Vehememms
813 2338 996 2388 (onfusum]
1010 2339 1170 2387 Confusus
1190 2348 1258 2385 pro
1278 2342 1418 2384 pertur-

449 2399 537 2436 bato
558 2425 568 2440 ‚
615 2403 655 2432 ut
692 2395 795 2442 supra
826 2404 888 2428 111.
919 2404 949 2429 1.
986 2398 1059 2427 ext.
1086 2403 1117 2428 1.
1145 2401 1200 2426 ιν.
1228 2399 1261 2434 7.
1289 2395 1362 2424 ext.
1381 2398 1417 2424 2.

448 2448 644 2488 VORST.

501 2512 534 2547 7.
557 2493 812 2544 Promtffifidem
829 2493 913 2528 mira
931 2491 1098 2539 patientia
1114 2487 1302 2538 praestitit]
1314 2487 1419 2525 Med.

449 2553 518 2591 sec.
545 2553 615 2589 ,κίε
640 2546 794 2598 promiffis
818 2542 932 2590 fidem.
969 2540 1101 2588 Copes.
1145 2540 1295 2586 protinus
1330 2537 1417 2575 idem

445 2598 760 2654 praestitit.Ultraj
802 2595 909 2643 prim.
931 2590 1092 2638 Promissa
1112 2589 1208 2626 idem.
1233 2588 1301 2626 see.
1329 2601 1415 2627 cum

451 2654 542 2692 osto
561 2652 649 2690 aliis.
675 2648 834 2685 Proxime
852 2644 938 2681 idem
956 2642 1137 2692 praestitit.

502 2706 536 2742 8.
566 2703 724 2739 Plurimis
752 2700 853 2734 etiam
875 2698 1038 2731 laceratus
1057 2689 1265 2739 verberibus]
1293 2689 1417 2727 Placet

452 2753 667 2804 comedumt
687 2748 802 2797 Lipsii
816 2746 994 2796 ‚putantis
1013 2755 1080 2792 pro
1096 2743 1198 2778 etiam
1216 2741 1416 2789 legendum

456 2806 526 2844 effe
545 2808 674 2841 etenim.
701 2800 862 2839 Videtur
883 2797 982 2834 enim
1005 2795 1060 2832 his
1091 2793 1184 2830 ratio
1212 2791 1315 2828 reddi
1341 2792 1418 2838 ejus

455 2856 559 2906 quod
581 2853 778 2902 praecedit.
804 2848 1001 2887 VORST.
1029 2846 1133 2892 Lege
1163 2855 1247 2880 cum
1269 2841 1420 2890 Lipfio,

453 2909 597 2945 Etenim.
636 2901 883 2941 PERIZON.
905 2898 980 2936 Vel
1006 2897 1103 2933 Enim
1124 2923 1134 2939 ‚
1176 2893 1280 2943 quod
1306 2892 1354 2929 est
1383 2893 1420 2929 in

454 2958 560 2997 Med.
580 2957 647 2994 sec.
669 2954 772 2992 Leid.
791 2953 908 3003 quint.
927 2952 964 2988 &
981 2950 1066 2986 sext.
1085 2944 1154 2983 Ed.
1177 2946 1285 2993 Mog.
1304 2944 1422 2981 Etiam

450 3012 511 3049 hic
531 3020 578 3047 eo
598 3007 712 3056 magis
734 3006 882 3044 insuave
901 3001 948 3047 est
963 3029 973 3046 ,
1001 2999 1087 3050 quia
1107 3008 1198 3036 mox
1217 2995 1388 3046 sequitur.

2329 1186 2427 1222 [Um

1510 1324 1545 1360 9.
1573 1308 1800 1346 Candentibus
1828 1309 1929 1345 etiam
1950 1309 2104 1360 laminis]
2135 1311 2306 1362 Uterque
2323 1315 2425 1354 Med.

1459 1361 1694 1450 {syl-degibus.
1748 1360 1866 1398 Rede
1906 1369 2060 1407 tamen,
2099 1364 2332 1402 Candentxbas.
2372 1367 2432 1405 Sll.

1496 1425 1539 1451 a.
1607 1442 1614 1449 .
1642 1425 1669 1450 1.
1703 1424 1783 1458 171.

1508 1482 1592 1513 Non
1611 1475 1911 1528 ignes‚candensve
1928 1476 2149 1521 chalybs‚non
2165 1477 2302 1515 verbera
2319 1480 2431 1530 pasfim

1509 1529 1630 1565 [flebas
1649 1531 1829 1564 innumeris
1850 1529 1991 1563 lacerum
2007 1528 2194 1574 fiindentia
2220 1542 2353 1579 corpus,

1508 1582 1728 1627 Carnifisesve
1746 1594 1862 1614 manus
1874 1607 1886 1622 ,
1907 1580 2079 1626 penitusve
2100 1582 2212 1627 tnfusa
2229 1580 2389 1619 medullis

1510 1633 1612 1678 Pestzs
1628 1657 1636 1670 ,
1666 1639 1706 1666 Θ
1732 1645 1768 1666 m
1786 1629 1890 1666 medio
1908 1632 2051 1666 latentes
2071 1631 2206 1668 vulnere
2221 1631 2339 1669 taedae

1508 1682 1691 1729 Cessavere.

1458 1743 1569 1793 Prop.
1599 1746 1642 1781 L.
1675 1757 1732 1783 1v.
1761 1757 1793 1791 7.
1820 1757 1879 1795 43.

1511 1807 1703 1858 Lygdamus
1722 1819 1839 1844 uratur
1852 1836 1863 1851 ‚
1886 1805 2054 1855 candescat
2074 1807 2202 1843 lamina
2219 1822 2352 1846 vernae.

1462 1872 1614 1911 Ardens
1628 1875 1757 1919 ferrum
1773 1872 1862 1909 dixit
1878 1880 2005 1909 tamen
2025 1872 2135 1908 etiam
2156 1872 2289 1918 Juven.
2313 1874 2383 1912 Sat.
2396 1887 2430 1914 x.

1461 1936 1520 1961 22.

1516 1988 1572 2013 10.
1599 1980 1733 2011 Omnem
1762 1975 1833 2010 vim
1857 1971 2071 2021 accusatoris]
2103 1974 2228 2021 Lege,
2254 1976 2435 2023 accusatio-

1462 2027 1539 2069 nis,
1567 2033 1607 2062 ut
1630 2026 1678 2062 est
1698 2037 1735 2062 in
1756 2024 2017 2072 manuscriptis.
2045 2024 2184 2061 PlGH.
2208 2030 2342 2062 Omnem
2360 2030 2431 2064 vim

1462 2079 1704 2124 accusationis,
1726 2075 1885 2122 custodita
1910 2078 1958 2111 rei
1983 2077 2120 2123 salute,
2141 2075 2321 2124 subvertit.
2349 2083 2435 2118 „Ac-

1461 2129 1639 2176 cusationis
1670 2126 1807 2164 habent
1835 2129 1873 2164 ὃς
1904 2125 2012 2163 codd.
2042 2125 2161 2163 Brand
2197 2127 2312 2165 Aldus
2336 2129 2434 2167 male

1463 2179 1672 2227 accusatoris.
1724 2177 1915 2215 Praecedit
1946 2178 2045 2214 enim
2076 2177 2121 2214 de
2140 2177 2298 2226 pluribus
2325 2191 2435 2218 accu-

1465 2230 1654 2267 satoribus.
1705 2229 1824 2266 Porro
1859 2228 1978 2266 codex
2004 2227 2118 2276 Lipsii
2161 2229 2344 2277 quaedam
2379 2232 2434 2269 his

1465 2280 1665 2324 subnefflt,
1693 2292 1789 2330 quae
1815 2280 1853 2317 in
1881 2279 1956 2316 aliis
1978 2291 2056 2317 non
2086 2289 2283 2328 apparent;
2309 2282 2440 2320 videli-

1469 2341 1527 2370 cet
1547 2341 1592 2368 <9⁶
1613 2331 1781 2367 dominum
1803 2334 1867 2378 sua
1889 2329 1960 2378 fide
1980 2338 2025 2366 eff
2046 2334 2228 2374 constantia
2255 2331 2438 2369 libera-rit:

1469 2395 1564 2434 quae
1581 2382 1734 2433 quidem
1755 2381 1897 2430 Lipsius
1914 2382 2013 2418 bona
2030 2389 2141 2429 atque
2160 2393 2335 2430 germana
2367 2382 2437 2421 effe

1471 2435 1603 2472 censet.
1638 2433 1833 2471 VORST.
1878 2434 2128 2480 Accusationis
2157 2433 2305 2471 firmant
2331 2435 2438 2473 MSS.

1471 2487 1548 2524 mei
1568 2497 1701 2524 omnes
1720 2496 1806 2521 cum
1828 2482 1896 2521 Ed.
1923 2485 2030 2532 Mog.
2059 2484 2097 2520 &
2118 2483 2274 2522 Mediol.

1523 2551 1577 2576 ΙΙ.
1604 2535 1778 2584 Custodita
1797 2538 1845 2571 rei
1858 2537 1973 2583 salute
1985 2533 2166 2582 subm-ertit.
2218 2538 2349 2587 Usrgus’
2368 2540 2440 2582 for-

1467 2598 1576 2633 tuna,
1604 2587 1696 2636 wa]
1728 2586 1860 2623 Codex
1883 2597 1986 2622 meus
2007 2597 2120 2622 voces
2149 2586 2291 2634 aliquot
2318 2588 2439 2625 inserit

1468 2639 1584 2677 bonas
1614 2641 1652 2676 δε
1670 2649 1885 2687 germanas,
1914 2635 2084 2684 subvertit
2113 2644 2158 2672 <J
2190 2636 2357 2674 dommum
2372 2641 2439 2684 sua

1458 2690 1531 2737 fide
1548 2699 1594 2726 ‘39'
1612 2693 1797 2738 constantta
1816 2688 1989 2724 liberavit.
2028 2689 2183 2738 Argui,
2211 2689 2282 2726 &Q
2306 2689 2439 2727 Malim

1469 2750 1612 2778 tamen.
1631 2746 1764 2789 summa
1785 2738 1860 2791 fide.
1888 2737 2015 2775 Paullo
2044 2738 2135 2775 item
2157 2747 2242 2776 ante
2260 2739 2436 2787 legerim,

1468 2794 1634 2828 Plurimis
1654 2793 1773 2828 etenim
1801 2792 1965 2826 laceratus
1987 2789 2188 2826 verberibus.
2210 2789 2330 2827 LIPS.
2360 2789 2440 2826 Ad-

1471 2842 1680 2880 dimentum
1699 2841 1787 2879 illud
1807 2840 1910 2890 quod
1931 2839 2074 2889 Lipsius
2091 2841 2129 2877 in
2147 2841 2212 2878 suo
2231 2840 2265 2876 se
2281 2839 2439 2876 invenis-

1470 2893 1505 2928 se
1534 2893 1703 2939 testatur‚
1740 2892 1859 2930 nullus
1888 2902 2061 2928 meorum
2093 2891 2276 2939 agnoscit,
2303 2901 2437 2938 quem-

1474 2942 1679 2981 admodum
1712 2955 1782 2981 nec
1809 2943 1945 2980 debuit.
1999 2943 2172 2991 Languet
2201 2940 2300 2977 enim
2337 2951 2440 2988 pror-

1472 2993 1547 3040 sus,
1575 2995 1611 3032 ὃς
1633 2994 1680 3033 est
1700 2995 1981 3045 supervacuum.

2271 3051 2327 3079 12.
2352 3043 2441 3078 Con-
