2516 3509
369 70 486 127 DE
525 69 834 130 VAFRE
890 71 1216 132 DICTIS
1260 69 1465 130 'AU’T
1512 65 1873 127 FACTIS.
1998 72 2102 145 64r

111 172 215 220 dem
249 170 475 237 propositi
506 186 602 217 non
635 171 834 221 invenit:
871 172 1141 240 laudemque
1170 173 1360 221 occuito
1394 172 1535 235 magis
1569 169 1778 230 tramite,
1800 185 1935 233 quarn
1969 183 2097 233 aper-

113 264 274 376 tagdi.
295 263 472 376 I'’Ie'iiltiio
507 342 754 395 regnante,
794 339 817 369 4
848 331 1028 378 cuidam
1062 330 1376 395 patrifamiliae
1407 329 1453 376 in
1483 344 1594 391 agro
1631 328 1798 375 Sabino
1833 328 2101 392 praecipuae

2117 370 2200 400 Arm.
2224 368 2296 415 urb.

2203 419 2294 456 circi-

113 406 437 470 magnitudinis
472 406 519 454 &
551 409 743 455 eximiae
776 408 947 456 formae
981 426 1117 457 vacca
1151 422 1254 456 nata
1296 407 1373 454 est.
1442 409 1590 472 Quam
1625 405 1912 452 oraculorum
1949 405 2096 453 certis-
2119 419 2188 439 200·

2116 459 2177 485 tcr.
2206 453 2314 482 Livius

114 483 213 531 fimi
261 485 463 533 auetores
497 489 541 533 in
572 487 647 534 hoc
679 488 707 532 ez
742 487 822 534 diis
851 491 1152 536 immortalibus
1184 490 1338 536 editam
1370 484 1696 548 responderunt
1725 517 1740 542 ‚
1790 493 1804 523 5
1840 497 1885 531 ut
1921 487 2100 548 qmsquis
2120 491 2253 524 1-P1ut·

110 578 201 609 eam
238 567 532 627 Aventim'enfi
553 569 720 611 Dianae
754 569 1022 628 immolaffet‚
1055 568 1139 626 ejus
1163 569 1311 628 patria
1344 567 1467 610 totius
1502 575 1711 610 terrarum
1745 565 1853 610 orbis
1886 567 2098 624 imperium

110 644 319 690 obtineret.
354 635 521 689 LaetuS
555 659 609 690 eo
644 643 881 704 dominus,
917 645 1083 693 bovem
1119 662 1226 692 cum
1258 643 1430 690 summa
1463 642 1748 689 festinatione
1769 643 1974 689 Romam
2008 641 2028 669 ⁶
2053 660 2099 689 a-

111 721 259 781 ἃειῑῃ,
294 724 341 769 in
377 724 608 770 Aventino
643 737 745 770 ante
777 741 896 771 aram
932 727 1104 772 Dianae
1137 724 1404 786 constituit,
1459 723 1680 770 sacrificio
1717 721 1888 770 Sabinis
1926 730 1943 762 7
1979 726 2097 788 regi-

113 811 218 847 men
260 803 445 848 humani
490 803 664 866 generis
704 802 902 850 daturus.
980 807 1056 852 De
1102 822 1190 868 qua
1234 820 1280 850 re
1313 803 1494 850 antistes
1528 803 1691 866 templi
1727 803 1895 848 certior
1929 802 2098 863 fa&us,

113 879 380 942 religionem
417 881 584 944 hospiti
620 882 775 928 intulit
796 916 810 940 ,
860 898 914 927 ne
948 884 1071 945 prius
1105 882 1337 929 vietimam
1372 880 1577 927 caederet
1601 914 1616 938 ,
1661 876 1681 906 ⁸
1726 897 1860 943 quam
1896 883 2097 944 proximi

2116 534 2222 566 Probi.

109 958 249 1004 amnis
282 974 393 1020 aqua
422 955 462 1002 se
495 956 710 1005 abluiffet.

113 1162 215 1200 tionis
240 1162 381 1200 viribus.
433 1164 602 1200 Fallaciae
631 1165 742 1201 etiam
774 1164 921 1202 Ascens.
948 1164 1017 1203 Ed.
1045 1173 1082 1203 at

116 1212 281 1251 vorstius
309 1216 472 1251 Fallacia.
504 1215 748 1252 PERIZON.
788 1217 953 1252 Fallaciae
982 1227 1083 1264 prae-

117 1271 172 1301 ter
196 1264 340 1301 Ascens.
366 1265 476 1302 habet
494 1266 604 1302 etiam
626 1264 862 1302 Ed.Medi01.
885 1278 969 1303 cum
991 1267 1081 1304 duo-

114 1314 179 1352 bus
201 1315 631 1358 iviss.iv1edd.ce‘terae,
660 1315 753 1352 Edd.
774 1327 858 1353 cuin
883 1317 989 1354 MSS.
1010 1318 1084 1362 fal-

117 1365 204 1400 lacia
230 1365 400 1402 retinent.
454 1365 589 1403 Forsan
618 1366 789 1414 scripserit
813 1380 833 1401 a
850 1369 1009 1412 fallacia.
1037 1366 1085 1404 fic

116 1415 272 1463 affumere
305 1431 346 1451 ex
380 1416 483 1453 Curt.
518 1416 564 1452 L.
598 1428 653 1453 IX.
681 1417 714 1453 8.
743 1428 802 1465 23.
831 1417 994 1453 Liberalis
1023 1419 1086 1453 im-

112 1468 256 1514 primis,
283 1465 447 1516 adituque
460 1468 602 1513 facilis,
630 1466 715 1503 nihil
737 1481 778 1502 ex
795 1469 889 1514 fastu
916 1471 1005 1518 regio
1022 1467 1087 1504 ad-

110 1519 308 1564 sumpserat.

174 1579 207 1615 3.
234 1565 344 1602 fidem
368 1567 524 1615 propositi
550 1581 617 1603 non
644 1566 792 1616 invenit]
849 1567 1006 1605 Notavit
1031 1568 1089 1605 Pi-

123 1616 228 1664 ghius
255 1618 292 1653 in
323 1618 518 1665 margine,
563 1617 740 1655 diversam
779 1617 978 1656 lestionem
1012 1617 1083 1656 esse

109 1669 214 1714 finem
237 1678 331 1715 prop.
366 1682 430 1703 non
457 1669 599 1704 invenit.
657 1668 770 1704 Fidem
797 1676 924 1706 tamen
950 1669 988 1705 in
1019 1681 1082 1706 an-

114 1717 334 1765 tiquioribus
361 1718 457 1765 typis
489 1717 678 1765 expreffis,
707 1721 746 1756 &
769 1727 928 1768 utroque
948 1719 1082 1757 Brand.

116 1768 199 1805 MS.
226 1767 284 1805 est.
311 1768 506 1807 VORST.
528 1771 643 1805 Finem
671 1769 718 1807 est
742 1770 780 1807 in
806 1769 883 1807 solo
910 1769 978 1807 Bit.
1011 1771 1083 1819 pri—

114 1830 194 1856 mo.

95 1912 101 1915 ,
164 1882 198 1916 4.
235 1868 375 1905 cuidam
409 1869 672 1919 patrifamilias]
725 1870 896 1907 Patritiae
922 1871 1083 1916 familiae

116 1918 179 1956 lib.
211 1920 387 1957 Danielis.
420 1920 535 1968 lego:
580 1923 847 1967 Patrifamiliae.
886 1921 1082 1959 COLER.

115 1971 284 2006 Patriciae
295 1972 453 2015 familiae
480 1970 526 2007 est
546 1971 582 2007 in
602 1972 707 2009 MSS.
735 1972 864 2009 decem
878 2001 887 2015 ‚
914 1984 981 2019 pro
1002 1984 1080 2019 quo

115 2019 225 2057 Leid.
251 2021 367 2069 quint.
395 2021 504 2058 habet
527 2024 662 2068 patrie,
700 2030 741 2059 ut
767 2023 841 2058 hoc
870 2023 946 2070 ipso
971 2022 1078 2059 initio

113 2073 226 2116 vafrie
251 2070 409 2108 vidimus
428 2083 495 2119 pro
516 2074 690 2118 vafritiae.
744 2072 859 2108 Nihili
882 2081 1008 2109 tamen
1030 2072 1078 2110 est

115 2121 203 2158 illud
226 2123 414 2169 patriciae,
441 2120 545 2169 quod
569 2122 650 2160 solis
678 2122 846 2159 tribuitur
874 2122 1078 2166 Romanis,

116 2182 203 2209 cum
231 2172 313 2214 hic,
350 2173 408 2208 cui
438 2182 546 2208 vacca
573 2172 632 2209 illa
658 2181 742 2210 nata
771 2173 839 2209 fuit
858 2197 868 2214 ,
901 2172 988 2210 effet
1016 2173 1079 2210 Sa-

74 2236 81 2239 ”
114 2221 231 2260 binus.
288 2222 403 2258 Recte
432 2222 556 2271 itaque
583 2226 676 2270 patri
697 2225 855 2269 familiae
885 2234 971 2260 cum
1001 2223 1079 2260 Co-

115 2272 195 2310 lero
223 2272 363 2321 legeris.
417 2273 487 2309 Sed
523 2272 609 2309 scias
639 2273 776 2310 interea
808 2281 987 2320 oportet,
1026 2274 1076 2311 ita

117 2334 271 2372 quoque
303 2323 475 2360 exhibere
515 2334 647 2360 omnes
685 2331 770 2360 ante
800 2323 970 2371 Pighium
1003 2324 1076 2361 edi-

115 2375 247 2413 tiones.
300 2374 358 2410 Sic
382 2374 518 2410 Matris
550 2375 707 2421 familiae
743 2373 791 2410 L.
818 2386 906 2410 vin.
947 2388 978 2412 1.
1007 2375 1076 2412 abs.

119 2437 176 2464 12.
204 2425 242 2461 &
272 2423 316 2460 L.
338 2436 425 2461 VIII.
456 2437 512 2473 13.
542 2437 572 2461 1.
599 2432 644 2459 <9⁴
663 2425 767 2467 civis,
790 2431 835 2459 ἓν
852 2426 958 2471 patris
973 2427 1076 2471 fami·

116 2477 184 2511 liae
209 2473 354 2510 notabile
383 2476 577 2523 exemplum.
604 2475 704 2523 quod
735 2473 899 2512 similiter
920 2476 1078 2514 mutavit

115 2524 264 2573 Pighius
289 2535 364 2561 non
396 2525 704 2563 consentientibus
734 2525 838 2562 MSS.

170 2589 202 2624 ς.
242 2582 285 2610 Ut
312 2576 461 2627 quisquis
487 2590 558 2613 eam
587 2577 824 2623 estventinensi
845 2575 1003 2625 Dianae]
1034 2576 1077 2614 In

117 2625 390 2673 manuscriptis,
420 2627 681 2673 eA-oentinienfi.
732 2627 861 2664 Refie.
888 2626 990 2664 velut
1012 2629 1077 2663 Hi-

105 2675 294 2727 spaniensis
309 2703 319 2718 ,
339 2676 544 2725 Sardienfis,
572 2689 666 2726 quae
685 2678 911 2725 cognomina
930 2689 1081 2723 Corum,

121 2728 185 2778 qui
215 2738 255 2763 ea
282 2725 364 2763 loca
391 2728 450 2763 seu
476 2728 681 2775 provincias
708 2728 895 2770 incolunt,
923 2736 962 2765 ut
983 2728 1078 2766 Sofi-

119 2787 223 2827 pater
248 2776 306 2812 lib.
343 2789 372 2814 1.
397 2778 537 2815 PIGH.
566 2779 817 2824 eAventiniensi
837 2780 987 2816 Dianae.
1021 2780 1078 2817 Sic

121 2831 161 2867 &
181 2827 289 2865 codd.
310 2827 441 2865 Brand.
463 2840 540 2865 non
557 2829 817 2877 Aventinenfi,
845 2837 884 2867 ut
902 2829 1018 2867 Aldus
1039 2831 1077 2868 δί

123 2879 298 2917 Chalcoc.
330 2878 533 2916 ediderunt.
589 2879 809 2928 Diciturque
837 2882 1078 2922 aventinien-

117 2931 163 2976 [is
177 2960 186 2976 ,
214 2937 255 2969 ut
277 2930 482 2978 Latinienfis
500 2958 510 2975 ,
533 2929 831 2981 Carthaginiensis.
879 2930 976 2983 Vide
998 2932 1080 2970 No·

777 958 941 1021 quue
974 959 1150 1007 alveum
1185 958 1369 1005 Tiberis
1404 970 1585 1021 petente
1607 989 1621 1015 ‚
1651 973 1854 1004 ⁴vaccam
1888 959 1978 1022 ipse
2011 961 2098 1007 im-

1996 1055 2097 1086 mo-

1132 1172 1183 1202 tas
1214 1164 1399 1201 Gronovii
1437 1162 1481 1200 ad
1509 1163 1593 1201 Liv.
1632 1174 1768 1201 xxvm.
1803 1165 1860 1202 26.
1899 1165 2092 1206 VORST.

1133 1216 1387 1261 „Aventimenfi
1409 1214 1544 1251 habent
1565 1213 1674 1250 etiam
1695 1214 1806 1262 longe
1826 1215 1942 1263 plures
1959 1228 2004 1253 ex
2025 1229 2094 1256 no-

1132 1266 1206 1303 stris
1224 1265 1330 1302 MSS.
1360 1266 1398 1302 8<
1419 1264 1596 1312 probabat
1615 1265 1726 1301 etiam
1747 1266 1969 1303 Perizonius.

1185 1316 1222 1352 6.
1250 1315 1473 1351 MaHarzdam
1500 1317 1535 1349 in
1556 1317 1745 1354 :Aventino
1774 1326 1851 1351 ante
1878 1330 1972 1352 aram
2002 1319 2095 1354 Dia.

1135 1381 1198 1402 nae
1224 1364 1407 1414 ronstituit]
1451 1363 1679 1401 Maflandam
1702 1366 1738 1401 in
1763 1366 2010 1415 manuscriptis
2032 1369 2093 1405 ab-

1138 1417 1210 1460 est,
1235 1428 1329 1462 quae
1354 1427 1431 1453 vox
1458 1414 1701 1463 proculdubio
1729 1427 1773 1452 ex
1799 1418 2097 1456 annotationibus

1138 1467 1288 1516 alicujus
1314 1465 1426 1504 assuta
1456 1466 1515 1502 est.
1551 1465 1689 1502 PIGH.
1731 1469 1771 1501 In
1800 1469 1987 1507 cAventino
2022 1480 2100 1505 ame

1138 1532 1232 1553 aram
1263 1518 1405 1554 Dianae
1438 1517 1615 1563 constituit.
1645 1516 1832 1563 Expunxit
1858 1517 2003 1564 Pighius
2030 1533 2103 1555 ma-

1139 1566 1320 1609 (landam,
1368 1566 1472 1616 quod
1496 1567 1534 1603 in
1563 1566 1784 1604 editionibus
1816 1566 1903 1604 Aldi
1926 1569 1963 1604 ὅ(
1992 1569 2103 1606 Chal-

1136 1629 1217 1655 coc.
1238 1626 1399 1667 apparet.
1440 1617 1488 1654 Et
1506 1616 1600 1654 abest
1623 1629 1775 1666 quoque
1796 1616 1815 1654 a
1838 1617 1947 1654 codd.
1968 1618 2099 1657 Brand.

1135 1669 1264 1706 Livius
1295 1668 1377 1704 Lib.
1410 1680 1440 1705 1.
1472 1669 1593 1704 Bowem
1613 1666 1746 1720 Romam
1771 1668 1880 1703 aetam
1899 1667 2026 1705 deducit
2055 1671 2101 1706 ad

1127 1721 1248 1764 fanum
1270 1720 1423 1761 Dianae,
1452 1726 1497 1753 CV
1517 1728 1597 1754 ante
1622 1732 1717 1753 aram
1740 1720 1875 1763 statuit.
1904 1719 2098 1758 VORST.

1134 1769 1240 1806 MSS.
1279 1768 1338 1806 vel
1365 1769 1415 1805 ita
1444 1767 1598 1811 habent,
1626 1776 1666 1805 ut
1694 1767 1834 1805 editum
1868 1769 1968 1806 vides
1996 1782 2015 1807 a
2035 1771 2095 1808 Pi-

1133 1821 1244 1868 ghio,
1267 1819 1349 1863 vel,
1377 1817 1435 1855 sed
1454 1819 1644 1867 pauciores
1663 1830 1844 1862 numero,
1874 1822 1991 1856 Bovem
2003 1824 2099 1868 sum-

1133 1885 1187 1907 ma
1221 1870 1436 1917 festinatione
1471 1868 1682 1905 metandam
1710 1872 1839 1919 Romae
1868 1872 1903 1905 in
1929 1874 2099 1909 Aventi-

1130 1936 1172 1957 no
1191 1932 1270 1957 ame
1289 1935 1382 1956 aram
1402 1922 1544 1956 Dianae
1562 1922 1742 1967 constituit.
1770 1920 1838 1957 Ed.
1863 1921 1961 1958 Ven.
1987 1922 2097 1960 habet

1130 1976 1268 2023 Romam
1287 1969 1497 2006 maaandam
1526 1972 1563 2006 in
1595 1972 1779 2012 .stventino
1806 1979 1878 2008 &a

1181 2032 1215 2067 7.
1251 2024 1416 2073 Regimen
1445 2021 1581 2058 humani
1599 2020 1751 2072 generis]
1799 2021 1895 2070 Cop.
1930 2024 2096 2072 Regnum.

1130 2072 1242 2121 Supra
1279 2073 1326 2110 L.
1357 2085 1386 2110 1.
1421 2084 1450 2109 1.
1474 2085 1509 2121 9.
1539 2073 1715 2122 Itaquese
1743 2072 1962 2108 humanarum
1986 2087 2093 2109 rerum

1127 2124 1272 2174 regimen
1287 2126 1361 2169 fore
1383 2123 1630 2170 exist-imantia.
1656 2122 1756 2159 idem
1784 2122 1895 2160 habet
1923 2124 2095 2160 viHimam

1127 2173 1306 2211 caederent.
1333 2173 1465 2222 Ultraj.
1487 2174 1555 2210 sec.
1584 2174 1732 2209 Vic7i'ma
1762 2172 1957 2211 caederetur.

1180 2224 1214 2261 8.
1241 2226 1350 2273 Qum
1372 2225 1526 2272 proxima
1546 2225 1585 2271 se
1609 2236 1698 2273 aqua
1727 2222 1897 2273 abluiffet]
1929 2224 1970 2261 In
1987 2225 2095 2262 Atre-

1128 2273 1288 2317 batenfi;
1314 2276 1500 2323 proximam
1527 2288 1676 2324 aquam,
1710 2273 1899 2312 mendose.
1926 2275 1963 2311 in
1996 2276 2092 2319 aliiss

1122 2326 1278 2373 proxima
1300 2339 1416 2361 manus
1436 2338 1541 2373 aqua.
1568 2335 1699 2361 verum
1722 2324 1912 2362 recstiffime
1930 2325 1967 2362 in
1992 2326 2088 2362 Cau-

1128 2375 1262 2412 chiano
1285 2403 1296 2420 ‚
1330 2377 1478 2424 proximi
1505 2376 1613 2411 amnis
1645 2388 1746 2424 aqua.
1798 2376 1995 2413 Descendit
2021 2376 2090 2412 ita-

1127 2438 1200 2475 que
1238 2440 1280 2461 ex
1306 2427 1495 2466 (Aventino
1526 2425 1572 2461 ad
1602 2426 1749 2461 vicinum
1776 2426 1904 2462 Tiberis
1930 2427 2085 2467 alveum,

1127 2487 1164 2512 ut
1189 2479 1228 2524 se
1262 2475 1422 2521 ablueret.
1483 2475 1602 2524 Quod
1632 2476 1747 2524 ipsum
1776 2477 1902 2513 Livius
1929 2487 2080 2524 quoque

1126 2526 1255 2564 scribit.
1292 2527 1432 2564 PIGH.
1489 2531 1602 2576 Quam
1628 2529 1775 2576 proximi
1804 2529 1910 2562 amnis
1935 2539 2022 2573 aqua
2041 2525 2080 2571 se

1126 2577 1290 2625 ablutffet.
1318 2578 1372 2615 Ita
1397 2577 1530 2626 scripfit
1556 2578 1703 2624 Pighius
1727 2590 1771 2614 ex
1801 2576 1881 2613 cod.
1905 2575 2082 2612 Cauchia-

1127 2640 1190 2666 no.
1242 2629 1290 2665 Et
1317 2627 1479 2666 ediderat
1505 2629 1555 2666 ita
1581 2626 1905 2673 Chalcocondyies.
1945 2625 1996 2661 At
2018 2625 2086 2662 Al-

1128 2678 1213 2722 dus.
1241 2682 1355 2729 Quam
1378 2681 1532 2727 proxima
1550 2680 1589 2726 se
1615 2691 1705 2727 aqua
1730 2676 1898 2723 abluisset:
1922 2674 2023 2723 quod
2044 2677 2084 2714 &

1128 2730 1166 2767 in
1195 2729 1302 2767 codd.
1332 2729 1465 2767 Brand.
1493 2728 1648 2777 reperio.
1700 2726 1826 2762 Livius
1852 2724 1959 2762 verba
1989 2726 2082 2763 anti-

1128 2781 1213 2818 stitis
1237 2779 1366 2829 templi
1394 2781 1537 2818 Dianae
1566 2778 1612 2815 fic
1637 2776 1828 2824 exprimit:
1851 2778 1946 2826 Quin
1966 2786 2003 2811 tu
2019 2790 2083 2813 an-

1129 2843 1162 2867 te
1195 2832 1277 2867 ·νὶνο
1309 2830 1515 2880 perfunderis
1547 2828 1712 2875 flumine?
1750 2826 1868 2873 Infima
1897 2827 1990 2861 valle
2010 2837 2087 2875 per-

1123 2883 1207 2929 fluit
1237 2880 1377 2918 Tiberis.
1399 2880 1591 2918 VORST.
1627 2877 1777 2912 Proximi
1805 2877 1912 2912 amnis
1939 2891 2029 2924 aqna
2045 2879 2084 2922 fi.-

1132 2932 1295 2983 ablussset.
1321 2931 1410 2972 Ald.
1445 2930 1548 2969 edidit
1572 2928 1726 3015 prffiima
1747 2929 1786 2974 se
1806 2940 1897 2977 aqua
1923 2926 2090 2982 ablmffit·

1362 2985 1364 2987 ¹
1677 2988 1764 3015 mm
1800 2989 1839 3016 m
2026 2985 2093 3013 itae
