2516 3509
236 137 341 195 DE
379 132 704 193 MAGIST.
740 133 938 211 ATQ
971 135 1259 196 ORDIN.
1299 139 1565 198 OFFIC.
1605 140 1713 200 ET
1751 142 1959 203 INST.
2003 166 2107 226 139

101 243 311 308 cogitur,
342 240 550 306 exigenti
569 239 739 304 magis,
774 255 911 305 quam
931 240 1171 306 praestanti
1191 256 1435 310 acceptum
1459 245 1665 295 refertur.

167 319 289 371 Illud
307 335 494 384 quoque
511 319 731 367 memoria
749 320 1048 386 repetendum
1068 323 1155 384 est,
1191 325 1317 389 quod
1353 331 1396 360 50
1412 324 1607 373 tribunis
1636 327 1778 391 plebis
1809 332 1977 381 intrare
2004 333 2104 384 Cu-

98 407 210 455 riam
234 417 331 448 non
348 399 538 448 licebat:
575 413 680 448 ante
698 400 845 450 valvas
863 414 1012 450 autem
1034 402 1191 468 pofitis
1210 403 1420 451 subselliis
1432 438 1448 464 ,
1471 402 1652 450 decreta
1668 419 1850 469 patrum
1868 414 2103 465 attentiffi·

100 504 175 535 ma
205 501 313 534 cura
339 485 682 534 examinabant:
718 498 796 545 ut,
830 484 863 533 fi
886 503 974 551 qua
1002 503 1059 535 ex
1079 488 1139 535 eis
1158 487 1507 551 improbaffent‚
1540 500 1636 535 rata
1663 488 1749 536 effe
1775 506 1870 537 non
1897 494 2102 547 sinerent.

97 553 260 631 Itaque
289 561 518 614 veteribus
547 564 949 616 Senatusconsultis
987 574 1024 606 5¹
1049 568 1099 615 T
1121 568 1248 614 litera
1279 566 1493 614 subscribi
1520 565 1712 616 solebat:
1749 585 1889 634 eoque
1906 587 2014 621 nota
2044 578 2099 624 fi-

97 645 430 714 gnificabatur,
468 653 508 684 5Ζ
535 646 609 693 illa
627 645 836 694 tribunos
854 662 1039 711 quoque
1059 644 1284 693 censuisse.
1353 645 1479 709 Qi,
1514 649 1719 713 quanvis
1739 665 1823 714 pro
1849 654 2106 703 commodis-

105 722 252 788 plebis
274 721 585 781 excubabant,
623 729 661 758 5³
680 723 818 786 inque
837 723 1037 788 imperiis
1056 722 1397 788 compescendis
1420 727 1638 790 occupati
1672 740 1822 787 erant,
1837 771 1841 775 ,
1857 728 2016 776 instrui
2038 742 2103 777 ta-

97 817 205 850 men
222 816 271 847 ea
289 802 510 865 argenteis
529 800 664 860 vasis,
700 801 750 848 &
769 801 942 849 annulis
974 805 1114 852 aureis
1144 806 1329 869 publice
1358 807 1571 870 praebitis
1593 806 1906 872 patiebantur,
1944 816 1985 847 54
2008 824 2102 873 quo
2161 866 2169 869 -

97 879 258 928 talium
279 893 430 925 rerum
446 877 526 925 usu
544 878 785 926 audioritas
806 878 1154 939 magistratuum
1172 882 1280 929 effet
1314 884 1530 931 ornatior.

102 1084 304 1123 Pomanus.
348 1083 467 1121 Vetus
487 1080 710 1120 Glossarium
723 1110 733 1127 ,
753 1082 856 1133 quod
877 1082 1006 1133 Cyrilli
1026 1083 1080 1123 di-

98 1137 211 1173 citur:
240 1137 384 1182 Γεξεσὶαι
417 1134 473 1169 boc
493 1136 695 1182 senaculum.
747 1135 807 1172 Est
836 1144 962 1173 autem
978 1138 1081 1184 fina-

97 1184 355 1234 cnlusnjudicio
366 1184 485 1222 Voffii
504 1186 581 1235 ejus
593 1185 740 1222 formae
765 1185 868 1234 cujus
888 1186 936 1224 est
947 1201 1080 1224 cenacu-

101 1238 193 1271 lum:
217 1243 258 1273 ut
278 1235 479 1285 quomodo
500 1236 604 1274 locus
624 1235 686 1273 ubi
708 1245 914 1275 coenarunt
927 1252 1081 1282 ‚cenacu-

100 1288 172 1322 lum
204 1286 320 1325 dictus
351 1286 445 1330 fuit,
475 1286 525 1325 ita
558 1286 661 1324 locus
679 1287 742 1325 ubi
764 1290 1010 1336 convenirent
1027 1290 1082 1327 se-

96 1346 270 1381 natores,
295 1339 488 1387 senaculum
520 1337 715 1376 diceretur.
775 1338 876 1377 Vide
908 1341 1081 1379 Lexicon

101 1388 179 1437 ejus
211 1387 367 1437 etymol.
399 1401 435 1426 v.
461 1391 643 1438 senatores.
705 1391 798 1439 Quo
827 1390 916 1429 loco
950 1393 988 1430 &
1008 1393 1085 1431 hoc

103 1446 213 1477 notat
233 1451 280 1477 ex
301 1439 522 1488 Lampridio
538 1469 548 1483 ‚
577 1440 866 1490 Heliogabalum
891 1444 929 1480 &
953 1443 1086 1482 mulie-

101 1489 199 1527 ribus
221 1492 414 1539 senaculum
443 1490 591 1537 feciffe,
627 1491 690 1529 ubi
719 1491 927 1530 solennibus
953 1494 1080 1533 saltem

102 1539 230 1578 diebus
263 1549 470 1579 conventus
498 1541 604 1580 fieret
631 1543 857 1581 matronalis.
883 1544 1080 1585 VORST.

99 1590 249 1640 Pighius
272 1593 310 1630 in
333 1593 457 1630 erratis
478 1593 556 1630 vult
574 1593 647 1642 legi
672 1596 873 1642 senatulum.
926 1595 999 1634 Sed
1021 1598 1078 1635 vi-

99 1641 146 1679 de
165 1650 272 1680 notas
294 1642 342 1680 ad
363 1643 555 1692 Lamprid.
575 1646 614 1682 in
636 1645 789 1694 Heliog.
812 1647 851 1683 &
872 1646 1079 1695 Vopiscum

96 1693 137 1730 in
158 1693 365 1731 Aureliano
387 1694 478 1743 Cap.
501 1708 562 1745 49.
584 1695 670 1733 Liv.
689 1696 735 1733 L.
755 1708 830 1733 xix.
851 1708 912 1743 27.
940 1700 986 1734 Et
1000 1708 1082 1747 por—

91 1746 193 1781 ticum
212 1744 255 1780 ab
274 1743 352 1781 aede
373 1748 515 1783 Saturni
535 1748 571 1783 in
594 1749 797 1797 Capitolium
814 1746 860 1783 ad
872 1750 1079 1797 senaculum,

95 1802 143 1831 (ν’
152 1798 253 1844 snper
270 1795 306 1832 id
324 1798 462 1834 curiam.
490 1797 601 1835 Adde
623 1805 733 1836 notas
752 1798 797 1836 ad
816 1798 908 1836 Plin.
930 1800 1077 1840 L.v111.

97 1858 158 1895 45.
184 1846 430 1885 PERIZON.
477 1847 642 1887 Famian.
665 1849 849 1888 Nardinus
866 1850 987 1889 scribit
1008 1852 1079 1891 Fe-

81 1896 189 1934 'stum
202 1896 339 1936 docere
352 1927 362 1943 ‚
374 1910 520 1948 quatuor
533 1900 766 1950 Romaefus'ffe
775 1903 934 1949 senacula
948 1931 958 1947 ‚
971 1904 1075 1953 quod

93 1947 219 1986 nescio
249 1949 350 1986 unde
379 1951 546 1989 hauserit.
600 1953 694 1991 Tria
725 1953 827 1990 enim
856 1961 1003 1992 tantum
1031 1956 1076 1993 ab

94 2008 144 2035 eo
163 2009 525 2039 commemorantur.
547 2001 652 2041 idem
666 2010 770 2051 putat
779 2001 885 2041 fuiffe
908 2006 997 2042 atria
1011 2006 1076 2045 ad-

95 2047 226 2086 struea
248 2051 395 2090 aedibus
410 2080 421 2097 ‚
447 2053 485 2090 in
505 2053 636 2103 quibus
658 2055 812 2092 Senatus
839 2054 964 2094 haberi
982 2057 1076 2095 sole-

92 2097 156 2135 bat
171 2124 181 2140 ,
202 2111 279 2148 quo
302 2102 362 2139 vel
383 2103 629 2142 commodior
650 2104 825 2143 audiendi
843 2105 949 2144 locus
972 2106 1075 2153 effer,

95 2149 155 2185 vel
176 2149 319 2197 plenior
341 2152 521 2193 consessus
543 2156 750 2204 majestatis.
764 2156 810 2193 L.
823 2168 868 2194 11.
887 2156 934 2195 de
949 2158 1075 2197 Roma

93 2199 225 2237 Veteri
248 2200 291 2237 C.
314 2214 349 2240 2.
375 2204 483 2242 MSS.
512 2206 572 2242 vel
589 2205 684 2242 hodie
706 2209 921 2255 senaculum,
949 2208 1010 2245 vel
1021 2213 1076 2258 Je-

92 2252 247 2287 natulum
261 2279 271 2295 ,
284 2259 324 2289 ut
344 2261 500 2303 uterque
516 2255 621 2293 Barb.
643 2256 703 2293 vel
721 2255 880 2305 hodieque
892 2259 1074 2304 senaclnm,

92 2301 155 2339 vel
185 2304 379 2339 cenaculum.
418 2304 487 2341 Ed.
516 2306 624 2353 Mog.
654 2305 748 2341 hodie
768 2309 968 2353 senatulum.
996 2309 1075 2345 Ve-

91 2360 167 2390 net.
203 2353 308 2399 1478.
335 2352 430 2389 hodie
456 2356 659 2402 senaculum.
685 2355 784 2392 Ven.
811 2356 1076 2404 148<.senatn-

6 2447 20 2451 ·
90 2407 170 2440 lum.
199 2403 520 2443 Mediol.Ascens.
532 2404 618 2443 Ald.
639 2406 678 2444 ὅς
701 2406 814 2444 ceteri
831 2405 926 2443 hodie
946 2420 1077 2460 qnoque

82 2460 165 2506 δ[ἔνια
170 2458 287 2492 culum.

140 2531 201 2567 49.
238 2525 313 2557 Nec
350 2521 560 2571 exspeftabat
592 2532 630 2559 ut
663 2520 764 2558 edic‘lo
805 2522 1072 2576 contraheretur]

93 2569 214 2618 Quod
226 2572 350 2619 postea
363 2573 433 2610 fuit
444 2570 586 2610 neceffe
599 2601 609 2618 ‚
619 2573 771 2623 quando
784 2585 849 2622 per
864 2582 985 2613 totam
1000 2577 1072 2614 Ita-

88 2619 178 2658 liam
203 2621 305 2659 villas
323 2623 400 2661 suas
418 2623 610 2661 habebant.
639 2624 724 2661 Liv.
738 2624 782 2662 L.
796 2637 906 2663 xt111.
928 2639 984 2664 11.
1006 2631 1069 2666 M.

90 2673 215 2720 Qecio
231 2677 381 2723 praetori
400 2674 592 2712 mandatnm
612 2685 650 2711 ut
661 2672 760 2712 edic‘lo
772 2679 942 2725 senatores
963 2693 1070 2716 omnes

89 2736 130 2758 ex
144 2734 219 2760 tota
242 2726 346 2761 Italia
375 2725 459 2774 (nist
482 2728 541 2776 qui
563 2727 652 2775 Reip.
673 2726 779 2775 cauffiz
800 2727 966 2776 abessent)
996 2732 1069 2780 Q-

1972 965 2108 1030 Qio-

1183 1100 1241 1137 51.
1259 1089 1298 1125 T.
1319 1088 1438 1140 litera]
1463 1092 1573 1141 Quae
1594 1102 1738 1131 nomen
1759 1092 2018 1134 Tribunorum
2038 1109 2109 1136 no-

1131 1138 1240 1177 tabat.
1274 1140 1359 1178 licet
1387 1142 1511 1190 postea
1533 1144 1669 1182 notarii
1689 1145 1886 1183 maluerint
1907 1145 2045 1185 duabus
2066 1148 2110 1186 li-

1132 1191 1216 1228 teris
1241 1191 1498 1232 Tribunitium
1520 1205 1666 1232 nomen
1689 1194 1887 1244 designare.
1930 1197 1988 1235 Sic
2007 1199 2110 1237 enirn

1132 1241 1171 1278 in
1192 1242 1303 1280 Notis
1323 1243 1459 1282 Probi:
1489 1258 1554 1282 ΤΚ.
1578 1257 1663 1284 CEL.
1691 1246 1829 1284 Tribuni
1851 1249 2010 1285 Celerum.
2062 1250 2111 1288 Et

1133 1291 1239 1330 alibi:
1271 1306 1336 1332 TR.
1357 1306 1445 1332 AER.
1472 1296 1616 1334 Tribuni
1636 1301 1771 1335 aerarii.
1823 1298 1861 1335 T
1883 1307 1975 1336 nota
1996 1300 2111 1338 etiam

1134 1342 1371 1383 absolutionis
1392 1346 1462 1384 fuit
1475 1346 1598 1392 ,unde
1617 1347 1775 1386 salutaris
1798 1348 1818 1386 a
1833 1349 2019 1387 Cicerone
2041 1363 2109 1399 pro

1134 1395 1282 1434 Milone
1304 1396 1447 1435 dicitur.
1499 1398 1681 1436 Asconius
1698 1399 1758 1437 ibi.
1803 1399 2007 1438 Rationem
2029 1401 2110 1440 red«

1134 1444 1187 1483 dit
1208 1447 1468 1497 Hieronymus
1489 1449 1527 1487 in
1548 1449 1685 1487 Ezech.
1713 1450 1805 1487 Non
1826 1449 1953 1488 desunt
1975 1452 2111 1490 Gram-

1134 1498 1262 1535 matici
1283 1500 1347 1549 qui
1369 1499 1570 1538 Tcrucem
1592 1502 1889 1549 interpretentur.
1918 1501 2113 1541 COLER.

1134 1552 1278 1586 Senatus
1298 1552 1453 1600 conficltis
1463 1550 1560 1589 delet
1572 1552 1680 1600 prim.
1692 1552 1824 1601 Ultraj.
1830 1554 1965 1601 scriptis
1980 1581 1990 1597 ‚
2004 1553 2114 1592 Leid.

1135 1599 1250 1649 quint.
1274 1600 1335 1638 sed
1355 1601 1500 1650 punffis
1516 1610 1668 1641 notatur
1681 1631 1693 1648 ,
1721 1603 1760 1640 &
1782 1603 1821 1641 in
1842 1615 1957 1652 marg.
1988 1604 2037 1642 est
2054 1610 2115 1642 See

1132 1662 1234 1688 natus
1252 1654 1418 1700 consultis.

1184 1714 1242 1750 52.
1279 1705 1346 1740 Illa
1374 1702 1522 1741 tribunos
1551 1717 1680 1756 quoque
1707 1703 1874 1754 censuisse]
1914 1705 1963 1742 V.
1996 1717 2027 1744 c.
2060 1709 2118 1744 Ine

1129 1752 1291 1791 tribunos.
1328 1754 1470 1793 PIGH.
1532 1757 1586 1792 Ita
1616 1755 1766 1793 tribunos
1797 1769 1926 1806 quoqne
1952 1758 2116 1806 cenfiziffe.

1132 1802 1188 1841 Ita
1215 1804 1364 1853 Pighius
1397 1817 1442 1843 ex
1470 1813 1598 1845 vetere
1639 1806 1722 1844 cod.
1751 1805 1952 1854 legendum
1981 1810 2114 1848 censet.

1129 1853 1277 1894 Verum
1301 1857 1527 1906 antiquiores
1550 1859 1646 1906 typis
1659 1858 1808 1907 expreffi
1833 1870 1900 1905 pro
1912 1861 1961 1894 ita
1973 1859 2113 1899 habent

1128 1906 1203 1942 illa.
1259 1907 1342 1945 Nec
1374 1907 1478 1946 aliter
1505 1909 1612 1946 MSS.
1648 1908 1778 1946 Brand.
1807 1909 2003 1948 VORST.
2057 1914 2115 1949 Ita

1129 1956 1278 1994 tribunos
1296 1971 1426 2009 quoque
1446 1960 1606 2008 censuisse.
1635 1960 1716 1997 MS.
1741 1971 1827 1997 cum
1859 1960 1933 1997 'aliis
1962 1963 2027 1998 Illa
2045 1966 2110 2000 tria

1127 2005 1229 2044 bunos
1250 2010 1407 2058 cenfias'ſje.
1451 2011 1562 2048 Forte
1584 2011 1807 2060 chnfict'ffe,
1830 2010 1867 2048 id
1888 2011 1962 2056 est,
1982 2016 2112 2049 exami-

1127 2059 1227 2107 naffie.
1255 2068 1296 2099 ut
1318 2061 1448 2099 Critici
1467 2060 1652 2110 eleganter
1674 2063 1845 2099 dicuntur
1865 2064 2043 2111 Recenseee
2064 2065 2108 2099 li·-

1127 2107 1232 2147 hrum.
1285 2113 1417 2160 Quum
1434 2112 1661 2162 percensutffet
1682 2113 1820 2149 Italiam
1834 2140 1844 2156 ,
1874 2112 1913 2149 id
1936 2114 1983 2150 est
2005 2126 2109 2162 pera-²

1128 2160 1259 2208 graffet
1289 2163 1376 2200 Liv.
1409 2164 1455 2200 L.
1477 2176 1604 2201 xxxxv.
1633 2163 1677 2200 C.
1704 2176 1760 2212 52.
1787 2165 1962 2200 Orationes
1982 2166 2110 2215 legato-

1128 2224 1201 2248 rum
1216 2223 1276 2261 pro
1290 2216 1466 2261 sententiis
1493 2216 1736 2262 percenseamus
1763 2215 1849 2251 Liv.
1873 2214 1918 2251 L.
1932 2227 2050 2254 xxxxi.
2064 2216 2109 2255 C.

1128 2272 1188 2298 21.
1221 2263 1266 2299 L.
1286 2274 1414 2300 xxxxv.
1445 2264 1487 2299 C.
1510 2275 1569 2312 23.
1605 2265 1684 2311 init.
1720 2267 1976 2312 percensuerunt
2001 2282 2108 2304 omnes

1119 2322 1238 2358 gentes
1262 2313 1344 2349 Liv.
1360 2314 1552 2350 L.xxxx11.
1575 2313 1618 2350 C.
1643 2326 1699 2362 32..
1725 2317 1884 2364 recensere
1904 2319 2014 2354 omnia
2034 2333 2106 2355 mu·-

1127 2360 1244 2397 liebria
1260 2368 1341 2411 jura
1362 2364 1446 2401 Liv.
1460 2376 1594 2401 xxxm.
1616 2364 1659 2402 C.
1675 2377 1708 2415 3.
1728 2365 1806 2403 init.
1828 2369 1988 2414 Captivos
2010 2371 2106 2418 qnos·

1127 2409 1205 2447 dam
1235 2416 1392 2462 recensuit
1418 2415 1503 2452 Liv.
1527 2427 1689 2452 xxxvm.
1710 2415 1753 2453 C.
1778 2428 1836 2461 27.
1858 2417 2101 2456 PERIZON.

1130 2461 1174 2499 In
1194 2463 1290 2501 hanc
1307 2466 1523 2503 sententiam
1545 2465 1722 2504 adducstus
1742 2464 1846 2504 fuisse
1868 2468 2012 2506 viderur
2034 2470 2101 2505 Vir

1130 2512 1184 2552 Cl.
1217 2515 1302 2564 quia
1331 2516 1369 2552 in
1398 2516 1479 2553 MS.
1514 2516 1648 2565 Copes.
1672 2516 1799 2555 deerat
1820 2533 1968 2569 quoqne,
1996 2518 2098 2567 quod

1125 2571 1254 2602 tamen
1271 2566 1449 2614 reperitur
1466 2567 1507 2604 in
1531 2568 1623 2605 meis
1656 2569 1852 2613 omnibus,
1879 2570 1941 2618 qui
1961 2570 2096 2607 habent

1122 2614 1172 2652 ita
1187 2643 1196 2660 ‚
1224 2623 1265 2653 ut
1286 2617 1383 2655 edidi
1396 2632 1407 2660 ;
1436 2616 1501 2655 nifi
1519 2618 1623 2668 quod
1640 2620 1679 2656 in
1700 2632 1776 2658 uno
1798 2621 1905 2657 Rem.
1927 2631 1992 2667 pro
2015 2621 2092 2664 illa,

1125 2666 1173 2704 est
1202 2669 1291 2705 vita.
1355 2668 1441 2706 Scio
1470 2669 1734 2708 usitatissimam
1766 2669 1962 2707 formulam
1996 2668 2092 2714 effe,

1121 2718 1173 2755 ita
1194 2721 1323 2767 censeo;
1353 2720 1413 2757 sed
1435 2728 1564 2758 tamen
1585 2721 1739 2758 alterum
1761 2728 1886 2758 contra
1906 2726 1961 2757 tot
1975 2720 2093 2758 Codi-

89 2786 179 2810 ,πάγη
199 2786 376 2813 revocaret.
429 2777 528 2814 Vide
552 2777 590 2814 &
613 2776 800 2815 Columel,
817 2791 852 2828 p·
876 2790 908 2826 7¹
933 2780 1065 2829 Copefi
1119 2781 1207 2827 cum
1231 2771 1447 2809 consensum
1481 2771 1661 2828 expellere
1683 2782 1759 2827 non
1781 2769 1879 2807 ausus
1902 2770 1990 2828 fun
2016 2771 2090 2809 Pro

88 2825 366 2865 contraherentur.
405 2839 543 2876 nempe
570 2833 744 2865 Senatores
763 2857 774 2873 ,
806 2838 852 2868 ut·
885 2830 1066 2870 referatur
1109 2820 1365 2879 fignff'sfbamf
1382 2821 1488 2862 Med·
1511 2830 1626 2873 qums·
1639 2821 1860 2872 signficatur'
1874 2820 2005 2871 Ultra-l·
2024 2822 2093 2861 [π’

91 2874 139 2912 ad
168 2877 321 2915 sensum.
358 2878 604 2917 PERIZON.
665 2882 782 2918 etr-»em
810 2880 907 2918 delet
932 2882 1066 2932 Ultraj.
1110 2871 1431 2922 fhofignfinoanr.

91 2926 202 2982 prim.
234 2927 292 2975 effi
323 2928 462 2968 addunt
493 2938 565 2969 tres
597 2929 667 2969 alii.
719 2931 853 2980 Copes.
875 2935 1066 2985 fungatur,

92 2985 186 3015 item
208 2981 345 3027 cogenti.

145 3041 204 3077 50.
231 3029 387 3066 Tribunis
407 3028 537 3081 plebis]
575 3031 659 3074 MS·
698 3031 795 3084 COp.
824 3035 859 3072 T
854 3032 917 3075 rib.
938 3036 1067 3089 populi·

93 3077 227 3130 Ultraj.
248 3081 356 3130 prim.
374 3083 431 3121 Tr.
442 3081 579 3134 plebeis.

1148 2947 1226 2992 53.
1255 2939 1360 2993 anue
1387 2939 1533 2995 imperiis
1564 2936 1808 2987 compestendt‘s]
1849 2937 1989 2986 Imperia
2019 2946 2089 2985 pro

1117 2987 1173 3024 his
1200 2999 1264 3035 qui
1294 2999 1379 3026 cum
1407 2990 1566 3038 imperio
1598 2989 1700 3032 sunt,
1739 2997 1778 3026 ut
1808 2988 1908 3034 supra
1935 3000 1967 3031 1,
1992 3000 2024 3031 1,
2047 2999 2086 3035 9.

1118 3037 1181 3078 ubl
1203 3038 1322 3080 Notas
1342 3038 1440 3081 Vide.
1478 3040 1537 3080 Sic
1559 3041 1596 3080 &
1615 3052 1658 3127 Ηὲ
1674 3039 1772 3127 [ἕης.
1798 3040 1921 3088 Instrui
1937 3037 2085 3137 ming}

2199 327 2236 373 Jf'l
