2516 3509
503 85 641 144 DE
734 86 1025 171 FIDE
1110 88 1696 154 PUBLlca.
1989 97 2107 173 5⁶87

859 241 1335 293 EXTERNA.

163 381 209 413 30
245 372 374 420 Nam
409 371 512 437 post
546 371 743 422 duorum
779 376 827 422 in
859 363 1078 440 Hispania
1114 377 1409 442 Scipionum,
1445 376 1731 444 totidemque
1764 382 1970 431 Romani
2003 383 2096 431 san·-
2211 404 2242 431 1.

88 455 246 522 jguinis
280 456 566 502 exercituum
602 454 897 504 miserabilem
933 456 1153 522 stragem,
1191 457 1431 522 Saguntini
1465 457 1729 508 victricibus
1763 463 1996 512 Annibalis
2030 482 2096 513 ar-
2116 442 2295 523 ‘iffi'fi'ib‘

98 537 184 584 mis
219 537 336 582 intra
368 535 547 582 moenia
581 536 704 583 urbis
739 536 837 584 suae
869 537 1129 602 compulsi,
1176 554 1284 585 cum
1332 538 1426 586 vim
1458 539 1680 587 Punicam
1715 541 1902 591 ulterius
1937 547 2093 609 nequi·
2115 535 2285 608 {1013}ssng

93 629 194 664 rent
228 631 403 675 arcere,
427 615 602 662 collatis
638 616 684 662 in
718 615 893 677 forum,
926 634 1037 682 quae
1072 619 1319 682 unicuique
1352 629 1478 664 erant
1513 618 1752 680 cariffima,
1782 634 1918 686 atque
1947 630 1984 660 3¹
2012 642 2095 671 un-
2115 609 2184 643 ὼ·

91 695 236 759 dique
280 696 572 744 circumdatis
620 697 902 762 accensisque
945 701 1061 763 ignis
1103 701 1431 760 nutrimenti8‚
1477 706 1518 737 32
1557 714 1612 745 ne
1642 698 1672 747 -ὲ
1705 700 1918 748 societate
1951 702 2100 750 nostra

41 773 47 775 i
95 775 407 835 desciscerent,
441 776 629 841 publico
665 776 714 823 ὃς
748 779 986 825 communi
1020 795 1137 844 rogo
1177 787 1217 818 33
1256 779 1480 844 semetipsi
1514 778 1864 843 superjecerunt.
1933 781 2096 829 Credi-

93 852 235 900 derim
282 869 394 902 tunc
438 854 572 918 ipsam
610 854 771 901 Fidem
815 856 1010 903 humana
1054 859 1240 922 negotia
1273 857 1577 922 speculantem
1604 891 1619 917 ‚
1673 858 1896 905 moestum
1930 861 2099 923 geffiffe

93 935 273 983 vultum
301 956 342 994 ς’
374 935 853 1001 perseverantiffimum
899 936 964 983 sui
1011 939 1191 986 cultum
1240 946 1284 978 34
1318 940 1497 1002 iniquae
1541 938 1752 987 fortunae
1786 940 1967 1004 judicio
2004 956 2097 991 tam

94 1015 258 1062 acerbo
295 1018 422 1061 exitu
458 1014 720 1067 damnatum
757 1029 1034 1064 cernentem.

99 1225 275 1262 historicis
305 1223 477 1261 omnibus
502 1223 702 1272 legendum
734 1221 805 1260 effe
835 1231 951 1272 puto;
982 1225 1076 1261 Nam

99 1287 179 1312 ante
200 1276 335 1311 duorum
355 1278 389 1310 in
412 1277 581 1324 Hispania
603 1276 800 1323 Scipionum.
827 1275 852 1311 sl
879 1274 899 1312 ὲ.
922 1276 1076 1313 veritate

102 1327 287 1364 discedere
318 1326 492 1363 nolimus.
544 1326 719 1374 Corrupit
747 1325 874 1363 locum
906 1326 1078 1364 historiae

101 1379 302 1416 Romanae
334 1377 525 1424 imperitus
561 1377 688 1426 aliquis
704 1376 867 1414 librarius
894 1386 957 1414 aut
976 1378 1072 1416 ludi-

99 1429 281 1477 magister.
308 1428 448 1465 PIGH.
476 1430 568 1464 Nam
593 1431 665 1477 post
682 1426 818 1463 duorum
845 1428 881 1463 in
904 1430 1075 1478 Htspania

102 1482 302 1528 Scipionum.
340 1480 417 1516 Diu
440 1487 525 1515 ante
545 1478 688 1516 cladem
712 1478 927 1527 Scipionum
949 1480 986 1516 in
1006 1481 1076 1517 Hi-

106 1530 231 1579 spania
255 1537 403 1577 captum
432 1527 534 1566 fuiffe
556 1530 758 1578 Saguntum
780 1542 824 1566 ex
843 1530 957 1566 Livio
977 1532 1014 1568 &
1035 1542 1074 1569 a-

99 1581 155 1620 liis
175 1581 338 1618 constare
369 1580 498 1629 potest.
547 1582 607 1618 Ne
626 1581 734 1628 igitur
752 1581 855 1617 falsus
874 1579 978 1618 fuiffe
1004 1593 1072 1630 pu-

99 1640 239 1670 taretur
262 1631 405 1674 noster,
420 1640 549 1670 contra
566 1632 739 1669 omnium
761 1631 935 1669 codicum
952 1631 1069 1671 fidem

101 1683 250 1731 Pighius
266 1693 333 1731 pro
352 1684 420 1731 pos}
441 1682 575 1731 scripsit
590 1694 679 1719 ante.
721 1683 865 1720 Verum
887 1683 1068 1733 quoniam

94 1734 184 1771 illud
205 1733 249 1771 de
269 1732 372 1770 clade
394 1733 610 1782 Scipionum
628 1734 688 1770 hic
708 1734 885 1777 attexuit,
914 1745 993 1772 non
1014 1735 1063 1772 est

87 1784 313 1827 verisimile,
338 1784 492 1822 scribere
521 1796 608 1822 eum
636 1784 813 1830 voluiffe,
841 1784 943 1834 quod
976 1793 1062 1823 ante

93 1835 235 1874 cladem
257 1835 473 1884 Scipionum
502 1836 693 1884 Saguntini
714 1836 895 1873 Romanis
920 1843 996 1873 tam
1019 1836 1062 1874 fi-

91 1886 192 1925 deles
214 1887 372 1930 fuerint3
401 1886 462 1924 sed
480 1884 668 1936 scripsisse,
696 1887 799 1936 quod
819 1887 897 1936 post
917 1887 1061 1926 cladem

92 1949 177 1975 eam
204 1938 242 1975 id
258 1938 488 1985 contigerit&
515 1946 558 1975 ut
575 1937 748 1975 videlicet
770 1938 1060 1986 Saguntinorum

87 1988 188 2026 illam
218 1987 433 2025 fidelitatem
461 1989 576 2037 magis
605 1988 861 2026 admirandam
882 1989 1059 2033 doceret,

86 2047 130 2076 ut
159 2051 254 2089 quae
286 2038 363 2086 post
385 2039 649 2077 Romanorum
682 2039 825 2076 cladem
849 2039 1059 2086 contigerit.

84 2091 225 2140 Neque
250 2100 342 2127 vero
373 2089 534 2137 primum
565 2090 641 2127 hoc
660 2089 834 2127 *auctoris
870 2091 1057 2138 παρόμμα
1094 2132 1097 2135 ⁴

85 2141 135 2178 est
147 2156 157 2184 ;
191 2139 252 2178 sed
271 2141 308 2177 ὃς
328 2137 395 2176 alia
418 2141 495 2187 ejus
510 2141 653 2189 generis
667 2141 745 2189 jam
766 2140 870 2188 supra
887 2139 1059 2178 observa-

86 2191 223 2229 vimus.
260 2190 456 2228 VORST.
502 2193 577 2238 Post
606 2191 813 2228 constanter
844 2190 987 2228 servant
1013 2203 1055 2228 o-

90 2253 199 2280 mnes
227 2241 327 2285 mei,
367 2242 404 2278 &
428 2241 504 2278 hoc
540 2241 653 2278 totius
689 2241 907 2280 narrationis
937 2241 1056 2280 ordini

85 2294 218 2331 melius
262 2292 463 2329 convenire
502 2291 601 2329 rede
636 2292 804 2329 Vorstius
851 2291 1060 2331 admonuit.

88 2347 185 2381 Nam
219 2356 237 2381 a
264 2342 443 2392 plerisque
473 2342 569 2380 abest
600 2342 707 2379 MSS.
736 2343 773 2379 δε
792 2341 860 2379 Ed.
890 2351 975 2380 ante
1001 2343 1061 2381 Pi·

86 2395 229 2443 ghium.
281 2392 480 2431 Diffentire
507 2401 630 2431 autem
660 2393 720 2430 hic
739 2392 933 2431 Valerium
953 2406 973 2432 a
994 2395 1061 2432 Li-

83 2446 151 2483 vio
183 2447 221 2494 &
250 2444 325 2483 aliis
356 2444 499 2483 dudum
532 2445 613 2495 jam
641 2444 899 2482 observaverat
926 2444 1058 2484 Olive-

81 2508 166 2535 nus.

134 2558 193 2597 31.
223 2545 375 2596 Undique
401 2544 613 2583 circumdatis
641 2551 686 2581 <9⁶
707 2545 842 2592 accenfis
870 2546 960 2597 ignis
993 2561 1056 2584 nu-

75 2597 265 2647 vimentis]
297 2597 478 2635 Nonnulli
494 2595 704 2634 circumdatis
726 2598 918 2634 omittunt.
946 2598 1051 2637 Med.

67 2650 148 2687 sec.
181 2649 414 2696 &succenfis,
439 2648 550 2698 prim.
577 2648 794 2697 acsuccenfis.
820 2648 952 2697 Ultraj.
981 2649 1050 2688 sec.

67 2700 212 2749 succensi
207 2703 304 2750 sque.

135 2763 194 2801 32.
220 2755 279 2787 Ne
297 2749 317 2786 ἒι
327 2750 487 2798 fhcietate
505 2751 613 2796 nostra
637 2747 824 2798 deficerent]
863 2748 906 2786 In
933 2749 1049 2789 Susia-

78 2811 133 2838 no
159 2801 250 2839 libro
279 2800 496 2848 desciscerent.
531 2799 658 2837 Recte.
697 2799 756 2836 Sic
784 2800 884 2838 enim
916 2801 1045 2841 Livius

74 2851 170 2890 libro
197 2865 257 2890 vr.
281 2853 318 2889 &
337 2851 432 2889 alibi.
455 2850 595 2887 PIGH.
622 2855 680 2886 Ne
709 2849 731 2886 εὶ
751 2852 909 2898 societate
934 2856 1044 2900 nostra

76 2902 293 2952 defiiscerent.
311 2903 365 2940 Ita
387 2902 406 2940 ὲ
429 2901 681 2939 cod.Sus1ano
700 2901 773 2949 legi
793 2902 869 2940 vult
885 2903 1042 2953 Pighius.

81 2954 198 2992 Aldus
230 2953 392 2992 ediderat
421 2952 608 3000 deficerent.-
651 2952 974 3004 Chalcocondyles
1004 2957 1042 2994 ὃς

80 3003 263 3044 Martinus
280 3004 433 3054 Herbip.
448 3003 634 3053 dcfister-ent
645 3019 656 3048 3
679 3005 878 3054 quomodo
899 3008 1046 3046 &uter-

1968 1097 2097 1147 Idem

1128 1237 1202 1273 que
1221 1224 1301 1263 cod.
1312 1224 1444 1262 Brand.
1455 1224 1576 1262 habet.
1587 1222 1782 1262 VORST.
1795 1224 2002 1272 Defisterent.
2014 1227 2096 1267 MS.

1129 1276 1344 1326 Quomodo
1363 1278 1401 1314 &
1420 1275 1590 1313 nonnulli
1611 1275 1690 1319 alii,
1714 1275 1818 1324 quod
1836 1286 1913 1312 non
1934 1277 2098 1324 rejicien.

1128 1328 1217 1365 dum
1252 1329 1384 1365 forsan.
1415 1326 1463 1364 fic
1485 1329 1523 1364 &
1546 1326 1692 1363 Ascens.
1719 1325 1821 1369 Edit,
1846 1326 2091 1369 PERIZON.

1128 1378 1261 1428 Ultraj.
1288 1386 1456 1428 uterque.
1484 1377 1593 1415 Leid.
1614 1376 1699 1414 sext.
1720 1377 1758 1414 &
1778 1376 1885 1424 prim.
1907 1377 1974 1414 Bit.
1996 1388 2096 1417 uter·

1127 1442 1201 1480 que
1222 1429 1327 1467 Barb.
1356 1430 1464 1478 prim.
1490 1428 1561 1466 Ed.
1587 1428 1806 1476 Mog.Ven.
1829 1427 1933 1465 Med.
1958 1428 2092 1469 habent

1125 1481 1256 1519 itidem
1276 1479 1462 1528 desisterent
1476 1494 1486 1523 ;
1501 1478 1604 1529 quod
1623 1477 1779 1516 verbum
1802 1485 1966 1516 mutatae
1988 1491 2093 1519 men-²

1124 1533 1170 1570 tis
1206 1533 1244 1570 δε
1272 1531 1411 1570 consilii
1447 1529 1754 1579 significationem
1794 1529 1929 1566 habere
1967 1530 2093 1571 docuit

1122 1582 1286 1621 Broukh.
1314 1582 1359 1620 ad
1381 1581 1468 1620 Tib.
1491 1582 1540 1620 L.
1565 1594 1595 1619 1.
1619 1593 1654 1629 9.
1683 1591 1742 1626 71.
1764 1579 1863 1618 Vide
1882 1581 1920 1618 ὃς
1940 1581 2092 1621 Rivium

1120 1633 1168 1672 ad
1198 1633 1281 1671 Sall.
1317 1633 1356 1670 Β.
1387 1633 1469 1681 Jug.
1505 1645 1535 1670 c.
1566 1644 1627 1678 27.
1654 1629 1751 1678 Quod
1779 1631 1822 1666 ab
1850 1634 2092 1683 oppugnatione

1119 1698 1185 1722 non
1204 1683 1380 1732 defisteret.
1407 1683 1525 1722 Plaut.
1549 1682 1749 1720 Maenech.
1771 1693 1806 1719 v.
1834 1694 1867 1719 2.
1895 1695 1954 1730 27.

1164 1751 1262 1803 ,Quid
1279 1762 1316 1788 tu
1335 1752 1439 1800 tristis
1458 1753 1518 1788 es?
1550 1749 1643 1800 Qid
1666 1751 1726 1786 ille
1744 1760 1855 1788 autem
1878 1749 1940 1787 abs
1967 1761 2000 1787 te
2018 1752 2088 1789 ire:-

1264 1813 1318 1840 tus
1347 1802 1487 1852 destitit.

1115 1879 1171 1917 Ut
1199 1878 1271 1918 illic
1291 1879 1402 1917 MSS.
1426 1880 1464 1917 ὃς
1484 1887 1627 1917 veteres
1657 1877 1751 1917 Edd.
1773 1877 1907 1916 habere
1937 1881 2085 1917 monuit

1113 1929 1399 1968 Taubmannus.
1451 1931 1641 1978 Deficerent
1668 1930 1803 1968 habent
1831 1929 1936 1967 Leid.
1967 1939 2085 1980 quart.

1111 1979 1184 2017 Sed
1200 1983 1318 2031 quint.
1345 1980 1567 2028 Discederent.
1580 1983 1635 2019 Ut
1654 1981 1814 2028 discedere
1836 1980 1880 2017 ab
1901 1980 2012 2027 officio.
2036 1982 2083 2019 de

1110 2042 1188 2080 quo
1222 2032 1307 2078 Joh.
1341 2032 1398 2069 Fr.
1425 2033 1547 2076 Gron,
1585 2032 1631 2070 ad
1664 2033 1748 2070 Liv.
1781 2032 1827 2069 L.
1857 2044 1991 2070 xxvrr.
2027 2047 2084 2070 xo.

1110 2083 1282 2130 praefero
1311 2082 1511 2130 desisterent.
1563 2084 1707 2132 Deficere
1744 2084 1782 2121 δί
1811 2081 1979 2131 desciscere
2018 2083 2083 2121 illis

1110 2133 1235 2181 potius
1264 2135 1497 2173 conveniunt
1518 2163 1528 2180 ‚
1566 2136 1631 2184 qui
1659 2134 1756 2172 ultro
1784 2133 1897 2171 fidem
1927 2132 2081 2178 fallunt„

1109 2183 1258 2231 defistere
1284 2186 1323 2222 in
1352 2197 1416 2223 eos
1446 2186 1562 2234 magis
1587 2185 1743 2234 quadrat
1762 2213 1772 2230 ‚
1800 2184 1864 2233 qui
1894 2184 1994 2222 illam
2016 2197 2080 2223 co-

1109 2233 1186 2322 IIere
1205 2235 1374 2273 definunt
1394 2236 1515 2275 coacsti
1536 2236 1756 2273 necestitate.
1809 2235 1909 2273 Vide
1929 2236 2077 2274 &infra

1151 2314 1159 2323 .
1182 2299 1267 2324 V11.
1295 2287 1330 2324 6.
1356 2298 1391 2323 2.

1164 2348 1223 2386 33.
1259 2340 1364 2373 Semet
1399 2337 1462 2387 ipfi
1490 2335 1752 2387 superjecerunt]
1811 2335 1934 2374 Plures
1969 2336 2075 2374 MSS.

1112 2388 1331 2438 Semetipsos,
1357 2395 1399 2424 ut
1416 2388 1605 2436 legebatur
1626 2396 1712 2425 ante
1745 2387 1850 2435 Pigh.
1888 2388 1959 2425 Sed
1986 2387 2072 2424 illud

1111 2437 1334 2477 auctoritate
1356 2439 1548 2476 Ciceronis
1568 2438 1614 2476 de
1634 2437 1766 2476 eadem
1790 2450 1828 2475 re
1849 2439 1897 2475 ita
1916 2439 2071 2486 loquen-

1107 2489 1151 2526 tis
1170 2488 1399 2538 praeferebat
1408 2488 1687 2539 Ascenfius,qui
1704 2489 1815 2527 etiam
1835 2488 1882 2525 fic
1898 2490 2067 2535 scriptum

1105 2541 1252 2590 reperit.
1312 2541 1396 2579 Nec
1426 2548 1526 2579 caret
1560 2540 1780 2579 auitoritate
1815 2537 2063 2588 quorumdam

1107 2602 1153 2628 ex
1177 2603 1282 2630 meis.

1152 2655 1209 2693 34.
1231 2644 1372 2693 Iniquae
1387 2646 1549 2688 fortunae
1567 2641 1712 2691 judicio]
1749 2641 1815 2677 Bit.
1850 2638 1957 2687 prim.
1996 2638 2065 2674 Inie

1097 2707 1174 2744 quo.
1226 2694 1355 2733 Nihilo
1391 2696 1506 2744 pejus.
1566 2695 1610 2731 In
1648 2692 1720 2729 fine
1757 2701 1824 2738 pro
1860 2698 2061 2733 cernentem,

1098 2745 1232 2795 Ultraj.
1258 2746 1365 2795 prim.
1390 2746 1501 2784 habet
1526 2742 1688 2781 cernendo.
1740 2743 1866 2787 Quam
1893 2739 2058 2777 formam

1098 2796 1261 2836 nostram
1298 2798 1584 2847 acceptiffimam
1622 2790 1724 2831 fuisse
1759 2789 1934 2827 sexcentis
1969 2790 2059 2828 locis

1094 2855 1207 2949 page?-
1233 2899 1324 2948 Quia
1347 2897 1478 2947 deficere
1504 2896 1525 2933 ιὶ
1553 2897 1660 2943 nostra
1686 2891 1837 2929 amicitia
1863 2891 2057 2940 noluerant]

1094 2950 1272 2988 Meliores
1296 2950 1401 2996 libri,
1424 2947 1553 2996 deficere
1580 2948 1721 2992 nostram
1748 2944 1931 2981 amicitiam
1947 2971 1956 2987 ‚
1982 2943 2057 2979 hoc

1095 3002 1169 3048 est,
1196 3000 1400 3041 destituere.
1438 2995 1773 3049 Quemadmodum
1796 2996 1917 3033 Varro
1938 2994 1983 3030 de
2000 2994 2056 3047 Re

1615 3048 1707 3086 Eee
1743 3057 1764 3083 e
1801 3058 1822 3084 2.
1960 3041 2058 3080 ruste*
