2516 3509
44 762 50 765 ·
116 743 183 790 sus
204 759 297 788 non
319 740 396 786 est.

525 76 706 132 DE

811 75 1721 135 INGRATIS.

2008 94 2120 151 451

110 210 163 248 ut
188 189 420 261 peculatus
446 201 546 234 reus
578 183 710 230 fieret
732 217 748 243 ‚
795 182 844 229 &
878 183 926 230 in
956 197 1182 229 carcerem
1216 178 1323 226 duci
1352 179 1627 243 juberetur,
1675 179 2118 246 cauffampraebuit·

113 283 160 314 24
192 268 363 318 Nihilo
398 265 569 312 virtute
600 263 751 308 minor
778 260 867 308 fuit
898 259 1122 332 ppsterior
1153 257 1419 306 Africanus:
1453 258 1526 304 sed
1555 275 1616 305 ne
1645 262 1772 307 exitu
1805 262 1989 325 quidem
2021 259 2116 308 feli-

111 354 221 400 cior.

2139 185 2222 216 Ann.
2244 184 2312 216 urb.

2139 233 2208 266 (³²4-
2231 228 2340 261 Livius.

2139 279 2205 301 Lxx.
2231 271 2336 301 Velle>-

2137 311 2194 346 ius.
2211 312 2292 345 Plut-

290 345 482 396 Duabus
503 344 626 389 enim
651 342 838 389 urbibus
862 341 1120 388 Numantia
1151 353 1288 404 atque
1311 339 1592 404 Carthagine
1629 342 1820 406 imperio
1846 344 1990 390 Rom.
2026 344 2114 389 im·
2136 355 2272 387 Graeca.

113 428 417 485 minentibus‚
459 431 499 462 25
521 439 578 470 ex
603 438 755 469 rerum
778 435 936 468 natura
957 420 1177 485 depulsis,
1215 420 1257 448 ²⁶
1281 432 1510 484 raptorem
1545 418 1723 482 spiritus
1755 421 1880 468 domi
1912 424 2112 470 invenit:
2134 452 2216 480 Arm,
2245 450 2315 483 mg„

118 519 162 552 27
185 508 345 556 mortis
376 504 640 569 punitorem
672 503 719 548 in
749 501 852 548 foro
873 519 965 548 non
987 502 1168 564 reperit.

1239 499 1359 561 Qis
1381 501 1564 564 ignorat
1582 512 1759 546 tantum
1784 501 1923 549 laudis
1950 505 1988 532 ²8
2017 504 2113 551 Sci-

114 591 299 655 pionem
321 581 538 630 Naficam
563 594 699 644 toga,
732 592 954 644 quantum
983 579 1115 625 armis
1144 577 1712 642 utrumqueAfiicanum,
1749 581 1982 627 meruisse?
2017 582 2116 642 Qui

115 663 322 729 pestifera
341 662 421 708 Ti.
437 660 641 706 Gracchi
662 676 798 705 manu
826 666 863 693 ²9
886 658 1089 706 faucibus
1112 659 1367 721 oppreffam
1388 659 1717 723 rempublicam
1744 659 2004 724 strangulari
2025 662 2115 724 pas·
2136 662 2272 694 Graccli.

467 738 555 786 Sed
578 740 612 784 is
633 753 819 801 quoque
844 750 1035 800 propter
1054 737 1373 800 iniquissimam
1398 739 1625 784 virtutum
1652 737 1826 785 suarum
1854 739 1974 802 apud
1998 740 2117 786 cives

116 821 499 876 aestimationem,
535 815 613 862 sub
637 816 777 862 titulo
801 816 1039 879 legationis
1060 817 1336 879 Pergamum
1358 816 1552 876 seceffit‚
1588 816 1636 863 ὃῖ
1662 816 1939 895 quodmvitae
1968 817 2117 882 super-

117 902 234 962 fuit,
270 902 333 949 ibi
356 900 445 947 {ine
468 899 561 945 ullo
581 901 785 962 ingratae
804 900 972 962 patriae
992 897 1212 944 desiderio
1234 899 1425 961 peregit.

167 1130 228 1155 21.
257 1116 347 1154 Urbs
371 1119 478 1162 Roma
491 1116 612 1167 senfit]
643 1119 752 1166 Mog.
779 1117 849 1156 Ed.
877 1128 963 1155 cum
986 1117 1093 1155 MSS.

117 1169 280 1217 septem,
315 1167 396 1204 Urbs
424 1173 572 1220 Romana
592 1197 602 1213 ,
640 1168 838 1219 quomodo
868 1169 1006 1217 saepius
1041 1169 1099 1206 lo-

119 1220 243 1269 quitur
265 1219 395 1257 noster.
425 1220 595 1257 nonnulli
617 1220 698 1256 Urbs
720 1224 785 1269 Ro.

170 1283 229 1308 22.
250 1274 300 1306 De
319 1284 385 1320 qua
407 1286 446 1307 ne
467 1275 561 1321 queri
581 1270 728 1322 quidem]
745 1274 820 1309 fere
842 1283 974 1309 omnes
987 1271 1092 1309 MSS.

119 1333 207 1360 cum
231 1321 296 1359 Ed.
310 1323 417 1370 Mog.
446 1325 496 1358 De
515 1337 582 1373 qua
601 1338 635 1359 re
655 1338 694 1358 ne
715 1325 808 1373 queri
823 1351 833 1367 ,
846 1323 905 1360 vel
927 1338 982 1359 nec
998 1326 1094 1373 queri

111 1372 260 1424 quidem.
279 1373 425 1421 pauculi
443 1388 509 1410 non
518 1374 580 1421 nist
594 1377 665 1423 post
678 1377 769 1420 sata.
786 1373 856 1411 Sed
867 1383 994 1412 tamen
1005 1374 1094 1411 nihil

119 1424 342 1462 mutandum
365 1425 502 1471 judico.
529 1428 588 1463 De
608 1439 675 1476 qua
695 1424 933 1463 referendum
968 1425 1015 1463 est
1047 1425 1094 1464 ad

117 1475 341 1525 praecedens
357 1478 520 1525 patriam.

168 1539 229 1577 23.
257 1527 356 1562 Talia
371 1528 488 1576 passo,
515 1526 629 1571 credo,
656 1541 741 1577 quae
767 1531 875 1576 fratri
905 1534 976 1579 ejus
1005 1530 1090 1566 acci-

118 1575 260 1622 derunt,
290 1579 415 1626 solatio
443 1578 500 1627 effi
522 1579 718 1629 potuerunt]
760 1582 867 1618 Haec
905 1581 982 1616 κατ’
1012 1578 1088 1616 αἶνῖί-

119 1634 242 1678 oeae-m
265 1630 477 1678 accipienda
492 1658 501 1674 ‚
530 1632 552 1668 i.
581 1643 612 1668 e.
642 1631 751 1668 Talia
773 1631 904 1669 solatio
925 1630 995 1668 effe
1012 1643 1091 1668 non

117 1687 334 1728 potuerunt.
387 1681 444 1717 Sic
463 1689 635 1719 notatum
664 1682 759 1719 inter
780 1683 957 1720 variantes
979 1682 1092 1719 Gudii

116 1730 307 1768 lectiones
379 1731 503 1769 Etiam
547 1732 734 1771 Oliverius
768 1734 909 1772 ironice
949 1732 1089 1771 dietum

116 1782 266 1819 censuit.
319 1781 392 1819 Sed
441 1783 633 1821 Ascensius
681 1785 937 1834 accipiendum
987 1792 1092 1833 putat

115 1833 319 1871 secundum
348 1833 396 1870 id.
423 1836 589 1872 solatium
608 1838 653 1884 est
674 1838 800 1885 miseris
823 1838 949 1883 socium
975 1835 1091 1872 habere

114 1887 153 1921 in
178 1886 301 1933 poenis.
354 1884 437 1933 Ego
483 1886 534 1923 ita
572 1887 704 1936 capio:
743 1889 866 1937 potuit
903 1887 1008 1925 solari
1036 1889 1092 1925 A-

114 1936 274 1973 fricanus
293 1937 429 1973 sortem
448 1936 550 1974 suam
565 1966 576 1982 ,
589 1940 626 1976 ὃς
645 1938 804 1989 benigne
820 1940 940 1977 secum
962 1939 1086 1977 aetum

116 1986 346 2029 existimare,
374 1987 459 2035 quia
485 1999 565 2026 non
592 1996 671 2027 tam
706 1991 831 2038 gravia
866 1987 985 2038 passus
1013 1990 1086 2035 est,

115 2048 231 2088 quam
252 2037 362 2073 frater
378 2038 470 2074 suus.
497 2038 602 2077 Barb.
630 2041 738 2089 prim.
767 2045 960 2078 Potuerunt.

167 2099 225 2134 24.
257 2088 373 2123 Nihilo
390 2089 519 2125 virtute
538 2092 643 2128 minor
655 2093 726 2138 fuit
751 2094 908 2142 posterior
928 2094 1087 2137 Africa-

117 2138 198 2187 nus]
230 2138 330 2174 Male
356 2138 394 2175 in
424 2139 582 2189 Aliquot
609 2143 714 2179 MSS.
754 2145 791 2180 δε
822 2144 928 2190 Mog.
967 2143 1088 2179 Nilnlo

117 2191 248 2227 virtute
274 2190 431 2238 posterior
470 2193 671 2236 Africanus
707 2206 768 2230 aut
806 2196 924 2230 minor.
968 2193 1073 2231 Periz

118 2241 227 2278 Leid.
255 2241 362 2287 prim.
385 2240 490 2279 Med.
516 2241 585 2278 sec.
625 2243 744 2279 Nihilo
782 2246 911 2280 virtute
933 2246 1090 2293 posterior

116 2294 318 2338 ..Africanus
346 2293 476 2337 minor,
504 2291 628 2330 deleto
648 2296 731 2339 fuit.
784 2294 901 2343 Quod
927 2295 1032 2343 saepe
1069 2307 1089 2332 a

116 2343 242 2380 nostro
264 2342 354 2380 solet
372 2342 508 2380 omitti.
525 2352 610 2381 ante
631 2344 803 2392 Pighium
833 2343 1006 2383 edebatur
1020 2348 1090 2382 Ni-

115 2394 185 2431 hilo
211 2396 336 2430 ‘virtuti
362 2397 469 2430 minor
486 2397 645 2444 posterior
665 2397 882 2442 Africanus.

166 2443 226 2492 2'5.
254 2448 306 2479 Ex
341 2460 449 2482 rerum
476 2457 601 2482 natura
635 2445 790 2497 depulsis]
842 2447 945 2486 Harl.
981 2451 1089 2486 Extra

115 2509 223 2534 rerum
241 2506 407 2533 naturam.

168 2547 228 2584 26.
252 2550 434 2595 Raptorem
463 2549 606 2597 spiritus
628 2546 713 2584 domi
734 2548 882 2598 invenit]
912 2551 1090 2599 Epitome

115 2598 176 2636 lib.
206 2610 288 2637 LIX.
318 2599 403 2636 Liv.
429 2602 512 2636 Cum
536 2601 636 2647 fortis
667 2614 704 2636 ac
732 2599 868 2637 validus
893 2601 1000 2652 pridie
1032 2601 1089 2639 do·-

117 2663 207 2686 mum
218 2652 255 2697 se
272 2650 433 2698 rer-epiffet
462 2651 522 2695 (P.
543 2651 664 2699 Scipio
686 2652 876 2689 Africanus
896 2654 1087 2704 posterior)

117 2713 264 2738 mortuus
285 2702 321 2737 in
341 2701 482 2738 cubiculo
501 2705 656 2739 inventus
677 2705 730 2749 est.
759 2704 952 2743 VORST.
981 2705 1085 2744 Med.

116 2752 184 2789 sec.
213 2757 386 2801 Raptorem
409 2755 551 2802 spiritus
568 2757 623 2801 sui
643 2752 750 2790 domui
767 2756 908 2793 invenit.

170 2814 228 2850 27.
256 2808 385 2840 Morus
402 2807 587 2852 punitorem
606 2807 642 2840 in
655 2808 729 2851 foro
749 2821 814 2843 nun
831 2805 968 2857 reperit]
992 2808 1090 2857 Epit.

119 2853 204 2891 Liv.
235 2857 292 2890 De
319 2866 419 2892 morte
449 2868 558 2892 tamen
595 2861 665 2901 ejus
693 2859 787 2894 nulla
819 2862 963 2908 quaestio
1000 2859 1088 2898 aaa.

115 2904 314 2944 VORST.
352 2909 545 2945 Ammian.
586 2908 705 2946 Marc.
757 2910 798 2946 L.
828 2921 888 2948 xv.
935 2911 972 2948 in
1000 2911 1084 2950 fine.

115 2958 262 3009 Cumque
283 2958 357 2997 huic
377 2967 422 2996 Ψ
442 2959 647 3003 ‘Aemiliano
668 2962 812 3011 Scipioni
833 2963 942 3002 exitus
962 2963 1090 3012 similis

2066 986 2120 1031 In

1149 1116 1328 1164 antistet,
1363 1118 1464 1166 ficper
1486 1119 1638 1154 neutrius
1660 1130 1764 1156 morte
1784 1121 2002 1170 quaestionem
2020 1131 2123 1171 compe

1147 1169 1250 1203 rimus
1271 1169 1454 1216 agitatam.
1480 1168 1724 1208 PERIZON.
1753 1171 1849 1208 Vell.
1870 1171 1987 1209 Pater.
2010 1173 2054 1210 L.
2075 1185 2119 1211 Π.

1146 1232 1180 1264 4.
1203 1218 1236 1255 6.
1266 1223 1374 1255 Mane
1396 1223 1430 1256 in
1451 1220 1568 1256 lec‘lulo
1588 1232 1732 1271 repertus
1754 1225 1797 1269 est
1817 1235 1961 1259 mortuus
1975 1251 1984 1266 ‚
2010 1226 2059 1260 ita
2081 1236 2119 1261 ut

1145 1267 1306 1319 quaedam
1337 1273 1494 1318 elisarum
1521 1275 1671 1318 faucium
1700 1275 1735 1309 in
1757 1275 1877 1309 cervice
1903 1276 2117 1323 reperirentur

1145 1324 1317 1357 noneste
1329 1326 1418 1358 tanti
1441 1324 1511 1358 ‘viri
1530 1335 1632 1359 morte
1651 1326 1745 1359 nullu
1765 1323 1880 1359 hahita
1899 1329 1942 1372 est
1961 1329 2116 1374 quaestio.

1192 1373 1254 1409 28.
1281 1376 1462 1422 Sctpionem
1478 1375 1659 1424 Nasicam]
1683 1376 1772 1412 Hoc
1791 1375 2002 1422 exemplum
2029 1389 2114 1416 cum

1143 1421 1298 1468 Badius,
1326 1432 1408 1462 tum
1433 1425 1622 1463 Oliverius
1651 1426 1696 1463 de
1719 1438 1767 1464 eo
1789 1426 1961 1474 Scipione
1982 1427 2112 1466 Nasica

1138 1474 1372 1523 intelligunt,
1401 1477 1464 1526 qui
1496 1485 1653 1514 matrem
1687 1477 1838 1515 Idaeam
1869 1489 1889 1514 e
1909 1477 2114 1516 Pessinunte

1139 1525 1286 1563 allatam
1314 1527 1518 1576 susceperat
1546 1528 1708 1566 secundo
1739 1528 1835 1566 bello
1866 1528 2009 1567 Punico
2029 1558 2039 1574 ‚
2078 1532 2116 1568 δε

1143 1579 1306 1626 optimus
1327 1578 1382 1614 vir
1404 1591 1423 1616 a
1446 1579 1582 1616 Senatu
1609 1579 1789 1628 judicatus
1814 1580 1944 1617 fuerat.
1999 1581 2067 1618 Sed
2089 1582 2117 1619 is

1141 1629 1255 1676 longe
1286 1637 1370 1665 ante
1403 1630 1511 1679 periit
1535 1658 1544 1674 ‚
1578 1642 1690 1680 quam
1724 1631 1811 1668 Tib.
1852 1631 2042 1670 Gracchus
2073 1633 2116 1669 ab

1144 1680 1387 1727 optimatibus
1424 1682 1545 1718 caesus
1575 1682 1634 1719 cst.
1697 1682 1770 1719 Cui
1811 1682 1911 1719 fac'to
1944 1682 2017 1720 dux
2046 1684 2112 1721 fuit

1144 1730 1268 1779 Scipio
1291 1730 1492 1780 Serapion,
1521 1744 1639 1781 nepos
1664 1733 1765 1782 ejus,
1793 1734 1857 1783 qui
1889 1742 2046 1771 matrem
2078 1735 2118 1772 I-

1145 1781 1277 1820 daeam
1307 1783 1519 1832 susceperat.
1575 1784 1793 1822 Consulatus
1825 1785 1933 1834 primi
1960 1785 2117 1824 Nasicae

1145 1834 1216 1872 fuit
1235 1846 1337 1871 anno
1351 1835 1434 1885 563.
1467 1836 1673 1885 Serapionis
1694 1844 1818 1874 autem
1831 1837 1916 1874 616.
1944 1836 2117 1874 differen-

1143 1885 1193 1923 tia
1215 1898 1273 1936 53.
1303 1886 1400 1923 anni.
1454 1888 1522 1924 His
1545 1887 1686 1925 duobus
1706 1887 1874 1924 interfuit
1897 1888 2020 1936 Scipio
2043 1890 2118 1926 Na-

1140 1936 1209 1974 fica
1239 1938 1471 1984 Corculum,
1500 1938 1710 1988 Serapionis
1738 1947 1865 1988 pater,
1894 1938 1946 1978 bis
1975 1939 2112 1979 consul.

1141 1988 1415 2027 GLAREAN.

1186 2052 1246 2089 29.
1276 2040 1434 2077 Faucibus
1471 2040 1645 2091 oppreffizm
1682 2036 1928 2092 rempublicam]
1971 2044 2119 2092 Opinoi*

1137 2089 1340 2139 legendum
1361 2091 1456 2136 effe,
1479 2092 1632 2139 faucibus
1650 2092 1891 2142 apprehensam.
1941 2093 1982 2132 In
2003 2096 2117 2133 Cam·

1139 2142 1240 2189 pensi
1261 2143 1394 2191 legitur
1413 2146 1618 2193 apprensam.
1639 2155 1752 2192 quam
1774 2156 1910 2181 vocem
1931 2145 2032 2183 scioli
2049 2147 2118 2184 im-

1140 2194 1257 2239 perite
1287 2203 1478 2232 mutarunt
1504 2197 1541 2231 in
1571 2194 1756 2244 oppreffizm.
1783 2195 1924 2233 PIGH.
1962 2198 2119 2235 &umbus

1139 2243 1369 2292 apprehensum
1389 2255 1488 2294 remp.
1506 2247 1720 2294 strangulari
1735 2245 1847 2294 paffirs
1865 2261 1930 2283 uon
1951 2251 2005 2296 est.
2029 2250 2116 2287 Non

1142 2293 1272 2331 dubito
1293 2295 1383 2344 quin
1411 2295 1510 2332 reete
1532 2296 1566 2332 se
1586 2295 1716 2333 habeat
1739 2297 1955 2336 emendatio
1980 2300 2093 2349 Pzghii
2107 2329 2117 2344 ,

1141 2356 1209 2392 pro
1235 2346 1413 2395 opprefflzm
1434 2345 1618 2384 scribentis
1646 2346 1886 2397 apprehensam.
1939 2351 1988 2388 Et
2016 2363 2118 2398 repe-

1142 2396 1187 2433 rit
1207 2396 1290 2433 sane
1310 2397 1369 2434 ille
1385 2397 1424 2434 in
1445 2397 1528 2435 cod.
1558 2397 1760 2446 Campensi
1775 2403 1968 2450 apprensum
1980 2418 1989 2445 ;
2021 2400 2114 2438 unde

1141 2447 1319 2497 oppressam
1339 2456 1469 2486 natum
1490 2448 1605 2486 videri
1627 2450 1756 2498 potest.
1803 2453 1949 2490 Notum
1972 2460 2114 2495 autem,

1144 2498 1208 2537 Ti.
1238 2500 1476 2545 Gracchum,
1506 2512 1591 2538 cum
1629 2502 1765 2540 iterum
1801 2503 1963 2540 tribunus
2002 2502 2110 2549 plebis

1142 2549 1350 2590 dividundo
1371 2563 1460 2600 agro
1480 2552 1593 2589 creari
1613 2552 1746 2599 vellet,
1775 2554 1924 2591 auum-e
1952 2553 1988 2588 P.
2013 2552 2107 2588 Cor-

1141 2601 1242 2640 nelio
1263 2601 1395 2641 Nafica
1414 2602 1458 2641 ab
1477 2603 1716 2652 optimatibus
1746 2605 1783 2641 in
1803 2602 1986 2651 Capitolio
2006 2603 2105 2639 occi-

1140 2653 1217 2691 sum
1241 2652 1323 2692 effe.
1351 2653 1449 2692 Vide
1471 2655 1569 2703 Epir.
1595 2655 1777 2692 nimivm.
1805 2654 1888 2691 Liv.
1911 2653 2104 2692 VORST.

1142 2705 1249 2743 MSS.
1277 2717 1410 2744 ornnes
1445 2706 1622 2761 oppreffiem
1656 2706 1822 2743 retinent.
1849 2704 2107 2752 ἱΛρρνοῖκημγη

1141 2755 1264 2795 firmat
1313 2757 1410 2795 Flor.
1449 2758 1495 2796 L.
1522 2761 1583 2794 11'1.
1612 2768 1665 2803 17.
1696 2756 1730 2793 8.
1784 2752 1850 2790 Sed
1876 2756 2108 2804 apprehenjum

1132 2807 1286 2854 faucibus
1302 2810 1418 2847 ‘viator
1436 2824 1502 2846 non
1521 2822 1596 2845 ante
1613 2806 1733 2853 dimsfit
1745 2833 1755 2849 ,
1783 2818 1883 2855 quam
1905 2810 2046 2856 fimguis
2073 2810 2107 2844 in

1138 2874 1196 2896 ora
1227 2866 1272 2897 (θ’
1304 2863 1409 2899 oculos
1434 2859 1640 2899 redundaret.
1668 2858 1812 2893 Verum
1845 2869 1930 2896 cum
1956 2858 2108 2905 faucibus

1140 2911 1336 2962 apprehendi
1357 2913 1521 2952 maxime
1545 2911 1732 2951 dicantur,
1760 2907 1824 2958 qui
1856 2909 2007 2947 obtorto
2032 2909 2109 2947 col-

1140 2962 1179 3002 lo
1200 2976 1240 3003 m
1255 2964 1317 3014 jus
1339 2966 1378 3006 &
1398 2964 1544 3005 vincula
1561 2961 1776 3050 malitiatur,
1796 2962 1906 3010 premi
1923 2973 2015 2999 vero
2027 2964 2110 3018 fau..

1723 3023 1743 3049 2
2067 3024 2114 3047 ce-

2136 497 2206 521 620.
2230 494 2299 525 Cic.

2134 544 2165 575 p.
2192 535 2295 566 Flacc.

2135 582 2214 615 App.
2237 578 2334 611 Civil..

2140 630 2163 650 1.
2188 619 2268 651 Plut.
