2516 3509
406 183 435 235 8
671 154 1083 225 VALERII
1156 101 1541 210 ΜΑΧῙΜΪ
1580 144 1788 202 L1B.I.
1863 142 2010 202 CAP.
2051 142 2098 198 I.

400 270 702 324 mendandum
734 262 826 320 est,
861 257 1154 325 precatione:
1202 268 1311 301 cum
1339 249 1679 316 exposcendum
1701 282 1717 310 ,
1764 260 1904 296 voto:
1943 254 1962 289 7
1983 262 2092 295 cum
2111 246 2408 312 solvendum,

400 346 726 418 gratulatione:
764 357 872 390 cum
896 333 1221 406 inquirendum
1240 331 1316 381 vel
1333 333 1449 380 extis
1471 330 1544 380 vel
1562 328 1782 391 sortibus,
1818 325 1838 358 8
1859 328 2121 392 impetrit0:
2156 334 2178 364 9
2196 344 2304 376 cum
2338 329 2409 377 so-

403 573 482 621 76.
502 574 610 611 L.1v.
636 583 665 610 1.
691 584 721 620 5.
750 581 819 608 nec
839 568 941 608 aliter
960 567 1056 605 Cato
1077 567 1114 603 in
1133 565 1380 614 Orig.p.1·29.

400 629 486 663 Mos
497 624 587 675 apud
607 627 763 669 Majores
784 623 834 657 hic
853 623 1023 668 epularum
1036 620 1118 664 fuit.
1143 616 1243 654 addit
1254 624 1381 653 tamen

401 675 602 726 aliquando
622 675 735 711 ctiam
754 672 945 715 Valerius,
972 678 1012 707 ut
1033 670 1077 705 L.
1102 680 1177 705 1..1.
1199 678 1255 721 iz.
1309 664 1381 703 Sed

400 727 590 769 maxime,
622 726 679 762 ubi
702 727 895 761 Romanos
914 719 1071 769 opponit
1092 726 1245 759 exteris,
1273 723 1313 751 ut
1333 715 1379 751 L.

404 790 461 815 11.
482 778 514 813 6.
534 778 610 814 init.
637 775 721 810 idem
734 773 838 823 senfit
855 775 1010 821 proxima
1023 772 1191 813 <majorum
1200 767 1381 809 nostrorum

392 830 570 880 gravitati
589 832 758 875 Spartana
779 825 915 859 civitas.

453 892 484 915 2.
513 879 595 912 Bene
606 873 827 925 gerendarum
843 867 973 919 rerum]
1005 869 1176 908 Tantum
1195 878 1275 905 non
1297 878 1381 904 ver-

399 928 452 965 bis
473 928 663 965 Ciceronis
676 927 748 970 ,uti
760 924 861 962 solet.
881 925 986 961 Orat.
998 920 1045 959 de
1057 920 1212 968 Harusp.
1225 918 1380 975 respons.

400 981 439 1015 ἃ
469 979 514 1016 L.
546 991 576 1015 1.
603 977 649 1014 de
677 978 762 1014 Nat.
790 977 976 1014 Deorum.
1029 973 1089 1010 De
1124 983 1169 1008 ea
1196 969 1381 1018 disciplina

399 1029 623 1066 exacftissime
642 1028 821 1077 scripserat
846 1027 969 1063 Varro
998 1024 1035 1060 in
1062 1022 1158 1059 libris
1183 1021 1381 1070 antiquita-

398 1087 481 1117 tum
511 1088 551 1117 ut
578 1080 725 1116 testatur
762 1077 993 1125 Augustinus.
1046 1074 1190 1112 Citatur
1226 1073 1264 1109 ὃς
1290 1071 1381 1109 illud

399 1131 578 1168 Varronis
599 1138 726 1167 contra
746 1128 944 1176 Extispices
957 1139 964 1162 :
978 1127 1058 1161 Non
1068 1126 1179 1171 solima
1197 1123 1315 1169 otiosos
1315 1122 1379 1169 sed

388 1180 622 1228 Jordtdiffimos
643 1180 742 1228 fuiffie
769 1182 862 1214 Deos
880 1177 913 1225 fi
941 1178 977 1212 in
991 1180 1135 1223 jecorum
1156 1181 1202 1209 ΕΤ
1220 1174 1381 1220 viscerum

387 1224 606 1280 sterquilinio
626 1235 692 1279 fita
720 1231 923 1266 occuluerunt
947 1226 1104 1272 consilia,
1133 1222 1312 1260 hominibus
1336 1222 1379 1259 ab

397 1286 525 1330 insanis
539 1281 765 1330 sacerdotibus
790 1277 1043 1325 manifestanda.
1094 1274 1236 1313 Multus
1255 1274 1378 1312 Varro

398 1333 435 1370 in
463 1332 745 1381 reprehensione
783 1329 1074 1368 cerimoniarum
1115 1328 1153 1364 &
1180 1325 1377 1370 Deorum,

399 1384 485 1421 inde
514 1386 731 1421 Romanum
759 1382 947 1430 Cynicum
975 1385 1087 1416 vocat
1115 1376 1377 1415 Tertullianus.

400 1434 512 1483 Apud
542 1436 712 1472 Nonium
742 1432 934 1483 aliquoties
961 1431 1093 1467 citatur
1119 1426 1279 1476 Pseudolo
1307 1433 1376 1468 ιΛ.

392 1488 545 1536 polline,
577 1486 636 1523 ubi
667 1497 744 1522 non
771 1484 935 1521 dubitem
963 1481 1083 1530 legere
1114 1478 1375 1528 Pseudapolline.

400 1537 437 1573 in
450 1536 627 1585 quolibro
639 1543 728 1584 puto
749 1535 971 1582 Menippaea
993 1531 1188 1569 acerbitate
1208 1538 1376 1577 arguerat

398 1587 605 1624 fallimonia
626 1586 874 1624 oraculorum.
902 1584 1018 1621 Porro
1039 1578 1203 1619 Etruscas
1223 1580 1376 1629 discipli-

398 1649 462 1674 nas
476 1639 626 1686 Tagetis
650 1638 686 1674 &
700 1634 925 1673 Bacchetidis
937 1632 1151 1684 quindecim
1173 1630 1376 1669 volumini-

399 1688 464 1725 bus
485 1689 728 1737 explicaverat
750 1688 860 1724 etiam
882 1686 1037 1729 Labeo,
1062 1684 1150 1721 teste
1168 1681 1376 1730 Fulgentio.

400 1739 524 1776 COL.
536 1741 560 1774 B
564 1754 617 1774 ene
624 1736 842 1789 gerendarum
852 1751 960 1773 rerum
970 1736 1232 1776 QAuHoritates.
1240 1735 1379 1771 Nlonet

398 1789 501 1838 Pigli.
523 1790 714 1826 Sebastiam.
743 1787 951 1826 Corradum
967 1786 1093 1835 legere
1119 1785 1377 1830 efferitatem,

399 1841 599 1890 quomodo
619 1840 764 1877 exhibet
783 1838 879 1877 Cod.
892 1838 1023 1886 Copcs.
1035 1848 1122 1874 cum
1141 1834 1244 1873 Med.
1258 1848 1290 1872 2.
1317 1836 1379 1874 seu

397 1891 638 1939 Poggliiano‚
666 1891 729 1940 qui
755 1889 819 1927 soli
844 1891 945 1927 hunc
965 1888 1098 1926 locum
1128 1886 1226 1924 reue
1246 1887 1379 1924 consti-

397 1951 528 1987 tuunt,
558 1942 646 1978 dum
666 1942 778 1978 ceteri
809 1951 941 1978 omnes
960 1939 1194 1978 consentiunt
1212 1939 1249 1974 in
1268 1938 1380 1976 vitio-

397 1991 431 2030 sa
453 1993 509 2030 illa
527 1992 687 2029 lefftione
699 1995 822 2036 ‚statas
833 1993 1056 2040 solemnesque
1072 1990 1286 2026 caerimonias
1298 2000 1381 2039 pon.

396 2044 521 2090 zificum
532 2045 693 2089 stimma,
720 2043 796 2078 bene
811 2041 1032 2093 gerendarum
1055 2055 1162 2077 rerum
1191 2041 1375 2076 auflorita-

396 2105 454 2136 te,
477 2108 638 2142 augurum
666 2093 915 2141 observatione,
942 2093 1131 2140 Apollinis
1155 2092 1377 2139 ρνειίίὸἶίοηε,

397 2142 653 2186 vatumleliris,
674 2156 897 2193 portentorum
924 2142 1089 2192 depulsis,
1120 2144 1256 2190 Etrusca
1282 2141 1377 2189 disci-

392 2197 497 2245 plina
517 2197 676 2243 explicam
696 2197 887 2230 voluerunt.
918 2205 1032 2243 quam
1060 2193 1186 2241 rejecit
1211 2192 1379 2241 Pighius,

401 2246 440 2283 δε
461 2246 652 2282 ante‘cum
671 2247 749 2293 jam
781 2245 880 2282 aldus
898 2244 1111 2284 Manutius,
1137 2244 1218 2281 imo
1238 2245 1276 2280 ὃ(
1299 2244 1381 2281 Oli-

400 2297 521 2333 verius
536 2324 545 2339 ,
582 2297 621 2332 in
650 2295 814 2332 editione
844 2294 1049 2332 Mediolan.
1084 2294 1131 2332 A.
1172 2294 1279 2342 1508.
1315 2294 1379 2331 nifi

401 2347 506 2400 quod
532 2347 591 2382 hic
618 2346 872 2391 praedicationes
911 2346 1021 2383 habet
1048 2357 1117 2393 pro
1143 2343 1382 2393 praedifliones

403 2409 490 2434 cum
521 2397 644 2434 multis
677 2398 752 2434 aliis
782 2397 887 2434 MSS.
924 2396 1027 2446 quod
1054 2404 1183 2433 tamen
1208 2395 1268 2432 hic
1303 2406 1382 2432 non

400 2448 571 2496 probem.

454 2511 487 2549 3.
514 2501 743 2535 Parteniorum
793 2493 1018 2543 depulsiones]
1051 2495 1289 2544 Antiquiores
1323 2503 1383 2543 ty-

370 2564 373 2567 ·
402 2551 455 2597 pis
493 2549 644 2597 expreffi
665 2578 675 2594 ,
723 2550 760 2585 &
795 2548 902 2585 MSS.
939 2548 1029 2583 item
1067 2545 1212 2583 codices
1246 2545 1384 2583 habent

400 2600 552 2649 depulfis.
605 2600 660 2636 Ex
689 2612 766 2648 quo
795 2611 881 2635 cum
909 2596 1028 2634 nullus
1059 2595 1283 2633 commodus
1303 2596 1381 2633 sen-

404 2651 458 2687 sus
477 2650 557 2686 elici
577 2648 715 2698 poffet,
745 2650 982 2697 ejusdemque
1009 2658 1092 2684 cum
1124 2646 1314 2696 praediftis
1340 2648 1383 2683 il-

404 2701 445 2737 lis
466 2701 582 2736 verbis
597 2700 788 2737 Ciceronis
807 2700 1050 2737 collationem
1075 2699 1210 2735 faceret
1220 2697 1379 2746 Pighius:

406 2751 498 2788 vidit
517 2751 614 2787 idem
631 2780 640 2795 ,
660 2752 886 2788 vocabulum
906 2751 966 2788 hic
986 2761 1064 2786 non
1081 2750 1178 2786 tertii
1199 2756 1260 2785 aut
1279 2748 1381 2792 sexti,

406 2801 466 2838 sed
486 2802 603 2850 quarti
623 2802 718 2838 casus
739 2802 930 2839 consistere
959 2808 1132 2848 oportere
1147 2829 1156 2843 ‚
1186 2801 1223 2836 &
1244 2811 1311 2847 pro
1329 2797 1382 2835 de-

403 2853 506 2901 pulsis
526 2852 657 2899 scripsit
674 2851 822 2901 depulsa.
876 2851 994 2900 Quod
1013 2850 1238 2887 vocabulum
1260 2851 1295 2886 in
1309 2850 1383 2886 Le-

409 2905 493 2940 xico
514 2914 664 2952 quoquc
684 2904 825 2949 majore
839 2932 848 2947 ‚
861 2904 918 2940 cui
937 2902 1021 2939 Fori
1044 2901 1208 2940 Romani
1227 2913 1383 2945 nomen,

408 2966 454 2989 tex
474 2954 544 3000 ipsa
563 2953 620 2990 illa
640 2953 757 3001 Pighii
779 2954 1042 2990 emendatione
1063 2953 1157 2990 inter
1184 2960 1304 2988 cetera
1330 2964 1386 2988 1-6-

411 3004 586 3040 censitum
605 3003 728 3040 video.
781 3005 828 3041 Et
860 3016 987 3041 verum
1017 3004 1099 3040 sane
1128 3003 1197 3046 est,
1223 3002 1387 3039 vocabu-

409 3054 489 3092 izun
516 3055 575 3092 liic
602 3055 736 3106 requiri
762 3056 881 3106 quarti
909 3054 1015 3093 casus.
1069 3054 1140 3093 Sed
1166 3053 1302 3104 depulsa
1332 3062 1386 3092 ta·

2287 410 2412 459 lenni

1431 568 1520 596 men
1540 568 1778 609 nequaquam
1794 555 1887 596 illud
1922 556 1994 596 effe
2017 556 2148 608 potest.
2173 555 2312 608 quippe
2338 567 2413 596 νοω

1433 608 1606 648 cabulum
1634 609 1695 645 hic
1722 608 1878 655 amplius
1915 621 1995 647 non
2030 609 2137 660 quod
2171 609 2377 658 paffionem
2397 637 2411 654 ,

1432 660 1493 699 sed
1532 659 1637 711 quod
1678 657 1869 696 aaronem
1906 659 2061 698 denotet
2088 689 2100 706 ,
2142 660 2277 711 requiri
2328 671 2411 697 ma-

1431 712 1605 749 nifestum
1625 710 1686 747 est.
1731 710 1783 746 At
1801 708 1992 747 aaronem
2017 723 2096 748 non
2121 709 2281 761 depulsa,
2308 711 2415 760 quod

1431 762 1579 799 formae
1605 760 1763 810 paffivae
1793 759 1841 797 est
1863 787 1874 804 ,
1909 759 1971 797 sed
1996 759 2197 808 depulsiones
2231 761 2413 809 fignifica-

1432 823 1472 850 re
1496 811 1626 861 potest.
1673 810 1855 858 Rescripfi
1874 811 1982 859 igitur
1999 809 2172 848 adaucter
2197 809 2414 860 depulsiones.

1431 863 1554 912 Quod
1588 862 1755 900 nostrum
1793 860 1933 899 facium
1968 861 2118 899 summo
2154 860 2296 899 Critico
2317 890 2328 907 ,
2352 863 2415 910 Jo.

1432 913 1539 952 Fred.
1567 912 1794 957 Gronovio,
1821 922 1900 949 non
1917 911 2102 960 displicere
2133 911 2318 957 intellexi,
2346 913 2413 952 etsi

1433 966 1535 1003 enim
1564 963 1754 1003 monuerit
1775 991 1785 1008 ,
1821 963 1893 1012 legi
1931 975 2085 1014 quoque
2119 961 2222 1012 poffe
2258 962 2415 1014 depulsus

1432 1016 1493 1055 vel
1511 1015 1686 1066 depulfizs,
1712 1015 1857 1064 quae&
1875 1014 1946 1063 ipsa
1966 1014 2064 1052 casus
2080 1015 2200 1064 quarti
2216 1013 2308 1060 fint,
2335 1016 2415 1053 for-

1433 1079 1613 1117 mamque
1647 1065 1808 1104 habeant
1841 1065 2030 1104 activam:
2058 1064 2259 1115 depulsiones
2281 1074 2412 1104 tamen

1433 1119 1650 1156 certiffimae
1688 1116 1896 1156 Latinitatis
1934 1113 2006 1153 effe
2046 1115 2199 1165 judicat.
2274 1117 2413 1156 Plinius

1433 1180 1595 1208 xxvrrt.
1630 1181 1665 1206 2.
1692 1168 1780 1206 Nat.
1806 1167 1899 1205 Hist.
1924 1166 2113 1218 depulsoria
2141 1175 2264 1205 vocat.
2316 1169 2415 1216 Ver-

1432 1218 1477 1257 ba
1493 1220 1624 1269 hujus,
1652 1226 1692 1256 ut
1711 1218 1865 1269 quidem
1876 1218 2075 1257 Turnebus
2095 1230 2161 1256 xm
2174 1231 2187 1256 1
2200 1231 2257 1256 1.1
2270 1218 2415 1258 1.Adv.

1430 1269 1588 1319 legenda
1617 1270 1767 1315 docuit,
1795 1269 1843 1307 fic
1870 1269 2037 1308 habent:
2065 1271 2169 1312 tAlia
2197 1269 2300 1310 verba
2330 1273 2417 1318 fiant

1429 1322 1632 1371 impetritis‚
1655 1323 1728 1357 alia
1747 1322 2047 1369 depulsoriis,alia
2067 1318 2413 1360 commendationibus.

1431 1373 1524 1411 Sunt
1549 1380 1676 1409 autem
1702 1370 1889 1420 depulsoria
1909 1399 1919 1416 ,
1955 1383 2051 1422 quae
2077 1371 2288 1416 malorum,
2315 1384 2425 1422 quae<

1431 1423 1608 1473 designari
1634 1421 1813 1472 portentis
1834 1422 2074 1467 videbantur,
2102 1422 2410 1471 depellendorum

1429 1476 1534 1512 causa
1562 1474 1722 1518 fiebant,
1750 1474 2010 1525 pertinentque
2041 1474 2115 1511 huc
2135 1474 2333 1524 praecipue
2359 1474 2413 1513 sa·

1432 1525 1578 1564 crificia.
1607 1525 1803 1564 VORST.

1477 1589 1510 1624 4.
1539 1575 1770 1626 Depulfiones]
1801 1574 1930 1614 Nullus
1943 1575 2168 1615 MSStorum
2180 1575 2310 1626 praese
2320 1576 2415 1621 fert:

1427 1627 1489 1665 sed
1525 1628 1690 1678 plerique
1726 1639 1858 1666 omnes
1891 1625 2033 1678 depulsis
2060 1639 2146 1665 cum
2174 1628 2416 1667 vetustissimis

1429 1679 1524 1717 Edd.
1562 1691 1676 1730 quare
1704 1680 1815 1716 tutius
1842 1679 1910 1716 erit
1937 1686 2159 1716 monentem
2185 1679 2217 1725 J.
2245 1679 2283 1716 F.
2313 1680 2414 1718 Gro-

1429 1732 1590 1768 novium
1616 1730 1717 1780 sequi
1743 1729 1904 1778 legendo
1930 1729 2109 1780 depulsus,
2144 1729 2205 1768 vel
2236 1729 2414 1780 depulsas,

1430 1781 1536 1831 quod
1561 1781 1736 1830 posterius
1762 1781 1873 1818 habet
1898 1781 2014 1819 Aldus
2042 1782 2080 1818 &
2101 1780 2223 1819 Codd.
2242 1781 2415 1819 Bafilien-

1428 1833 1505 1877 ses,
1532 1841 1716 1880 monente
1742 1832 1940 1871 Matthaeo
1960 1832 2154 1876 ·Klol<kio‚
2189 1833 2227 1870 in
2254 1833 2418 1881 Epistola

1429 1884 1568 1922 inedita
1604 1883 1651 1921 ad
1684 1884 1784 1933 Lips.
1818 1895 1916 1933 quae
1952 1881 2152 1921 asservatur
2194 1884 2233 1920 in
2270 1883 2417 1932 publica

1428 1935 1661 1973 Academiae
1706 1934 1896 1972 Leidenfis
1939 1934 2181 1972 Bibliotheca.
2241 1937 2419 1984 Depulsus·

1428 1986 1575 2024 videtur
1601 1984 1772 2035 placuisse
1799 1985 1856 2022 Cl.
1873 1985 2081 2022 Perizonio.
2103 1986 2161 2022 Sic
2188 1985 2288 2023 enim
2318 1998 2417 2024 mar-

1428 2036 1505 2086 gini
1540 2049 1608 2086 pro
1643 2036 1857 2087 conjetftura
1892 2035 2047 2080 allevit‚
2085 2036 2123 2073 &
2157 2034 2241 2072 alibi
2274 2036 2417 2074 addidit

1431 2088 1615 2138 quaedam
1643 2097 1795 2138 quartae
1824 2086 2078 2125 declinationis
2103 2086 2270 2124 nomina.
2297 2096 2338 2124 ut
2363 2086 2418 2123 di-

1430 2141 1524 2188 visui
1550 2139 1648 2189 apud
1675 2140 1759 2177 Liv.
1788 2139 1835 2177 L.
1862 2149 1998 2175 xxxin.
2026 2138 2059 2174 6.
2096 2138 2134 2175 &
2169 2137 2215 2174 L.
2243 2149 2327 2175 xiv.
2357 2150 2419 2188 30.

1432 2191 1564 2229 noster.
1593 2192 1638 2228 L.
1671 2203 1751 2228 111.
1778 2202 1811 2238 4.
1846 2188 1925 2226 init.
1953 2191 1991 2227 &
2019 2189 2064 2225 L.
2097 2200 2176 2226 111.
2206 2188 2239 2225 8.
2267 2189 2350 2226 Ext.
2381 2202 2417 2240 3.

1432 2243 1592 2292 oppositu.
1621 2242 1705 2278 Liv.
1734 2242 1779 2278 L.
1807 2253 1900 2278 xm.
1932 2253 1986 2278 12.
2023 2240 2179 2276 incultus.
2204 2239 2295 2277 item
2322 2241 2417 2279 haec

1432 2293 1655 2342 λ’πυτρρπαςα
1681 2292 1811 2330 vocari
1830 2304 1851 2329 a
1868 2291 2068 2328 Plutarcho
2096 2302 2131 2338 p.
2150 2303 2211 2339 91.
2240 2291 2279 2328 &
2304 2290 2419 2340 ἱεςες-

1431 2342 1515 2384 γίοις
1542 2341 1773 2383 waraei-adm
1799 2354 1833 2390 p.
1857 2342 1937 2388 176.
1959 2343 1997 2379 ὅ(
2015 2340 2062 2378 fic
2081 2341 2119 2378 in
2146 2341 2414 2381 novemdecim

1434 2392 1531 2430 Cod.
1551 2392 1659 2430 MSS.
1685 2403 1715 2429 c.
1734 2405 1768 2438 4.
1795 2393 1863 2429 Ex.
1890 2392 1953 2429 ult.
1981 2404 2049 2440 pro
2075 2393 2267 2441 auspicato,
2294 2393 2415 2430 scribi-

1432 2451 1492 2480 tur
1517 2445 1699 2494 auspicum.
1733 2443 1783 2479 Et
1809 2442 1857 2478 sic
1882 2453 2001 2478 vocatu
2028 2442 2200 2488 estapud
2218 2441 2301 2480 Val.
2319 2443 2418 2482 Flac.

1437 2494 1483 2530 L.
1505 2507 1560 2532 11.
1579 2505 1665 2539 207.
1691 2492 1753 2530 ubi
1778 2491 1882 2540 plura
1909 2491 2061 2529 adduxit
2088 2492 2144 2528 CI.
2170 2492 2416 2533 Burmannus.

1487 2558 1518 2592 ς,
1547 2547 1683 2594 Etrusca
1702 2541 1896 2592 disciplina]
1927 2543 2062 2580 Cicero
2090 2544 2158 2580 Or.
2178 2543 2224 2581 de
2242 2545 2308 2582 Ar.
2326 2546 2417 2594 resp.

1435 2596 1643 2644 Etruscorum
1670 2594 1881 2642 defiiplinam
1910 2602 2039 2630 vocat:
2076 2593 2245 2644 itemque
2269 2594 2314 2631 ab
2337 2597 2418 2646 ipfis

1432 2647 1516 2682 Diis
1536 2644 1778 2683 immortalibus
1799 2646 1953 2681 Etruriae
1971 2644 2086 2680 datam
2107 2643 2328 2694 disciplinam.
2356 2648 2415 2684 O·

1431 2696 1588 2743 riginem
1616 2705 1743 2734 autem
1771 2697 1848 2744 ejus
1875 2695 2081 2744 disciplinae
2107 2696 2207 2733 idem
2234 2696 2272 2732 in
2299 2709 2343 2733 11.
2364 2697 2411 2735 de

1433 2746 1652 2784 Div.tradit.
1673 2748 1730 2784 Et.
1746 2759 1775 2784 1.
1797 2746 1842 2782 de
1853 2747 1940 2783 Div.
1959 2747 2097 2784 scribit:
2117 2747 2286 2783 Etruriam
2311 2749 2416 2786 inter-

1427 2799 1559 2846 pretari
1569 2796 1651 2844 quid
1669 2797 1850 2848 quibusque
1859 2797 2049 2843 ostendatur
2060 2799 2208 2844 monstris
2217 2808 2320 2847 atque
2335 2810 2412 2846 por.

1434 2851 1546 2895 tentis.
1560 2849 1754 2887 VORST.
1767 2849 1924 2896 Egregie
1935 2850 1972 2885 in
1982 2850 2077 2885 hanc
2088 2858 2168 2884 rem
2179 2848 2265 2886 Liv.
2277 2849 2412 2889 L.v.C.

1440 2913 1454 2938 1
1464 2914 1493 2949 ς,
1501 2899 1656 2950 prodigia
1667 2901 1799 2936 interim
1810 2901 1916 2935 multa
1927 2900 2078 2936 nunciari
2085 2919 2095 2942 ‚·
2110 2913 2246 2948 quonum
2250 2901 2413 2951 pleraque

1436 2959 1482 2987 θ’
1492 2952 1572 3001 quia
1576 2952 1706 3002 singuli
1717 2952 1863 2987 auflores
1873 2961 1982 2992 erant,
1991 2961 2109 2997 parum
2118 2948 2243 2986 credita
2255 2976 2265 2992 ,
2275 2954 2413 3001 spreta-

1434 3017 1521 3052 que,
1556 3010 1601 3038 (θ’
1620 3005 1700 3052 quia
1722 3001 1862 3049 hostibus
1883 3002 2047 3048 Etruscis,
2069 3011 2129 3050 per
2146 3015 2226 3050 quos
2245 3016 2282 3038 ea
2295 3013 2412 3052 procu-

1435 3064 1572 3098 rarent,
1595 3055 1786 3104 aruspices
1803 3066 1867 3089 non
1884 3062 1990 3090 erant.
2015 3051 2053 3090 &
2071 3050 2119 3089 sic
2139 3051 2239 3091 idem
2261 3053 2306 3091 L.
2322 3054 2414 3093 1.C.

2355 3106 2416 3152 56,
