2516 3509
469 64 587 120 DE
639 65 1275 135 PARENTIBUS
1324 83 1828 145 FORTIBUS.
2039 104 2142 162 517

134 169 246 218 bore
278 164 416 214 animi
448 161 739 227 sustinuerit,
786 172 991 221 oratione
1012 210 1026 235 ,
1072 194 1208 241 quam
1243 181 1301 229 de
1333 185 1466 233 rebus
1500 186 1525 233 a
1559 187 1601 234 se
1632 189 1766 253 gestis
1817 196 1854 217 ¹¹
1893 188 2014 254 apud
2046 207 2132 255 po-

135 249 295 314 pulum
330 243 517 302 habuit,
553 242 669 290 hane
703 247 960 311 adjiciendo
995 254 1265 320 clausulam,
1299 261 1412 308 nulli
1446 264 1714 329 ambiguum
1749 268 2013 331 reliquitz¹²
2034 275 2138 316 Cum

136 334 180 378 in
213 330 390 374 maximo
417 336 626 386 preventa
650 327 876 388 felicitatis
908 335 1066 391 nostrae
1085 372 1100 397 ‚
1146 342 1341 406 Quirites
1360 376 1376 402 ‚
1418 346 1605 391 timerem
1625 379 1640 403 ‚
1685 350 1836 408 nequid
1867 351 1968 394 mali
1990 348 2136 410 forta-

137 425 190 457 na
226 409 439 454 moliretur
458 439 473 465 ‚
517 405 678 467 Jovem
724 410 827 470 Opt.
861 413 991 459 Atax.
1025 417 1309 481 Junonemqae
1351 423 1537 483 reginam
1556 456 1571 480 ‚
1614 424 1669 475 ὃ
1705 429 1960 472 Minervam
1986 441 2134 488 preca-

137 501 205 537 tus
225 489 324 551 sitm
347 521 362 546 ,
399 494 438 525 ¹3
474 497 521 533 ut
542 520 556 545 ,
588 492 634 550 st
667 491 832 554 adverst
866 496 967 554 qaid
983 501 1132 558 populo
1165 502 1352 548 Romano
1386 504 1645 561 immineret,
1686 510 1729 542 ¹4
1761 516 1891 552 totam
1925 511 1969 552 in
2002 525 2136 555 meam

135 573 297 619 domam
340 581 656 617 converteretur.
751 580 788 610 ¹5
849 578 1118 641 ⁴‚Quapropter

138 656 186 702 id
216 665 380 716 egerant
402 687 418 713 ‚
464 651 506 680 ¹⁶

140 735 358 797 miscerent.

146 942 340 992 quisquam
370 942 472 979 sanus
500 941 669 990 cogitet;
708 944 813 993 quod
852 944 970 982 nullus
1004 945 1116 983 etiam

143 993 251 1032 MSS.
278 993 485 1031 nostrorum
509 994 849 1042 agnoscit,praeter
860 995 971 1033 Leid.
998 996 1115 1045 quint.

142 1043 206 1081 sed
227 1044 288 1081 ubi
307 1043 395 1082 illud
414 1043 525 1080 etiam
546 1045 777 1082 emendatur.
802 1092 806 1095 ῃ

199 1107 256 1132 10.
286 1100 323 1130 In
345 1093 608 1140 orbitatesubito
625 1094 801 1141 destitutus
818 1095 879 1145 est]
894 1097 1116 1145 Legendum

146 1142 294 1182 fortasse
330 1147 360 1180 Is
387 1143 530 1181 orbitate
549 1144 624 1199 subl.
650 1145 728 1190 dest.
763 1150 820 1192 est.
851 1148 1046 1186 VORST.
1076 1152 1114 1186 In

145 1195 290 1232 orbitate
320 1194 434 1242 saluto
468 1195 643 1242 destitutus
678 1200 735 1243 est.
801 1198 914 1235 Forte
935 1224 945 1239 ‚
982 1201 1112 1247 subita.

149 1246 268 1294 Quod
286 1257 376 1283 vero
390 1246 556 1284 Vorstius
575 1247 614 1281 rc*
635 1249 671 1282 in
690 1247 892 1296 suspectum
911 1249 1040 1294 habet,
1062 1250 1113 1287 le-

148 1298 276 1346 gitque
307 1299 341 1332 Is
369 1296 533 1340 orbitate;
557 1297 681 1335 nescio
713 1310 825 1347 quam
857 1300 955 1338 reete
978 1301 1110 1345 facian

146 1351 302 1393 Destitm'
320 1349 356 1383 in
375 1347 516 1384 orbitate
534 1347 616 1385 alibi
636 1357 728 1396 puto
749 1349 885 1387 lectum
901 1379 912 1395 ‚
941 1352 979 1389 ὃ(
996 1350 1113 1400 poffet

148 1400 286 1447 exponi
307 1410 371 1446 per
390 1400 551 1445 constitui.
577 1399 821 1437 PERIZON.
849 1402 947 1438 Suet.
966 1404 1004 1439 in
1025 1403 1113 1441 Tib.

147 1450 191 1487 C.
221 1463 276 1498 54.
305 1452 488 1493 Destitutus
517 1461 619 1485 morte
642 1450 832 1488 liberorum.
885 1452 1037 1502 Proprie
1057 1455 1114 1490 de-

141 1503 244 1547 stttui
264 1502 300 1537 in
323 1499 448 1548 aliquo
470 1499 586 1547 loquo
607 1500 800 1545 dicuntur,
820 1503 883 1551 qui
900 1503 949 1540 ibi
971 1505 1036 1542 soli
1058 1517 1114 1542 re-

144 1552 372 1600 linquuntur.
401 1550 484 1586 Liv.
522 1551 662 1589 L.v11.
695 1565 751 1590 10.
779 1555 957 1601 Recipiunt
982 1555 1059 1591 inde
1079 1558 1118 1603 se

144 1601 190 1638 ad
214 1604 387 1648 stationem
401 1631 408 1642 ‚
440 1609 484 1636 (Ὺ
506 1600 569 1637 duo
586 1604 622 1637 in
640 1602 744 1639 medio
765 1607 914 1647 armati,
935 1608 1117 1654 speHatuli

148 1655 256 1701 magis
277 1666 384 1693 more,
407 1665 508 1701 quam
536 1653 607 1702 lege
625 1652 728 1697 belli,
749 1653 986 1702 destituuntur.
1012 1658 1115 1705 Virg.

147 1703 226 1741 Ecl.
254 1717 283 1740 1.
310 1703 370 1740 61.

198 1757 241 1790 Et
251 1756 344 1798 freta
364 1752 539 1799 destituent
558 1751 658 1790 nudos
682 1755 718 1790 in
737 1757 835 1792 litore
853 1757 964 1804 pisces.

149 1803 461 1853 praepositionem
496 1812 594 1841 certe
632 1805 751 1853 scripti
783 1807 987 1844 constanter
1030 1808 1116 1845 reti-

146 1864 257 1900 nent,
286 1866 414 1893 vcrum
438 1866 528 1892 unus
551 1856 589 1892 &
608 1855 698 1892 alter
715 1857 850 1894 habent
868 1858 1056 1895 orbitatem.

200 1920 257 1944 11.
283 1904 402 1955 <Apud
428 1904 606 1955 populum]
645 1906 778 1955 Ultraj.
811 1908 879 1945 sec,
908 1908 986 1948 Ad
1011 1920 1120 1959 popu-

144 1959 225 1993 lum.

204 2019 258 2044 12.
287 2009 369 2042 Cum
390 2006 425 2041 in
447 2006 610 2056 maximo]
632 2009 756 2045 Verba
780 2021 824 2046 ex
845 2009 1120 2046 orationePau-

146 2057 194 2102 li,
218 2068 312 2107 quae
332 2056 484 2105 peffimo
506 2058 680 2106 exemplo
706 2059 907 2096 traCtarunt
924 2059 986 2095 isti.
1046 2060 1115 2096 Di-

150 2120 222 2157 gna
248 2108 330 2144 sane
357 2107 580 2155 antiquitatis
610 2110 648 2146 δε
669 2110 829 2146 veritatis
851 2108 990 2153 caussa,
1019 2121 1115 2157 quae

151 2172 196 2196 ex
228 2160 375 2206 optimo
396 2157 561 2194 Danielis
590 2158 721 2196 codice
751 2160 1000 2196 restituantur:
1030 2163 1112 2196 Cum

149 2213 185 2247 in
206 2211 351 2244 maximo
367 2219 531 2256 proventu
552 2210 732 2252 felicitatis
759 2214 886 2255 nostrae
901 2243 908 2255 ‚
936 2212 1113 2259 Quirites,

146 2264 319 2304 timercm3
341 2272 381 2294 ne
406 2258 487 2307 quid
517 2260 599 2293 mali
620 2261 762 2295 Fortuna
798 2262 929 2296 moliret
945 2286 954 2300 ‚
986 2260 1112 2305 Jovem

145 2314 303 2362 optimum
323 2311 505 2345 maximnm
529 2308 762 2359 Junonemque
784 2313 950 2360 Reginam
970 2319 1015 2346 (7
1034 2314 1113 2348 Mi-

148 2376 289 2400 nervam
308 2370 456 2407 prefatus
468 2362 544 2406 sum
558 2385 568 2401 ,
590 2370 694 2395 totum
715 2362 749 2395 in
766 2359 895 2397 domum
914 2375 1017 2397 meam
1037 2377 1112 2398 con-

147 2424 297 2450 verteret.
356 2412 564 2458 Quapropter
580 2410 658 2445 hene
682 2410 792 2447 habet.
824 2411 996 2448 annuendo
1025 2428 1112 2449 emm

147 2465 236 2501 ‘rotis
255 2463 331 2498 meis
354 2461 388 2497 id
407 2471 541 2512 egerunt
555 2485 564 2501 ,
587 2471 624 2496 ut
648 2475 707 2496 ‘vos
730 2463 842 2511 potius
862 2477 929 2498 meo
952 2465 1026 2511 casu
1054 2463 1112 2499 do-

147 2516 272 2556 leatis,
300 2527 401 2562 quam
421 2526 477 2560 ego
495 2514 600 2557 vestro
619 2513 869 2559 ingemiscerem.
898 2514 1031 2562 Longe
1050 2514 1112 2552 ali-

147 2575 204 2603 ter
228 2565 328 2607 sues,
355 2557 458 2600 aliter
488 2561 596 2599 catuli
618 2562 729 2599 olent.
782 2564 970 2601 Nimirum
994 2577 1110 2614 quan-

148 2625 228 2654 tum
248 2615 389 2651 aberrat
410 2612 555 2660 vulgata
580 2612 690 2649 leuto
717 2612 761 2650 ab
781 2613 842 2651 ista
862 2614 996 2652 fincera
1015 2617 1109 2654 anti-

148 2668 299 2718 quitate.
353 2665 495 2699 Moliret
513 2664 636 2711 primo
656 2663 793 2701 dietum
814 2676 880 2712 pro
901 2666 1108 2711 moliretur,

148 2726 189 2757 ut
219 2715 315 2765 apud
343 2714 505 2751 Ennium
537 2716 699 2751 Sortiunt.
751 2715 864 2762 Apud
894 2717 1106 2766 Turpilium

141 2770 365 2819 proficisceret.
414 2767 626 2800 converteret
660 2776 728 2812 pro
762 2774 966 2804 verteretur
987 2796 996 2811 ,
1025 2769 1105 2817 jam

148 2818 294 2870 quoties
320 2816 340 2853 a
369 2814 512 2852 Criticis
543 2813 765 2853 inculcatum
797 2816 870 2853 est?
899 2818 1033 2856 Cetera
1060 2832 1105 2858 ex

150 2870 287 2907 eodem
330 2866 422 2903 libro
458 2865 556 2902 bona
590 2864 664 2902 fide
700 2866 871 2915 adscripsi.
912 2869 1105 2909 COLER.

145 2925 259 2970 Quum
296 2918 332 2952 in
366 2917 511 2952 maximo
545 2927 709 2964 pro-ventu
750 2920 930 2963 felicitatis
965 2924 1102 2968 nostrae.

148 2969 344 3021 Schegkius
372 2967 418 3007 ad.
438 2965 533 3006 Vell.
559 2967 606 3007 L.
637 2980 668 3008 1.
697 2979 731 3007 x.
757 2969 924 3017 testatur,
961 2979 1104 3012 veteres

1160 582 1254 628 bene
1296 583 1434 628 habet.
1488 584 1697 630 annuendo
1740 589 1847 632 enim
1889 592 1997 634 votis
2037 593 2135 643 meis

542 664 592 700 ut
635 671 709 702 vos
741 659 883 716 potius
925 673 1057 705 meum
1109 661 1244 723 caſsim
1291 662 1460 710 doleatis
1479 696 1496 723 ,
1553 680 1679 726 qaam
1733 683 1798 729 ego
1849 669 1987 728 vestre
2022 674 2132 734 inge·

2022 829 2131 875 Uno

1171 946 1318 984 codices
1337 946 1473 985 habere
1488 950 1650 998 prom-flu
1668 952 1870 999 felicitatis,
1893 956 1996 1005 quod
2019 957 2067 994 est
2094 958 2132 995 in

1171 998 1278 1035 Leid.
1305 999 1390 1047 sept.
1418 999 1550 1049 Ultraj.
1586 1002 1654 1039 sec.
1677 1003 1846 1042 Perizon.
1864 1008 2044 1052 provec‘lo,
2070 1008 2134 1046 ha—

1169 1047 1258 1085 bent
1285 1049 1389 1086 Harl.
1419 1050 1521 1088 Barb.
1549 1054 1655 1100 prim.
1688 1054 1755 1092 Bit.
1782 1055 1849 1092 sec.
1887 1057 2002 1095 Recte
2041 1070 2133 1097 vero

1167 1099 1314 1137 videtur
1331 1099 1387 1137 Cl.
1413 1101 1582 1140 Perizon.
1612 1104 1799 1152 vulgatam
1828 1105 2026 1146 lectionem
2059 1110 2137 1147 vin=

1169 1148 1299 1187 dicaffe
1324 1151 1507 1200 adscriptis
1535 1153 1588 1191 his
1620 1154 1722 1192 Livii
1746 1157 1864 1194 verbis
1891 1159 1936 1195 L.
1964 1172 2046 1197 xiv.
2073 1174 2134 1208 41.

1166 1202 1346 1239 Aliarum
1364 1201 1484 1239 deinde
1495 1204 1712 1250 secundarum
1734 1221 1840 1243 rerum
1870 1211 1962 1244 velat
1987 1223 2132 1260 prowm-

1165 1262 1218 1287 tus
1230 1255 1385 1300 secutus,
1410 1253 1454 1290 de
1473 1254 1543 1292 hac
1565 1255 1637 1303 ipsa
1659 1268 1707 1293 re.
1725 1258 1772 1294 Et
1790 1257 1837 1294 fic
1851 1270 2045 1307 proventum
2063 1274 2131 1310 pro

1164 1301 1322 1340 successu
1349 1305 1440 1352 poni
1469 1305 1567 1353 apud
1585 1306 1779 1344 Caesarem
1809 1308 1969 1359 aliosque
2002 1312 2130 1350 docuit

1164 1353 1312 1391 Davies.
1341 1354 1387 1391 ad
1414 1355 1516 1392 Caes.
1545 1357 1590 1393 L.
1616 1369 1659 1394 vr
1672 1371 1700 1395 1.
1729 1358 1774 1395 de
1801 1359 1840 1395 B.
1866 1360 1912 1397 G.
1941 1362 1983 1398 C.
2011 1375 2070 1411 29.

1218 1416 1274 1454 13.
1301 1405 1390 1451 Utfi
1416 1404 1548 1451 adversi
1566 1407 1665 1458 quid]
1697 1409 1804 1447 MSS.
1831 1411 1994 1461 ntfiquid
2011 1414 2133 1451 adver-

1156 1454 1213 1501 fi,
1241 1467 1324 1493 cum
1347 1455 1415 1493 Ed.
1443 1458 1549 1505 Mog.

1222 1518 1279 1551 14.
1305 1509 1423 1543 Totum
1445 1510 1479 1543 in
1504 1508 1632 1545 domum
1658 1524 1763 1547 meam
1788 1512 2045 1562 converteretur]
2077 1514 2131 1552 Ita

1170 1556 1329 1594 omnino
1358 1557 1579 1606 legendum
1610 1572 1712 1604 non,
1739 1569 1779 1599 ut
1806 1574 1851 1599 ex
1877 1563 1960 1600 cod.
1988 1564 2025 1601 P.
2055 1565 2128 1603 Da·

1169 1607 1272 1644 nielis
1301 1608 1435 1656 scripsit
1464 1610 1620 1648 Colerus
1642 1639 1652 1655 ,
1697 1613 1735 1649 &
1771 1613 1921 1650 retinuit
1948 1614 2131 1663 Thyffirs,

1167 1669 1378 1695 converteret.
1406 1660 1600 1699 VORST.
1629 1662 1720 1699 Non
1736 1675 1935 1700 converteret
1956 1665 2073 1703 modo
2095 1667 2133 1704 in

1167 1715 1313 1745 textum
1343 1719 1531 1758 receperat
1551 1712 1730 1757 Colerus,
1757 1714 1860 1763 quod
1890 1716 1973 1752 ferri
1996 1718 2133 1764 potuis-

1165 1758 1249 1802 set,
1287 1771 1417 1797 verum
1453 1762 1563 1799 etiam
1594 1765 1770 1809 Malim,
1805 1765 1907 1815 quod
1934 1775 2133 1818 utrumque

1167 1810 1337 1857 rejiciunt
1358 1823 1490 1849 omnes
1509 1813 1614 1851 MSS.

1224 1874 1279 1908 15.
1302 1865 1513 1913 Quapropter
1533 1864 1609 1900 bene
1628 1864 1742 1915 babet]
1773 1866 1873 1904 Ante
1897 1867 2019 1906 Coler.
2047 1870 2135 1908 ede-⁹

1169 1909 1274 1947 batur
1313 1914 1522 1962 Qapropter
1549 1914 1626 1952 bene
1648 1919 1686 1963 se
1712 1931 1762 1952 res
1789 1918 1898 1955 babet.
1950 1921 2065 1968 Quod
2092 1922 2130 1957 in

1170 1961 1277 1997 MSS.
1304 1963 1435 2000 decem
1464 1976 1618 2014 quoque
1644 1967 1808 2005 invenio.
1844 1969 1914 2006 Sed
1943 1970 2020 2006 bene
2038 1971 2137 2007 habet

1171 2010 1299 2048 diserte
1337 2013 1510 2052 exhibent
1544 2016 1686 2065 Ultraj.
1718 2018 1825 2066 prim.
1864 2020 1977 2057 Periz.
2024 2022 2131 2059 Leid.

1167 2062 1236 2098 sec.
1264 2063 1366 2101 Barb.
1388 2065 1496 2113 prim.
1516 2067 1620 2104 Med.
1646 2068 1714 2105 sec.
1749 2068 1999 2116 benesehabet.
2027 2073 2130 2111 Harl.

1165 2114 1249 2147 Bene
1267 2114 1365 2150 habet
1380 2144 1389 2159 ‚
1403 2115 1599 2170 simplicius
1620 2119 1657 2156 δε
1678 2122 1791 2168 magis
1812 2132 1857 2157 ex
1877 2122 2033 2160 solemni
2054 2126 2132 2161 for—

1165 2163 1264 2200 mula
1286 2164 1424 2203 dictum
1445 2167 1610 2207 videtum
1637 2181 1750 2218 quam
1779 2178 1817 2207 ut
1844 2183 1863 2207 a
1890 2172 2038 2211 librariis
2057 2187 2125 2223 po-

1163 2215 1273 2250 tuerit
1304 2216 1494 2262 proficisci.
1546 2219 1738 2256 Illustravit
1766 2221 1978 2270 Grangaeus
2004 2225 2048 2262 ad
2069 2228 2128 2271 1η-

1162 2274 1249 2300 ven.
1277 2265 1346 2302 Sat.
1372 2278 1404 2303 x.
1434 2266 1474 2309 ill·
1504 2280 1560 2313 72.
1587 2270 1624 2305 ὅ(
1644 2269 1688 2305 ad
1711 2271 1886 2309 eumdem
1909 2274 2034 2312 locum
2056 2287 2125 2312 no·-

1161 2314 1254 2351 tavit
1273 2315 1527 2354 Brittannicus.
1580 2319 1774 2358 Invaluiffe
1793 2334 1945 2370 pravam
1974 2326 2123 2363 consue»

1160 2364 1330 2403 tudinem
1360 2374 1401 2403 ut
1422 2367 1582 2414 dicatur,
1617 2372 1701 2406 Bene
1717 2375 1758 2420 se
1779 2372 1897 2420 babet,
1927 2387 2010 2412 cum
2043 2388 2124 2422 pro-

1163 2415 1263 2452 ficeto
1293 2416 1492 2455 dicendum
1521 2419 1591 2464 fit,
1637 2422 1721 2458 Bene
1748 2422 1857 2462 babet.
1893 2425 1986 2463 Vide
2013 2426 2121 2462 etiam

1161 2463 1290 2503 Passer.
1319 2467 1364 2505 ad
1383 2468 1492 2518 Prop.
1521 2471 1567 2507 L.
1601 2484 1656 2509 iv.
1687 2486 1742 2511 11.
1764 2474 1823 2521 67.

1213 2520 1255 2553 Et
1273 2517 1351 2554 bene
1370 2518 1479 2556 habet.
1494 2536 1674 2572 numquam
1695 2535 1799 2561 mater
1819 2524 1969 2575 lugubria
1983 2526 2121 2574 sumpsi,

1218 2568 1325 2605 16.Ut
1336 2583 1396 2605 vos
1412 2573 1525 2619 potius
1549 2587 1617 2608 meo
1636 2577 1711 2622 casu
1732 2575 1889 2623 doleatis]
1904 2575 2022 2610 Etiam
2045 2576 2121 2613 hoc

1164 2630 1183 2655 a
1210 2618 1350 2657 Colero
1374 2621 1433 2658 est.
1487 2623 1612 2662 Ceteri
1632 2628 1892 2673 Q
1936 2635 2019 2661 cum
2045 2627 2122 2674 ple-

1160 2667 1278 2716 risque
1309 2671 1415 2709 MSS.
1447 2672 1592 2711 Pridem
1625 2687 1776 2724 quoque
1813 2673 1986 2710 edebatur
2048 2683 2127 2723 Ka:

1163 2723 1262 2766 strum
1307 2723 1554 2773 ingemiscerem.
1606 2725 1675 2762 Sed
1709 2725 1781 2761 hoc
1816 2724 1921 2761 MSS.
1949 2736 2026 2762 non
2056 2738 2133 2766 aee*

1160 2783 1234 2820 que
1270 2773 1485 2820 approbant.
1538 2775 1644 2812 Leid.
1688 2775 1774 2810 sext.
1820 2773 1928 2812 habet
1950 2804 1958 2818 ‚
1996 2778 2030 2812 in
2056 2794 2117 2815 ve„

1148 2824 1220 2867 stro
1248 2822 1497 2872 ingemifterem.
1541 2828 1644 2871 ‘vestro
1673 2824 1789 2871 potest
1816 2826 1930 2874 accipi
1966 2827 2003 2863 in
2034 2832 2115 2868 casu

1156 2872 1276 2909 tertio.
1291 2874 1375 2911 Liv.
1403 2875 1448 2912 L.
1478 2888 1610 2913 xxxvi.
1632 2875 1690 2911 28.
1727 2878 1957 2923 ingemuerunt
1986 2880 2119 2927 quidem

1151 2924 1313 2971 princepes
1331 2925 1509 2964 conditioni
1528 2928 1632 2975 Jaae,
1654 2925 1835 2973 parendum
1861 2937 1973 2964 tamen
2000 2931 2121 2968 melori

1153 2972 1341 3022 censebant.

1654 3024 1691 3063 T
1702 3034 1739 3065 tt
1769 3039 1785 3076 3
1927 3042 1939 3065 ῑ
1994 3031 2122 3070 Etim.-

2162 2631 2253 2665 κακέ
2289 2633 2421 2674 5302..
2446 2623 2516 2668 as?

2173 2697 2420 2750 alifia?-
