2516 3509
340 165 443 201 mo
604 117 998 190 VALERII
1069 110 1443 171 MAXIMI
1481 111 1606 170 Lu.
1644 110 1687 168 1.
1731 109 1878 171 Cn.
1917 109 2085 170 VIII.

332 243 550 298 Romanis
569 233 795 301 proelium
814 224 1020 292 ingredi,
1055 220 1249 270 eximiae
1275 218 1604 285 magnitudinis
1625 218 1804 285 juvenis
1831 219 2033 284 primum
2063 232 2139 264 eos
2166 213 2340 262 hortari

329 330 384 375 ad
414 314 721 384 capessendam
752 305 1072 358 fortitudinem
1101 300 1272 365 coepit.
1345 298 1555 359 Deinde,
1591 306 1631 337 45
1657 299 1738 346 ubi
1763 298 1979 346 tardiores
1999 293 2351 354 animadvertit,

330 401 515 466 arreptis
533 396 656 444 scalis
675 409 757 458 per
775 389 971 438 mediam
994 383 1195 433 hostium
1217 380 1360 428 aciem
1379 377 1435 425 ad
1456 380 1680 426 contraria
1703 379 1844 426 castra
1860 377 2020 426 evasit:
2059 377 2108 424 &
2131 376 2344 435 admotis,

330 480 500 529 vallum
529 471 806 523 conscendit.
879 467 991 517 Inde
1018 481 1134 514 voce
1162 460 1346 527 ingenti
1374 458 1607 505 clamitans
1627 494 1642 518 ‚
1677 459 1849 508 factum
1881 458 2097 509 victoriae
2126 456 2353 523 gradum,

329 561 379 608 &
400 558 576 607 nostros
594 554 651 602 ad
668 554 809 601 aliena
834 549 974 598 castra
994 543 1242 610 capienda7
1273 541 1321 588 ἃ
1340 540 1580 599 Lucanos,
1615 537 1888 601 Brutiosque
1919 538 1975 586 ad
2006 538 2080 585 sua
2105 536 2357 584 defendem—

325 642 407 701 da,
442 636 490 679 4⁶
511 637 619 685 illuc
640 634 808 692 traxit,
843 631 923 677 ubi
941 627 1136 676 conserti
1157 623 1300 671 dubio
1321 620 1570 668 certamine
1588 618 1867 666 terebantur.
1929 618 2019 666 Sed
2040 617 2161 665 idern
2182 616 2351 682 impul-

326 721 375 768 su
396 733 629 768 armorum
650 714 835 760 suorum
855 708 1104 773 prostratos
1132 703 1281 750 hostes
1308 698 1615 766 jugulandos,
1652 695 1984 761 capiendosque
2009 698 2235 744 Romanis
2262 710 2353 743 tra-

330 802 539 850 fflfflcjv
561 794 663 842 XX
686 794 806 840 enim
838 789 980 836 millia
1014 784 1156 834 caesa:
1198 784 1400 849 quinque
1428 781 1569 828 millia
1599 796 1706 827 cum
1741 778 1889 826 Statio
1910 777 2122 837 Statilio,
2153 778 2271 824 duce
2303 794 2359 824 u-

338 880 540 945 triusque
559 876 734 943 gentis,
770 873 818 920 8<
841 871 985 919 tribus
1006 881 1143 932 atque
1171 865 1274 912 XX
1294 862 1564 910 militaribus
1586 860 1722 925 signis
1746 872 1879 923 capta
1898 856 2013 904 sunt.
2081 856 2268 903 Postero
2289 857 2362 904 die

344 979 456 1012 cum
493 976 609 1007 cos.
642 958 759 1003 inter
791 949 1110 1009 honorandos,
1146 961 1344 1011 quorum
1370 942 1556 1003 *strenua
1585 956 1725 1004 opera
1753 941 1900 986 fiierat
1926 937 2026 984 usus
2040 972 2062 997 ‚,
2094 937 2134 972 ⁴3
2153 936 2364 984 vallarena

347 1057 569 1093 coronam
590 1040 630 1086 ei
649 1036 691 1084 se
708 1036 876 1084 servare
894 1031 1102 1088 dixisset,
1138 1027 1164 1075 a
1186 1044 1278 1091 quo
1301 1023 1442 1072 castra
1461 1034 1584 1069 erant
1618 1020 1848 1085 oppreffa,
1884 1025 1925 1054 ⁴9
1945 1034 2030 1065 nec
2062 1018 2372 1075 inveniretur>

348 1126 429 1190 qui
449 1123 496 1169 id
515 1119 769 1187 praemium
792 1125 992 1180 peteret:
1032 1110 1277 1173 cognitum
1295 1106 1494 1170 pariter,
1527 1115 1662 1166 atquc
1685 1100 1913 1149 creditum
1935 1098 2026 1159 est,
2063 1100 2265 1146 Martem
2287 1113 2366 1161 pa-

349 1219 467 1253 trem
498 1215 611 1250 tunc
641 1196 820 1264 populo
853 1193 932 1241 suo
960 1188 1160 1238 adfuisse.
1233 1191 1275 1224 50
1301 1187 1428 1232 Inter
1458 1194 1606 1229 cetera
1634 1179 1820 1247 hujusce
1841 1181 1904 1227 rei
1924 1178 2157 1226 manifesta
2173 1179 2365 1237 indicia,

356 1291 394 1324 5¹
422 1281 549 1348 galea
568 1291 753 1344 quoque
775 1272 947 1320 duabus
967 1267 1177 1316 distincta
1199 1264 1374 1329 pinnis,
1409 1277 1499 1324 qua
1520 1259 1712 1306 coeleste
1732 1272 1871 1322 caput
1898 1257 2073 1306 tectum
2101 1256 2268 1316 fuerat,
2303 1273 2372 1303 ar-

353 1374 635 1431 gumentum
651 1355 874 1423 praebuit.
945 1352 1106 1414 Itaque
1126 1345 1324 1394 Fabricii
1343 1341 1495 1389 edicto
1511 1374 1525 1399 ‚
1562 1338 1834 1403 supplicatio
1854 1338 2001 1385 Marti
2020 1336 2084 1383 est
2107 1336 2285 1396 habita,
2321 1336 2375 1384 ἃ,

355 1444 383 1491 ὲ
410 1441 616 1491 laureatis
646 1436 869 1502 militibus
898 1448 1062 1498 magna
1091 1445 1200 1478 cum
1227 1427 1485 1474 animorum
1513 1420 1687 1469 laetitia
1713 1419 1856 1467 oblati
1875 1419 2034 1467 auxilii
2056 1418 2374 1466 testimonium

356 1527 402 1574 ei
433 1523 499 1571 est
533 1519 784 1569 redditum.

2279 1584 2377 1631 Re-

363 1730 432 1768 stra
453 1728 497 1766 ab
516 1725 605 1765 urbe
618 1754 628 1770 ‚
655 1722 718 1762 ubi
736 1720 886 1770 ancipiti
906 1726 1044 1758 eventu
1064 1728 1119 1754 res
1136 1714 1340 1765 gereBatur.
1391 1708 1489 1759 prius
1506 1704 1733 1745 vocabulum
1753 1704 1904 1751 induxi,
1934 1703 1972 1742 gc
1994 1710 2116 1742 cetera
2143 1710 2185 1742 ut
2206 1710 2310 1741 erant
2334 1703 2374 1740 in

363 1780 478 1818 Multi
505 1778 613 1816 MSS.
638 1775 777 1813 habent
800 1774 936 1819 conferti¹
960 1799 971 1814 ‚
1009 1781 1108 1806 cum.
1135 1767 1204 1805 Ed.
1233 1767 1342 1813 Mog.
1393 1759 1501 1798 MSS.
1530 1759 1569 1796 δε
1588 1757 1670 1795 edd.
1692 1757 1873 1795 ordinavi.
1926 1755 2091 1800 Gudius‘,
2118 1755 2204 1805 quia
2226 1755 2265 1792 in
2292 1765 2371 1792 uno

367 1831 441 1870 Sed
458 1829 548 1868 nihil
566 1828 654 1866 ideo
675 1824 912 1864 mutandum.
932 1823 970 1860 in
988 1831 1104 1868 marg.
1121 1817 1346 1857 notavitPe-
1397 1810 1494 1850 Cod.
1513 1808 1599 1846 idem
1620 1817 1697 1846 erat
1720 1809 1860 1847 erasum
1875 1838 1884 1853 ‚
1906 1807 2050 1856 legebat
2079 1806 2289 1856 simpliciter
2314 1805 2380 1856 qui.

366 1884 483 1922 rizon.
510 1879 697 1919 adducens
724 1878 771 1914 L.
795 1889 876 1914 111.
897 1886 928 1911 2.
956 1887 986 1912 1.
1014 1873 1166 1921 Duosque
1187 1874 1347 1906 acerrima
1391 1872 1541 1914 peteret,
1570 1861 1609 1898 &
1627 1860 1809 1898 referebat
1829 1860 1875 1898 ad
1893 1861 2059 1896 vallarent
2081 1872 2241 1896 coronam.

1084 1936 1145 1960 vr.
1174 1923 1274 1959 Ann.
1303 1919 1347 1956 C.

363 1947 478 1986 pugna
500 1935 660 1982 consertos
676 1931 851 1966 exercitus.
888 1927 984 1964 Tac.
1012 1924 1057 1961 L.

369 1999 428 2036 35.
454 1981 672 2034 „Aliquando
691 1991 728 2018 ut
746 1981 893 2028 conserta
910 1979 996 2013 acies
1014 1976 1136 2025 corpori

359 2042 406 2087 su
431 2050 599 2074 armorum
623 2034 803 2083 pellerent,
833 2030 1045 2077 pellerentur.

370 2101 453 2132 tur,
485 2098 579 2125 unus
607 2083 715 2123 Leid.
743 2080 965 2123 tenebantur,
993 2089 1086 2116 unus
1108 2075 1234 2114 Heins.
1258 2086 1289 2110 tr

372 2140 557 2180 nubantur,
590 2137 679 2174 alter
700 2133 914 2180 ferebantur,
949 2130 1159 2178 complures
1185 2124 1352 2164 terreban-

374 2202 431 2227 tur
450 2202 537 2239 cnm
557 2188 651 2226 Edd.
671 2187 780 2235 Mog.
807 2186 962 2223 Venett.
980 2180 1138 2219 Mediol.
1158 2179 1226 2217 Bit.
1245 2178 1354 2226 prim.

374 2241 473 2279 dubio
493 2240 694 2277 certaminis.

427 2305 486 2341 47..
516 2293 644 2343 Viginti
671 2290 757 2325 enim
787 2286 897 2323 millia
923 2286 1039 2333 caesa,
1071 2282 1219 2332 quinque
1244 2280 1356 2314 millia
1382 2308 1387 2313 .

372 2359 443 2382 eum
454 2345 561 2380 Statio
574 2343 712 2378 Statilio
732 2338 810 2376 duce
828 2339 1001 2386 utriusque
1012 2335 1125 2387 gentis
1144 2342 1240 2381 capta
1254 2329 1353 2378 sunt]

374 2395 482 2434 Leid.
502 2395 590 2432 sext.
607 2388 917 2429 Perizon.Heins.
936 2396 1093 2436 uterque
1117 2385 1248 2432 Viginti
1268 2395 1355 2416 emm

369 2450 520 2498 quinque
533 2444 645 2482 millia
663 2445 755 2490 caesa
774 2455 844 2476 cum
854 2441 965 2475 Statio
977 2438 1131 2474 Statilio,
1142 2431 1246 2471 Voss.
1264 2434 1356 2467 Nam

371 2512 436 2537 XV.
456 2499 569 2535 millia
584 2498 675 2543 caesa
687 2496 768 2541 sunt
788 2504 858 2526 cum
872 2491 1007 2525 statilio
1027 2487 1116 2523 duce.
1140 2485 1248 2521 Leid.
1267 2482 1355 2531 sept.

374 2551 506 2602 Viginti
526 2549 615 2585 enim
634 2546 745 2582 millia
765 2543 856 2585 caesa
869 2569 879 2584 ,
902 2541 1048 2589 quinque
1066 2550 1136 2572 cum
1157 2539 1268 2571 Statio
1279 2540 1357 2569 Sta-

375 2605 468 2640 tilio.
493 2601 531 2638 ὅ(
550 2598 599 2637 fic
615 2607 686 2635 tres
706 2597 816 2633 Rem.
838 2590 946 2628 Leid.
967 2589 1085 2639 quint.
1112 2594 1268 2635 uterque
1286 2585 1358 2620 Ul-

378 2654 453 2703 traj.
482 2663 551 2702 pro
571 2658 616 2686 (9⁶
635 2646 743 2686 tribus
764 2642 935 2682 nonnulli
960 2655 1030 2677 cum
1056 2639 1171 2675 tribus.

432 2705 490 2750 48.
521 2703 688 2741 Vallarem
702 2694 869 2744 coronam]
900 2695 988 2740 Qua
1009 2690 1213 2728 donabatur
1239 2689 1267 2725 is
1295 2688 1359 2737 qui

382 2756 523 2805 primus
551 2752 689 2791 vallum
718 2743 992 2787 conscendisset.
1019 2741 1213 2780 VORST.

431 2819 490 2854 49.
518 2809 591 2841 Nec
605 2803 742 2850 juvenis
761 2801 820 2850 qui
839 2796 873 2833 id
888 2796 1073 2848 praemium
1086 2803 1210 2843 peteret
1236 2789 1363 2827 inveni-

383 2855 488 2906 retur]
518 2856 602 2893 MS.
632 2857 701 2890 Nec
722 2851 929 2888 inveniretur
948 2849 1006 2896 qui
1024 2845 1208 2896 praemium
1227 2852 1362 2888 peteret.

387 2906 568 2947 concisius
581 2934 596 2951 ,.
620 2906 658 2942 ὃς
676 2905 714 2941 ni
734 2903 842 2940 fallor
853 2930 863 2946 ‚
890 2898 1033 2937 fedius.
1069 2897 1094 2934 P
1107 2896 1138 2932 E
1152 2897 1183 2932 R
1196 2895 1210 2931 I
1222 2895 1252 2931 Z
1264 2894 1300 2931 O
1314 2892 1364 2930 N.

392 2960 565 2998 Omnino
586 2955 717 2995 reciius
730 2983 740 3000 ,
767 2963 890 3003 neque
910 2951 1011 2988 enim
1030 2947 1172 2986 Valerii
1189 2943 1258 2983 effe
1278 2943 1367 2982 illud

389 3013 521 3052 iuvenis
549 3008 710 3046 clamant
738 3016 871 3043 omnes
897 3001 1049 3050 scripti,
1087 3009 1218 3037 omnes
1255 2996 1366 3040 editi,

395 3060 430 3096 ἑά
447 3063 652 3111 praemium,
674 3067 804 3097 tamen
824 3055 990 3105 plerique
1017 3051 1187 3090 retinent.
1241 3050 1368 3098 Quare

1452 1927 1509 1963 50.
1547 1914 1637 1948 Inter
1663 1923 1768 1948 cetera
1794 1911 1923 1959 hujusce
1948 1912 1997 1947 rei
2029 1912 2205 1956 manifesta
2238 1905 2379 1957 indicia]

1140 1974 1254 2010 {msc-7
1270 1972 1347 2021 pul·
1401 1966 1456 2023 Ita
1478 1962 1587 2002 codd.
1607 1962 1859 2001 MSS.Brand.
1883 1963 1920 1998 δε
1939 1969 2083 1998 veteres
2101 1961 2198 2009 typis
2217 1960 2383 2008 expreffi.

1101 2026 1173 2063 Pro
1201 2023 1349 2060 tereban-
1401 2017 1550 2065 Pighius
1561 2016 1773 2062 manifestae:
1787 2024 1900 2063 quem
1914 2011 2069 2049 Colerus
2081 2012 2119 2049 ὃς
2131 2010 2293 2059 Thyfius
2304 2010 2385 2046 sunt

1291 2089 1350 2110 un-
1401 2068 1525 2106 secuti.
1553 2066 1749 2104 VORST.
1805 2063 1876 2101 Sed
1895 2062 2038 2112 prorsus
2067 2061 2256 2100 indecore.
2293 2064 2385 2097 Ma-

1407 2121 1526 2167 nifesta
1545 2118 1682 2155 habent
1705 2118 1743 2154 δε
1760 2115 1869 2154 MSS.
1888 2114 2011 2152 nostri.
2039 2126 2107 2163 pro
2128 2114 2390 2162 lutosusce,non-·

1408 2171 1499 2209 nulli
1517 2167 1757 2218 baiufiemdi,
1785 2165 1995 2216 hujusmodi,
2024 2165 2131 2212 lmjus.

1461 2235 1518 2271 51.
1545 2223 1655 2257 Galea
1676 2232 1805 2270 quoque
1826 2217 1955 2255 duabus
1974 2216 2131 2263 distinaa
2144 2213 2275 2267 pinnis]
2306 2213 2390 2253 MS.

1412 2271 1546 2321 C'opes.
1570 2273 1708 2319 pennis,
1742 2272 1780 2307 &
1806 2268 1853 2306 fic
1881 2269 1919 2306 in
1938 2268 2067 2306 Heins.
2085 2267 2154 2305 sec.
2175 2264 2283 2304 Leid.
2304 2265 2392 2315 sept.

1406 2335 1450 2361 ac
1469 2322 1639 2360 Harlem.
1666 2321 1808 2358 Ennius
1835 2319 1934 2368 apud
1961 2320 2041 2356 Cic.
2070 2320 2116 2356 L.
2141 2331 2221 2356 111..
2245 2317 2290 2355 de
2311 2316 2394 2355 Off.

1406 2388 1467 2423 29.
1494 2379 1522 2410 O
1542 2371 1641 2410 Fides
1658 2375 1751 2408 alma
1773 2382 1854 2419 apta
1869 2372 1986 2421 pinnis
2006 2367 2306 2418 &jusjurandum
2327 2368 2392 2413 Jo-

1405 2430 1474 2468 vis,
1503 2424 1604 2461 Vide
1625 2424 1710 2460 Nic.
1731 2422 1929 2458 Heinfium
1953 2421 2007 2458 ad'
2022 2420 2138 2458 Ovid.
2158 2420 2203 2456 L.
2225 2431 2286 2456 xv.
2304 2420 2392 2456 Me-

1406 2486 1498 2515 tam.
1527 2488 1563 2513 v.
1591 2487 1676 2523 475.
1722 2474 1810 2509 Huc
1836 2483 1929 2508 vero
1957 2470 2093 2520 spec'iat
2122 2471 2226 2519 Virg.
2259 2470 2305 2507 L.
2330 2483 2403 2509 VI..

1409 2530 1507 2567 Aen.
1529 2539 1565 2565 v.
1587 2525 1673 2572 780.
1702 2523 1748 2560 de
1767 2522 1948 2560 Romulo.

1505 2628 1636 2640 --
1660 2601 1773 2640 Viden’
1792 2612 1829 2638 ut
1843 2600 2000 2652 geminae
2011 2601 2108 2646 stant
2129 2598 2252 2634 vertice
2268 2595 2395 2641 cristae,

1458 2661 1500 2694 Et
1515 2669 1611 2708 pater
1627 2657 1694 2705 ipse
1709 2652 1770 2702 Ῑιιο
1782 2656 1937 2702 superum
1956 2656 2027 2698 jam
2036 2651 2154 2701 signat
2167 2648 2316 2684 honore?

1420 2737 1475 2774 Ut
1493 2738 1682 2775 honorem
1703 2732 1765 2771 fibi
1795 2731 1987 2781 proprium
2014 2726 2171 2777 geminis
2199 2723 2308 2761 cristis
2335 2734 2399 2772 ga-

1418 2787 1517 2825 leam
1549 2785 1706 2824 ornandi
1743 2796 1829 2822 cum
1856 2783 1933 2820 filio
1961 2778 2130 2819 Romulo
2169 2777 2272 2813 Mars
2298 2783 2402 2824 pater

1419 2837 1758 2876 communicaverit
1771 2846 1912 2885 ,eaque
1923 2844 1962 2870 re
1981 2829 2192 2878 insignitum
2213 2838 2300 2864 eum
2316 2825 2402 2863 red-

1418 2889 1562 2928 diderit.
1592 2889 1649 2926 Sic
1669 2888 1767 2925 enim
1786 2888 1862 2925 hoc
1884 2880 2108 2932 capiendum
2127 2878 2275 2917 videtur
2286 2891 2297 2920 ;
2317 2888 2396 2914 non

1418 2950 1458 2980 ut
1478 2942 1566 2979 fecit
1577 2941 1850 2979 Taubmannus
1861 2936 1906 2973 de
1926 2928 2205 2971 communicat-a
2225 2935 2397 2966 divinita-

1417 3002 1455 3032 te
1483 2993 1522 3030 δε
1550 2992 1791 3043 cognomine.
1843 2986 2010 3040 Quidam
2032 2984 2143 3025 etiam
2165 2989 2399 3035 argumentum

1414 3047 1500 3096 suit,

2262 3094 2324 3130 52.
2343 3081 2406 3118 Pe.-
