2516 3509
360 79 467 136 472
661 56 1072 121 VALERII
1147 48 1531 109 MAXIMI
1567 47 1689 105 Lm.
1732 48 1807 107 v.
1849 47 1994 105 σω.
2037 48 2148 108 lv:

368 185 522 216 omnes
560 168 687 233 jussit
730 164 948 214 cubiculo
971 198 986 224 ‚
1029 178 1122 226 quo
1167 157 1378 206 licentius
1423 157 1610 204 remotis
1651 155 1829 204 arbitris
1862 157 2085 204 indicium
2119 161 2372 224 peragereti

370 241 551 289 Nactus
594 240 882 288 occasionem
925 249 1237 303 opportunam
1284 229 1522 297 proposito
1568 230 1646 278 suo
1685 233 1867 297 juvenis
1889 267 1905 292 ,
1947 234 2150 299 gladium
2173 270 2189 295 ,
2231 252 2369 300 quem

371 318 543 366 tectum
588 316 799 363 attulerat
821 350 837 376 ,
894 312 1131 361 destrinxit
1151 345 1166 371 ,
1219 309 1548 374 tribunumque
1592 309 1726 356 minis
1770 325 1821 356 ac
1861 322 2035 358 terrore
2080 314 2370 375 compulsum

366 396 518 459 jurare
552 397 712 460 coe'git
737 431 754 457 ‚
798 394 823 443 a
858 395 994 458 patris
1027 397 1121 458 ejus
1155 393 1440 440 accusatione
1475 390 1783 438 recessurum:
1828 405 1975 453 eoque
2007 389 2223 437 effectum
2263 389 2328 436 est
2352 421 2370 448 ,

371 491 429 521 ne
463 476 730 540 Torquatus
765 477 959 524 caussam
993 475 1182 523 diceret.
1251 473 1646 521 Commendabilis
1687 472 1750 518 est
1793 473 1970 534 pietas,
2015 489 2126 536 quae
2169 472 2369 520 mansue-

369 554 426 600 tis
469 556 728 618 parentibus
773 556 1056 619 praestatur:
1094 554 1166 601 sed
1200 554 1430 612 Manlius,
1474 570 1567 617 quo
1609 552 1911 600 horridiorem
1957 567 2131 616 patrem
2177 554 2335 603 habuit
2356 593 2371 618 3

373 635 464 682 hoc
498 635 762 684 laudabilius
798 638 1004 701 periculo
1040 640 1134 703 ejus
1168 636 1412 695 subvenit,
1459 641 1500 672 ²3
1545 635 1623 698 qui
1667 634 1722 680 ad
1763 650 1867 680 eum
1915 633 2197 698 diligendum
2245 654 2370 699 prae-

375 727 445 762 ter
486 705 733 763 naturalem
779 734 1010 778 amorem,
1046 718 1173 764 nullo
1218 717 1527 780 indulgentiae
1559 715 1872 761 blandimento
1904 715 2116 762 invitatus
2150 715 2308 764 fuerat.

246 833 279 868 4
440 795 575 841 Hanc
609 796 826 859 pietatem
858 797 1105 843 aemulatus
1142 804 1187 835 24
1220 795 1480 854 M.Cotta,
1518 801 1559 832 25
1585 809 1640 840 eo
1676 792 1771 857 ipso
1807 792 1907 850 die,
1938 810 2031 857 quo
2064 807 2222 858 togam
2255 796 2375 844 sum-

158 875 243 944 282¹}-
258 869 356 944 1¹3¹&-
376 870 465 935 psit
499 873 676 920 virilem
699 908 714 933 ‚
761 875 803 901 2⁶
836 875 1045 938 protinus
1079 888 1132 921 ut
1167 872 1191 918 ὲ
1228 871 1467 936 Capitolio
1502 870 1766 930 descendit,
1815 877 1858 909 27
1896 870 1985 917 Cn.
2023 869 2314 933 Carbonem,
2350 893 2374 923 a

161 964 283 987 XXXVI·

375 970 469 1017 quo
504 968 628 1018 pater
663 957 759 1018 ejus
793 955 1028 1002 damnatus
1062 955 1235 1014 fuerat,
1270 953 1518 1017 postulavit
1548 971 1558 999 :
1609 953 1649 980 2²³
1684 952 2009 1016 peraetumque
2042 969 2169 1001 reum
2197 955 2376 1019 judicio

375 1035 535 1082 afflixit
557 1070 572 1096 ,
618 1036 667 1082 ἃ.
698 1037 933 1099 ingenium
969 1037 1018 1082 ὃς
1049 1036 1392 1083 adolescentiam
1427 1034 1654 1099 praeclaro
1687 1051 1825 1098 opere
1859 1034 2124 1099 auspicatus.

249 1134 280 1169 ς.
441 1114 582 1177 Apud
630 1120 674 1151 ²9
721 1113 778 1159 C.
821 1128 1005 1175 quoque
1046 1115 1322 1161 Flaminium
1372 1121 1416 1150 30
1449 1113 1689 1160 auctoritas
1725 1114 1867 1176 patria
1901 1129 2041 1177 aeque
2077 1128 2239 1178 potens
2274 1116 2376 1164 fuit.

159 1169 337 1248 &rudici
380 1196 507 1242 Nam
555 1208 662 1240 cum
710 1192 917 1239 tribunus
962 1192 1022 1256 pl.
1071 1193 1220 1257 legem
1267 1192 1323 1238 de
1359 1192 1542 1239 Gallico
1577 1207 1689 1255 agro
1721 1193 1896 1240 viritim
1931 1194 2214 1255 dividendo,
2260 1198 2376 1245 invi-

163 1255 212 1325 {i}
234 1257 358 1326 ἓνὲν.
2327 1289 2378 1324 to

162 1340 271 1370 Bruto.

430 1433 487 1466 24.
518 1421 573 1457 M.
600 1417 717 1468 Cotta]
747 1418 858 1457 Multi
874 1419 984 1457 MSS.
1012 1420 1122 1458 Cot‘la.
1143 1419 1241 1458 Vide
1265 1420 1349 1458 Nic.
1402 1417 1507 1457 Med.
1534 1417 1603 1456 sec.
1623 1417 1904 1467 protraetumque.
1923 1417 2039 1457 Periz.
2065 1420 2282 1471 traaumque.
2317 1422 2379 1459 De

381 1471 520 1509 Lo'e'ns.
549 1471 723 1519 Epiphyl.
745 1471 789 1507 L.
818 1483 870 1507 VI.
901 1483 959 1508 zo.
1397 1469 1592 1520 protrahere
1614 1472 1652 1507 δε
1668 1469 1858 1518 pertrahere
1880 1469 2039 1507 vidimus
2059 1471 2104 1508 ad
2128 1473 2171 1510 L.
2207 1486 2236 1510 1.
2267 1487 2295 1512 1.
2317 1485 2379 1513 21.

428 1535 488 1570 25.
518 1523 563 1557 Eo
583 1523 649 1570 ipſso
665 1520 717 1557 die
731 1536 815 1571 ‚quo
829 1533 939 1571 togam
953 1522 1091 1571 sumpsit
1103 1521 1255 1571 virilem]
1271 1522 1351 1559 An·
1403 1522 1463 1559 hic
1483 1532 1576 1559 vero
1601 1520 1754 1557 dubitari
1780 1532 1859 1558 non
1887 1521 2026 1568 potest,
2053 1534 2170 1571 quum
2201 1524 2299 1562 reue
2319 1525 2380 1562 Pi-

382 1585 435 1610 no
456 1573 581 1609 aetatis
602 1572 726 1609 XVII.
755 1573 974 1610 Suniebatur
994 1582 1119 1610 autem
1137 1574 1176 1610 in
1199 1573 1353 1622 Capito·
1405 1573 1509 1622 ghius
1540 1571 1733 1608 restituerit
1762 1571 2007 1622 Perafiumque.
2044 1573 2091 1611 L.
2116 1586 2169 1612 VI.
2196 1587 2229 1612 z.
2256 1588 2290 1622 4.
2317 1579 2382 1613 Ee·-

382 1624 435 1661 lio
457 1622 619 1671 depofita
640 1624 1040 1672 praetexta.VORST.
1069 1623 1166 1661 Suet.
1190 1625 1227 1661 in
1241 1625 1353 1662 Clau-

386 1674 450 1711 dio
474 1685 504 1711 C.
531 1687 564 1711 2.
591 1678 632 1709 Et
653 1686 750 1724 togae
769 1676 883 1711 ‘virilis
911 1673 987 1718 die,
1013 1677 1097 1710 circa
1128 1673 1268 1711 mediam
1294 1689 1355 1710 no-

387 1725 489 1768 Hem,
508 1726 579 1773 fine
591 1726 720 1772 Jblenm'
739 1725 862 1770 (fficio,
890 1726 999 1760 leffica
1022 1728 1058 1760 in
1078 1726 1280 1773 Capitolium
1302 1727 1355 1760 Ia-

390 1786 445 1812 tus
461 1779 515 1822 cst.
570 1775 640 1812 Sed
669 1775 913 1812 sumebant&
931 1775 1035 1820 aiibi,
1062 1775 1100 1811 in
1128 1774 1209 1822 ipsis
1243 1776 1356 1813 etiam

394 1826 601 1873 municipiis
631 1827 669 1863 &
697 1826 907 1875 provinciis.
934 1826 1032 1863 Vide
1054 1825 1132 1863 Cic.
1160 1826 1206 1863 L.
1233 1838 1285 1864 xx.
1313 1825 1358 1863 ad

362 1886 368 1891 ·
397 1879 476 1914 Att.
504 1877 571 1924 Ep.
599 1877 633 1913 6.
666 1878 704 1915 δί
732 1877 778 1914 L.
807 1890 841 1914 v.
870 1876 937 1924 Ep.
967 1889 1024 1914 zo.

444 1928 504 1964 26.
532 1929 685 1964 Protinus
719 1939 758 1963 ut
787 1942 803 1962 e
832 1929 998 1976 Capitolio
1036 1925 1215 1976 descendit]
1253 1925 1361 1964 Leid.

398 1986 568 2028 quatuor.
596 1985 647 2019 αἱ
667 1979 842 2027 Capitolio.

446 2041 503 2075 27.
531 2032 566 2066 C.
577 2029 754 2065 Carbonem
775 2027 796 2064 Σι
816 2043 879 2079 quo
894 2038 992 2078 pater
1011 2034 1079 2076 ejus
1099 2027 1275 2065 damnatus
1286 2029 1364 2073 fue-

400 2080 473 2128 rat]
507 2079 547 2115 In
572 2079 821 2127 manuscriptis
841 2080 1012 2116 omnibus
1031 2082 1091 2116 Cn.
1117 2080 1222 2116 Carbo
1251 2090 1365 2115 voca-

405 2138 485 2173 tur,
514 2131 550 2166 δε
569 2143 611 2167 ex
629 2139 845 2179 temporum
863 2131 1006 2167 ratione
1028 2130 1173 2167 videtur
1191 2130 1283 2167 filius
1303 2132 1363 2166 Cn.

406 2180 565 2217 Carbonis
587 2190 641 2218 ter
658 2181 821 2218 consulis.
852 2199 854 2201 >
875 2182 916 2218 In
938 2182 1071 2218 Dionis
1096 2190 1223 2218 tamen
1241 2193 1369 2217 xxxvi.

408 2234 446 2268 C.
474 2230 577 2267 Carbo
595 2233 741 2280 legitur,
768 2232 827 2269 sed
848 2231 969 2268 fallere
990 2233 1106 2280 potest
1122 2233 1195 2269 hoc
1218 2232 1368 2268 unicum

411 2282 596 2329 exemplar
625 2284 661 2319 in
685 2284 971 2331 praenominum
995 2284 1113 2327 notis,
1142 2291 1252 2333 atque
1282 2282 1370 2320 ideo

411 2333 616 2370 multorum
645 2333 834 2370 consensus
871 2335 1044 2382 praeferri
1081 2334 1198 2371 debet.
1234 2333 1375 2370 PIGH.

412 2383 519 2421 MSS.
555 2383 837 2432 quatuordecim
866 2394 928 2421 aut
958 2388 1084 2420 Gneum
1107 2413 1116 2427 ‚
1165 2392 1226 2422 aut
1256 2387 1376 2420 Cneum

415 2434 598 2471 exhibent.
635 2434 766 2481 Copes.
793 2436 835 2469 G.
863 2434 923 2470 sed
950 2438 1070 2470 Cneum
1100 2435 1236 2471 habent
1264 2435 1376 2471 etiam

416 2485 487 2522 Ed.
513 2486 620 2532 Mog.
647 2485 745 2520 Ven.
773 2482 928 2520 Mediol.
956 2485 1099 2520 Ascens.

466 2535 528 2573 28.
564 2535 837 2584 Protraelumque
876 2549 965 2570 reum
1001 2533 1125 2581 juditio
1154 2533 1296 2583 afflixit]
1336 2535 1379 2572 In

421 2585 619 2635 Campensi
642 2587 884 2634 peractumque.
912 2583 1038 2621 Reue.
1066 2585 1252 2631 Peragitur
1276 2597 1380 2622 nam-

421 2650 495 2687 que
515 2649 594 2674 reus
614 2648 697 2674 cum
724 2636 875 2674 tandem
898 2635 1103 2672 damnatur.
1155 2636 1202 2671 Et
1230 2643 1269 2671 ut
1297 2648 1382 2673 cen-

421 2690 472 2726 set
489 2688 620 2725 Paulus
640 2688 749 2734 JCtus
763 2716 773 2731 ,
796 2684 975 2724 Destitiffe
1003 2686 1030 2723 is
1050 2685 1217 2725 videtur,
1244 2687 1307 2734 qui
1328 2687 1383 2723 in-

423 2748 479 2777 tra
510 2739 702 2775 definitum
729 2738 966 2775 accusationis
994 2749 1014 2773 a
1046 2736 1206 2784 praefide
1237 2745 1382 2786 tempus

428 2801 533 2826 reum
556 2789 658 2825 suum
679 2801 756 2826 non
774 2789 962 2838 peregerit.
1013 2788 1070 2824 Sic
1090 2788 1217 2824 Livius
1245 2787 1302 2824 lib.
1331 2800 1384 2824 iv.

431 2845 500 2877 Vos
520 2851 627 2874 autem
640 2841 670 2886 fi
690 2855 779 2876 reum
794 2850 916 2890 perago
931 2867 940 2883 ‚
968 2837 1050 2888 quid
1066 2839 1171 2874 aeluri
1191 2838 1292 2886 estis?
1316 2839 1385 2875 Vi—

429 2890 474 2927 de
493 2889 694 2927 Budaeum.
722 2891 861 2928 PIGH.
887 2890 977 2927 Fere
1006 2901 1135 2926 omnes
1165 2888 1268 2925 MSS.
1298 2900 1384 2926 cum

429 2941 526 2979 Edit.
561 2941 800 2980 vetustissimis
826 2942 964 2980 habent
994 2940 1262 2990 PertraHumque
1286 2955 1387 2979 reum.

1408 1638 1480 1661 rum
1500 1624 1644 1658 alterum
1667 1625 1736 1672 Iege
1750 1625 1890 1673 peregit.

1436 1686 1498 1721 29.
1510 1677 1547 1710 C.
1560 1674 1780 1722 Flaminium]
1797 1672 1983 1710 Eumdem
1996 1673 2099 1709 illum
2113 1674 2175 1723 qui
2189 1676 2314 1713 consul
2326 1688 2385 1714 ce-

1412 1724 1498 1761 cidit
1510 1724 1555 1761 ad
1566 1724 1687 1761 lacum
1700 1724 2002 1762 Thrafimenum.
2018 1723 2096 1760 Cic.
2107 1725 2144 1760 in
2155 1724 2270 1764 Bruto
2283 1738 2311 1763 c.
2328 1740 2382 1775 14

1462 1786 1522 1824 30.
1544 1776 1756 1815 dutfloritas
1792 1773 1927 1824 patria]
1964 1774 2067 1811 Harl.
2100 1785 2252 1823 paterna.
2300 1786 2382 1816 tum

1413 1825 1521 1862 MSS.
1554 1824 1686 1863 decern
1713 1828 1751 1863 &
1771 1825 1839 1863 Ed.
1868 1826 1975 1873 Mog.
2000 1824 2173 1874 adversum
2193 1830 2241 1876 se.
2267 1827 2384 1868 Periz.

1413 1877 1591 1925 constristo.

1446 1940 1523 1977 31.
1553 1931 1671 1977 Legem
1693 1931 1767 1975 jam
1786 1926 1940 1972 referenti
1963 1934 2061 1974 pater
2091 1941 2224 1964 manum
2253 1930 2385 1980 injecit]

1415 1979 1562 2026 Legem
1585 1979 1630 2014 de
1649 1989 1738 2025 agro
1758 1976 1902 2020 Gallico
1922 1976 2060 2014 viritim
2082 1977 2286 2017 dividendo
2308 1981 2400 2019 Fla--

1418 2029 1552 2066 minius
1573 2029 1646 2077 jam
1668 2035 1753 2065 ante
1774 2027 1916 2064 tulerat.
1953 2027 2052 2065 Cum
2072 2038 2197 2067 autem
2223 2043 2306 2069 eam
2329 2044 2389 2069 re-

1417 2080 1549 2124 ferret,
1575 2088 1677 2128 pater
1699 2079 1733 2115 ci
1754 2090 1908 2115 manum
1926 2078 2073 2127 injecit,
2101 2079 2138 2116 id
2158 2081 2228 2126 est,
2255 2083 2387 2120 aueto-

1418 2131 1524 2168 ritate
1542 2131 1603 2168 sua
1621 2142 1709 2167 eum
1730 2128 1901 2173 adduxit,
1923 2138 1963 2166 ut
1982 2129 2002 2167 a
2020 2130 2100 2178 lege
2121 2131 2244 2170 denuo
2266 2134 2389 2171 feren·

1420 2180 1464 2218 da
1492 2181 1683 2218 desisteret.
1737 2183 1888 2216 Manum
1914 2182 2046 2228 injicere
2074 2180 2205 2220 dicitur
2233 2184 2262 2221 is
2293 2196 2389 2234 quo-

1421 2244 1494 2280 que
1506 2233 1570 2282 qui
1590 2244 1668 2269 non
1689 2239 1879 2268 externam
1893 2231 1971 2268 vim
1989 2232 2123 2276 infert,
2136 2233 2195 2271 sed
2216 2235 2384 2274 animum

1422 2281 1560 2321 flectit(
1598 2283 1733 2319 Cicero
1753 2294 1821 2329 pro
1844 2284 1894 2330 Q.
1918 2283 2026 2319 Rosc.
2051 2286 2124 2331 Ipsa
2154 2284 2235 2320 mihi
2261 2289 2392 2323 veritas

1426 2349 1558 2370 manum
1574 2336 1704 2382 injecit,
1732 2342 1777 2368 <9¹
1794 2334 1962 2382 paulisper
1979 2334 2141 2381 confistere
2161 2343 2393 2374 &commora-

1426 2387 1457 2420 ri
1474 2387 1591 2436 co'e'git.
1643 2384 1715 2421 Sed
1735 2396 1777 2420 ea
1798 2383 2012 2432 fignificatio
2032 2384 2185 2433 figurata
2204 2387 2260 2424 est.
2301 2388 2393 2426 Pro-

1429 2437 1505 2483 pria
1527 2445 1674 2484 apparet
1703 2436 1797 2472 infra
1818 2447 1870 2471 vi.
1898 2448 1930 2472 2.
1958 2448 1992 2472 2.
2018 2447 2056 2471 ut
2085 2439 2185 2473 etiam
2213 2442 2251 2474 L.
2282 2440 2393 2487 Craffi,

1429 2501 1560 2524 manum
1581 2488 1672 2536 injici
1686 2485 1834 2533 juberet,
1847 2497 1910 2534 per
1930 2485 2077 2523 lictores
2096 2489 2395 2535 puta.VORST.

1432 2538 1567 2575 Nescio
1595 2536 1685 2586 quid
1713 2549 1777 2584 per
1797 2538 1898 2587 legem
1920 2539 2030 2583 ferre,
2053 2538 2091 2574 &
2109 2541 2229 2585 referre
2252 2540 2314 2577 seu
2341 2540 2394 2578 de‘

1432 2602 1493 2623 nuo
1514 2591 1604 2635 ferre
1622 2588 1842 2625 intellexerit
1862 2587 2038 2625 Vorstius.
2051 2599 2096 2624 an
2116 2589 2153 2625 id
2172 2590 2250 2627 vult
2264 2591 2336 2635 ,bis
2353 2591 2394 2628 il-

1432 2638 1508 2675 lum
1533 2638 1703 2676 eamdem
1721 2639 1842 2686 legem
1862 2637 2004 2675 tulisse?
2027 2637 2073 2675 fic
2093 2639 2245 2677 videtur.
2261 2644 2390 2687 Quum

1434 2689 1602 2727 Valerius
1619 2698 1763 2727 tantum
1783 2688 1935 2733 dixerit,
1961 2701 2047 2726 eum
2076 2690 2320 2739 promulgasse
2339 2691 2392 2728 le-

1433 2749 1518 2786 gem
1546 2740 1585 2777 id
1609 2740 1657 2777 est
1688 2752 1795 2777 more
1825 2740 1932 2777 solito
1962 2739 2106 2788 publice
2132 2743 2290 2789 primum
2329 2754 2393 2790 per

1433 2790 1686 2827 trinundinum
1726 2790 1986 2839 inspiciendam
2025 2791 2395 2842 cognoscendamque

1437 2851 1518 2876 eam
1540 2839 1785 2889 proposuisse,
1811 2850 1852 2878 ut
1881 2841 2036 2884 deinde,
2064 2853 2148 2879 cum
2179 2842 2303 2879 aderat
2333 2854 2396 2880 co-

1438 2891 1629 2928 mitiorum
1651 2891 1725 2928 dies
1745 2892 1926 2940 populum
1946 2900 2113 2940 rogaret,
2141 2904 2184 2929 an
2208 2892 2319 2928 vellet
2333 2894 2397 2941 ju·-

1436 2940 1614 2992 beretque
1632 2953 1715 2980 eam
1735 2943 1855 2991 legem
1878 2951 1993 2980 ratam
2013 2940 2094 2980 effe.
2144 2942 2187 2980 Id
2217 2941 2318 2991 quod
2337 2943 2398 2979 hie

2333 3005 2403 3032 VO⁶
