2387 3421
592 116 1796 183 PRAEFATIO.

78 259 159 312 nia
188 291 203 318 ‚
254 243 485 306 oriundus
506 247 562 302 de
591 247 784 301 Golano
815 247 959 318 istum
986 244 1240 300 Valerium
1266 244 1559 299 Maximum
1585 247 1791 320 Paristz's
1816 249 1999 325 sbripfi'.
2077 253 2154 308 Et
2184 260 2313 313 ince-

72 342 212 403 ptum
242 330 293 379 z'n
323 324 501 397 vzgz‘lz‘a
534 320 835 393 Pentecostes
867 359 883 383 ,
920 325 970 375 m
993 317 1167 392 vzgzlz'a
1193 319 1245 372 S.
1278 319 1544 374 Laurento·
1574 326 1907 394 consummavi
1934 330 1984 382 z'n
2008 327 2311 404 hortorefhn-

76 403 181 457 ‹ii‘oe
210 399 466 456 Trinitatis
491 397 554 456 ἔγ
588 401 736 449 totius
767 398 928 450 curiae
960 392 1168 464 coelestis.
1211 394 1393 447 Amen.

150 475 212 529 B.
246 494 292 527 2.
336 469 953 525 Secundusssituricenfis
986 472 1157 522 codex
1176 466 1325 520 litera
1354 467 1538 539 majori
1572 473 1619 520 δε
1652 467 1999 540 eleganti‚sed
2029 481 2306 552 corruptis-

78 549 201 602 sime
229 548 482 619 scriptuS,
523 543 773 596 volumen
803 542 999 596 vastum
1022 580 1036 605 ,
1079 557 1250 595 tamen
1283 559 1387 594 non
1421 543 1597 613 magni
1631 546 1811 614 pretii:
1853 562 2029 602 manus
2053 553 2160 623 ipsa
2197 554 2307 608 val-

79 624 145 676 de
175 641 378 675 recens:
414 620 584 672 deerat
615 618 769 670 initio
798 612 958 669 unum
992 614 1201 668 folium.
1256 613 1536 668 Definebat
1563 614 1731 669 statim
1761 617 1893 670 libro
1921 638 2094 684 nont),
2136 646 2306 699 neque

77 697 150 748 ibi
180 696 522 766 reperiebatur
549 691 838 761 capitulum
871 690 938 742 de
965 692 1300 759 praenomine
1326 707 1389 742 ex
1421 690 1555 742 libro
1572 691 1796 743 decimo.
1840 692 2139 749 Habuimus
2164 700 2306 757 hune

80 769 272 821 librum
301 786 364 821 ex
396 764 722 817 Bibliotheca
750 768 793 815 S.
830 764 1018 815 Sacelli
1051 761 1414 824 bituricensis,
1454 763 1540 815 sed
1569 779 1771 816 tantum
1798 764 2134 834 inspeximus.

152 841 210 894 C.
252 841 428 893 Remis
452 853 595 889 extat
623 845 672 888 in
705 835 1035 888 Bibliotheca
1051 836 1451 888 Canonicorum
1478 837 1736 890 Ecclesiae
1752 838 2095 894 Cathedralis.
2136 843 2303 899 Volu.

5 972 9 973 ἶ
80 934 196 968 men
227 916 277 966 in
305 912 626 974 membrana,
664 908 755 960 fol.
791 924 945 960 manu
975 910 1165 960 recenti
1199 908 1463 979 scriptum.
1510 911 1668 962 Erant
1697 914 1748 963 in
1781 911 1882 965 hoc
1912 914 2068 965 etiam
2102 930 2306 971 tantum

79 1002 300 1059 quatuor
324 985 478 1056 primi
508 983 620 1034 libri
648 999 768 1034 cum
800 982 988 1034 eodem
1018 984 1398 1034 commentario
1420 1019 1436 1044 ‚
1476 985 1527 1034 &
1553 983 1704 1053 plane
1736 988 2077 1040 conveniebat
2102 1009 2221 1044 cum
2250 994 2307 1046 il-

77 1064 132 1113 lo
172 1059 335 1112 altero
368 1057 575 1110 Codice
617 1055 978 1122 Bibliothecae
1015 1055 1356 1127 Remigianae
1381 1092 1398 1118 ‚
1457 1071 1513 1108 ut
1541 1058 1757 1109 alterum
1807 1076 1872 1110 ex
1919 1061 2081 1114 altero
2118 1065 2306 1119 descri-

80 1151 227 1206 ptum
262 1146 526 1202 appareret
550 1168 562 1191 ,
600 1128 805 1181 fortasse
835 1131 1013 1182 eadem
1045 1146 1200 1181 manu
1223 1166 1236 1189 ‚
1276 1148 1391 1181 nam
1427 1130 1570 1183 litera
1600 1130 1727 1183 nihil
1759 1131 2046 1187 differebat.

149 1205 222 1258 D.
268 1206 428 1257 Hunc
458 1204 730 1256 habuimus
761 1220 824 1254 ex
860 1201 1188 1255 Bibliotheca
1219 1204 1269 1255 S.
1303 1203 1538 1276 Dionysii
1573 1204 1846 1258 Remenfis
1868 1243 1883 1268 ‚
1926 1226 2059 1278 quae
2090 1209 2162 1263 est
2195 1212 2303 1267 Ca-

77 1270 384 1333 nonicorum
422 1277 778 1349 Regulariumz
865 1276 989 1347 Ejus
1033 1276 1243 1346 copiam
1289 1278 1440 1329 nobis
1491 1275 1617 1331 fecit
1659 1278 1885 1350 Joannes
1927 1284 2305 1354 Bra-gaelonne‚

74 1355 278 1424 juvenis
302 1354 466 1405 domo
496 1356 547 1403 &
572 1351 867 1404 eruditione
909 1348 1239 1420 conspicuus.
1320 1349 1582 1404 Codicem
1612 1352 1808 1406 Valerii
1853 1372 2023 1425 neque
2052 1356 2177 1410 dum
2224 1361 2298 1414 fa..

75 1427 177 1480 cile
203 1428 465 1479 meliorem
504 1426 615 1478 vidi
646 1460 662 1485 ,
715 1421 798 1477 sed
828 1427 1079 1495 temporis
1108 1424 1285 1494 inopia
1319 1438 1490 1478 totum
1519 1424 1755 1478 conferre
1788 1446 1888 1480 non
1921 1428 2086 1482 licuit.
2162 1434 2300 1486 Scri-

77 1516 196 1570 ptus
229 1514 332 1552 erat
360 1502 408 1551 in
444 1500 736 1551 membrana
763 1535 776 1558 ‚
826 1522 875 1568 4.
922 1515 1077 1550 manu
1107 1496 1222 1551 satis
1248 1499 1382 1551 bona
1413 1533 1431 1562 ,
1486 1518 1620 1571 quae
1661 1514 2011 1555 trecentorum
2044 1522 2301 1560 annorum

74 1590 290 1626 aetatem
324 1591 443 1643 prae
477 1573 523 1623 se
553 1572 758 1624 ferebat.

143 1645 195 1700 F.
235 1668 270 1699 1.
322 1647 514 1699 Codex
549 1647 596 1697 in
635 1643 773 1696 folio
822 1645 1241 1698 membranaceus
1269 1662 1333 1698 ex
1369 1643 1702 1698 Bibliotheca
1736 1645 2140 1702 Eminentiffimi
2172 1649 2300 1706 Car-

73 1720 259 1773 dinalis
290 1717 547 1772 Francisci
584 1718 845 1771 Barberini
873 1717 965 1769 sub
994 1736 1132 1770 num.
1170 1724 1323 1785 1956.
1364 1721 1597 1790 Scriptus
1624 1735 1727 1772 erat
1749 1719 1896 1774 litera
1926 1722 2149 1776 craffiori
2176 1759 2193 1786 ‚
2243 1729 2297 1778 &

73 1793 190 1846 satis
221 1791 382 1854 clara,
419 1809 743 1861 aetatemque
775 1792 1047 1844 videbatur
1077 1810 1195 1861 prae
1230 1791 1278 1844 se
1309 1791 1438 1845 ferre
1464 1808 1812 1846 trecentorum
1842 1813 2111 1849 annorum.
2185 1798 2298 1852 Ha-

72 1868 222 1920 bebat
251 1868 300 1917 in
338 1868 562 1938 margine
587 1865 970 1936 explicationes
1013 1869 1064 1918 ὃς
1105 1865 1290 1939 glossas
1316 1907 1328 1927 ‚
1388 1868 1477 1920 ubi
1509 1868 1764 1939 quaedam
1803 1887 1907 1922 non
1938 1869 2141 1942 prorsus
2173 1888 2297 1926 con-

69 1938 360 1993 temnenda.

141 2012 194 2065 F.
227 2033 270 2065 z.
312 2012 506 2065 Codex
550 2012 966 2067 membranaceus
1008 2014 1060 2066 in
1104 2011 1196 2066 fol.
1222 2032 1286 2067 ex
1312 2015 1491 2068 eadem
1523 2014 1852 2068 Bibliotheca
1888 2015 2292 2073 Eminentiffimi

74 2085 366 2139 Cardinalis
397 2084 658 2138 Francisci
691 2085 953 2140 Barberini
981 2086 1072 2140 sub
1105 2106 1152 2139 n.
1192 2104 1350 2156 1955.
1397 2091 1632 2158 Scriptus
1656 2089 1798 2142 litera
1841 2091 2092 2144 mediocri
2133 2096 2185 2143 &
2212 2111 2291 2146 ro-

74 2159 305 2212 tundiori
333 2195 349 2220 ,
401 2157 626 2229 ejusdem
658 2162 1046 2232 propemodum
1079 2166 1255 2215 aetatis
1287 2180 1407 2215 cum
1447 2160 1707 2233 superiori.
1786 2161 2046 2219 Gloffulas
2070 2163 2290 2219 habebat:

74 2233 447 2294 interlineareS,
485 2231 567 2284 sed
603 2234 766 2286 nullas
795 2234 1115 2304 marginales.

145 2305 208 2356 G.
254 2305 446 2356 Codex
481 2303 738 2356 Ecclesiae
767 2306 1098 2358 Cathedralis
1142 2306 1494 2359 Harlemenfis
1528 2346 1544 2371 ,
1597 2325 1754 2378 quem
1785 2307 2107 2382 designamus
2139 2309 2285 2366 litera

74 2378 143 2431 G.
175 2377 299 2448 quia
327 2375 470 2429 usum
496 2393 603 2445 ejus
634 2376 780 2429 nobis
809 2380 1116 2447 procuravit
1152 2379 1344 2430 V.CL.
1377 2380 1596 2450 joannes
1629 2381 1932 2437 Fredericus
1960 2383 2279 2437 Gronovius.

73 2451 311 2520 Scriptus
335 2450 384 2501 in
418 2447 506 2500 fol.
538 2467 827 2522 pergamen.
856 2450 1012 2504 literis
1034 2452 1332 2523 aequalibus
1367 2456 1419 2504 δε
1447 2455 1644 2508 nitidis.
1688 2456 1815 2509 Prae
1838 2455 1884 2508 se
1916 2456 2105 2509 ferebat
2126 2477 2288 2514 annos

72 2542 237 2596 prope
267 2523 595 2592 quingentos.
679 2525 894 2576 Latebat
931 2524 1166 2578 Valerius
1196 2528 1326 2579 inter
1361 2529 1499 2580 varia
1528 2527 1783 2599 opuscula
1808 2528 1947 2581 istius
1981 2534 2286 2594 voluminis,

74 2598 323 2650 videlicet
353 2594 441 2648 ista
468 2616 479 2648 :
528 2614 567 2647 1.
607 2595 754 2648 Liber
777 2596 834 2650 de
859 2598 984 2650 vitis
1008 2596 1405 2672 th'lofhphorum
1435 2603 1569 2672 cujus
1597 2602 1716 2657 haec
1743 2602 1961 2674 z'nftrz'pto
1994 2622 2005 2654 ε
2046 2602 2195 2656 Liber
2227 2602 2284 2658 de

69 2673 183 2723 vita
213 2686 269 2721 oc
291 2669 495 2722 moribus
524 2667 915 2741 Philosophorum
955 2671 1312 2746 Poetarumque
1350 2685 1575 2728 veterum
1617 2694 1679 2730 ex
1704 2675 1866 2729 maslfz's
1893 2675 2026 2729 libris
2061 2678 2252 2730 troc‘z‘us
2271 2716 2287 2742 ,

74 2761 158 2797 nec
185 2760 276 2796 non
308 2741 523 2797 breviter
551 2743 615 2804 όν
653 2744 957 2817 compendioso
996 2759 1081 2817 per
1113 2746 1438 2801 venerabilem
1476 2752 1648 2802 virum
1677 2751 1754 2803 M.
1780 2748 2059 2804 Walterom
2107 2749 2283 2826 Rnrley

73 2816 351 2887 compclatus
374 2818 540 2888 incipit
575 2813 792 2886 feliciter.
874 2838 920 2872 2.
960 2818 1154 2892 Eusehz't'
1200 2820 1468 2876 Chronicon
1512 2822 1874 2894 Hieronymmn.
1958 2841 2002 2890 ς.
2042 2821 2284 2898 Hierony-

73 2893 140 2942 mi
164 2890 277 2943 leber
315 2889 372 2943 de
403 2892 537 2943 Viris
578 2887 844 2961 illustribus.
921 2912 972 2964 4.
1018 2892 1241 2949 Valerius
1274 2895 1552 2949 Maximus.
1626 2913 1674 2962 5.
1715 2897 1915 2951 Senecae
1944 2894 2181 2968 Epssolae
2216 2898 2283 2953 od

70 2961 296 3017 Paulum.
371 2962 604 3036 Ejusdem
642 2964 698 3018 de
726 2962 816 3019 IV.
855 2966 1128 3021 virtutibus
1154 2967 1220 3022 ad
1246 2968 1481 3024 Paulum.
1565 2968 1800 3043 Ejrffdem
1844 2972 2067 3042 detcopz'o
2110 2971 2284 3025 verbo-

68 3052 193 3093 rum.
267 3035 502 3110 Ejusdem
523 3037 581 3093 de
605 3048 759 3095 morte
786 3037 980 3095 Claudii
1006 3041 1240 3116 Caesaris.
1316 3043 1556 3119 Ejusdem
1571 3043 1834 3118 proverbla
1855 3041 1922 3097 ad
1944 3044 2157 3099 ordinem
2183 3044 2285 3170 {Z-

1531 3136 1559 3171 2
2159 3131 2202 3192 p
2234 3134 2288 3171 o-
