2516 3509
3 3036 9 3119 l

271 105 409 163 DE
485 101 861 161 RATIS
940 100 1897 161 TESTAMENTIS.

109 208 233 259 bulas
266 205 640 254 testamentorum
674 200 857 248 suorum
892 202 940 248 in
973 201 1169 249 comitio
1204 198 1387 260 incisim,
1426 197 1470 229 ¹⁶
1492 196 1647 251 habita
1680 203 1914 269 utriusque
1949 205 2119 256 ordinis

109 291 306 341 maxima
339 286 627 350 frequentia,
671 284 930 342 recitaffet3
978 286 1026 332 in
1070 283 1236 348 quibus
1281 300 1445 349 magna
1485 300 1542 332 ex
1576 300 1704 350 parte
1738 288 1865 335 heres
1906 296 1946 329 ¹7
1981 290 2118 349 frater

110 386 205 420 erat
239 370 428 434 scriptus
447 402 462 428 ‚
503 368 935 432 praelegabaturque
968 369 1009 413 ei
1043 367 1212 414 centies
1248 365 1298 413 o&
1333 367 1630 431 quinquagies
1664 369 1947 419 sestertium:
1996 374 2115 420 mul-

2013 107 2120 181 691

114 468 214 500 tum
249 469 299 499 ac
334 450 414 496 diu
449 450 567 497 inter
610 449 892 496 ass'entientes
936 448 1241 514 indignationi
1286 446 1385 494 suae
1429 449 1598 495 amicos
1647 444 1853 514 questus,
1897 454 2021 516 quod
2059 456 2114 502 ad

116 532 264 581 hastae
294 529 524 596 judicium
558 530 745 576 attinuit
768 564 807 589 ‚,
841 530 1009 576 cineres
1045 528 1190 576 fratris
1225 527 1403 591 quietos
1439 528 1524 575 effe
1559 529 1700 593 passus
1732 530 1812 579 est.
1889 534 1954 580 Et
1987 550 2110 582 erant

113 613 169 660 ab
203 627 260 659 eo
294 610 489 658 instituti
529 609 739 670 heredes,
797 606 839 636 ²3
873 624 1029 672 ‚neque
1063 609 1278 673 sanguine
1310 609 1459 673 patrio
1495 625 1656 674 pares,
1703 621 1850 674 neque
1884 615 2109 676 proximi3

119 697 163 729 ¹9
197 692 271 740 sed
304 692 353 739 &
387 693 518 741 alieni
555 693 602 740 δί
637 693 828 740 humiles
855 711 864 740 :
913 706 965 740 ut
997 710 1092 740 non
1123 693 1270 740 solum
1316 699 1361 720 20
1397 693 1674 757 flagitiosum
1722 694 1949 742 silentium
1971 731 1988 756 ,
2039 696 2111 744 sed

116 774 253 821 etiam
287 772 865 838 praelatiossontumeliosa
902 774 1041 821 videri
1078 774 1237 837 poffet.

185 862 225 882 ²¹
264 856 424 919 Aeque
469 855 610 903 felicis
656 857 938 920 impunitatis
961 891 975 915 ‚
1021 855 1092 902 sed
1134 856 1284 903 nescio
1328 872 1383 902 an
1418 858 1616 904 tetrioris
1650 858 1760 904 haec
1794 858 1946 907 delicti
1983 861 2113 908 testa-

121 947 285 981 menta.
319 935 394 994 Q
419 935 644 983 Caecilius
679 937 737 982 L.
774 936 963 983 Luculli
998 935 1336 1000 promptiffimo
1373 935 1522 982 studio
1545 971 1560 995 ‚
1603 938 1888 1002 maximaque
1922 940 2112 987 liberali-

118 1027 236 1075 tate,
269 1015 318 1062 ὃς
352 1016 593 1063 honestum
627 1017 861 1082 dignitatis
892 1017 1114 1081 gradum,
1159 1017 1207 1064 δε
1243 1017 1561 1082 ampliffimum
1595 1020 1925 1083 patrimonium
1961 1022 2113 1069 conse-

120 1109 282 1155 cutus,
317 1112 424 1143 cum
449 1113 554 1162 prae
587 1096 628 1143 se
661 1097 834 1161 semper
868 1098 1064 1156 tulisset,
1099 1115 1243 1145 unum
1278 1100 1407 1145 illum
1443 1098 1524 1146 fibi
1559 1099 1644 1145 effe
1679 1101 1922 1159 heredem3
1950 1109 1990 1129 ²²
2017 1120 2113 1151 ino-

120 1173 236 1220 riens
278 1176 416 1222 etiam
456 1175 642 1223 annulos
685 1177 727 1221 ei
771 1175 869 1223 suos
911 1175 1189 1223 tradidisset:
1247 1177 1560 1242 Pomponium
1597 1178 1811 1226 Atticum
1847 1179 2114 1229 testamento
2136 1174 2333 1247 }2·A“·¹¹¹·

173 1385 290 1419 Dolus
308 1383 464 1433 ‘vulpibus
479 1387 619 1435 &fuga
638 1384 755 1422 cervis.

173 1438 234 1474 ,κί’
244 1434 398 1484 patribus
414 1434 516 1472 datur
528 1462 539 1479 ‚
567 1444 614 1472 (9¹
623 1437 759 1485 patrius
775 1446 885 1486 pavor
903 1438 1024 1476 incitat
1042 1449 1098 1473 ar-

306 1497 372 1523 tus.
396 1485 539 1523 PIGH.

126 1535 249 1584 Neque
268 1537 436 1588 sanguine
460 1539 584 1586 patrio.
611 1537 693 1574 Lib·
722 1537 821 1576 Dan.
846 1540 1016 1588 Jhnguine
1038 1549 1100 1587 pa-

123 1588 221 1636 gina.
246 1587 461 1625 Mostellum
482 1588 598 1625 verbi.
623 1588 824 1636 legendum
855 1589 1098 1626 crediderim:

117 1640 290 1688 sanguine
322 1639 487 1688 Rhegino.
538 1638 737 1689 Adscripfit
766 1640 894 1690 aliquis
921 1640 967 1677 ad
994 1650 1098 1677 oram

126 1687 217 1725 illud
241 1690 366 1738 patrio.
402 1689 597 1728 COLER.
644 1694 762 1741 Neque
785 1692 954 1740 fimguine
986 1693 1102 1740 patrio

121 1749 235 1788 pares.
260 1741 380 1776 Patrio
401 1740 576 1789 rescripsit
593 1734 741 1790 Pighius
761 1753 804 1779 ex
826 1740 967 1791 aliquot
988 1740 1098 1779 codd.

129 1800 217 1827 cum
245 1789 361 1828 Aldus
394 1794 433 1830 ὃς
451 1792 776 1842 Chalcocondyles
805 1791 994 1830 edidiffent
1014 1796 1097 1839 san-

120 1842 227 1890 guine
244 1842 402 1892 Rbegmo.
437 1845 559 1880 Patrio
578 1856 672 1881 unus
689 1856 842 1894 quoque
861 1843 944 1881 cod.
963 1843 1097 1881 Brand.

127 1891 251 1929 habet.
299 1893 381 1941 Ego
408 1902 610 1945 utrumque
628 1894 828 1943 legendum
849 1894 1003 1933 arbitror
1022 1894 1098 1932 hoc

128 1942 248 1980 modo
270 1971 280 1987 ,
315 1947 481 1996 sanguine
505 1949 618 1995 patrio
641 1947 795 1996 Rhegino
820 1957 928 1994 pares.
980 1945 1097 1995 quue

127 1993 264 2042 colligo
285 2006 330 2031 ex
349 2007 396 2033 eo
410 2025 419 2041 ‚
434 1997 536 2046 quod
553 1998 592 2034 in
611 1997 694 2035 cod.
712 1996 942 2035 Atrebatensi
954 2025 964 2040 ‚
982 2004 1023 2034 ut
1037 1997 1098 2034 Pi-

128 2044 257 2092 ghius,
284 2047 322 2082 ἓξ
341 2047 378 2083 in
402 2047 484 2084 cod.
512 2048 550 2085 P.
578 2048 744 2086 Danielis
760 2077 770 2092 ,
796 2058 837 2085 ut
856 2049 1012 2086 Colerus
1041 2054 1097 2084 te-

126 2096 236 2132 statur
258 2124 268 2140 ,
315 2098 362 2133 est
388 2099 555 2147 sanguine
587 2101 710 2149 pagino
743 2110 854 2147 pares.
905 2098 1096 2135 Nimirum

127 2145 224 2183 duae
254 2158 367 2184 voces
387 2151 498 2196 patrio
520 2149 668 2199 Rhegmo
697 2149 916 2198 compactae
945 2149 1026 2186 sunt
1056 2149 1095 2186 in

127 2208 243 2234 unam
271 2201 405 2249 pagino.
428 2200 624 2238 VORST.
653 2202 771 2250 Neque
794 2201 961 2250 sanguine
985 2201 1096 2247 patrio

122 2258 248 2298 pares,
276 2264 380 2300 neque
406 2250 566 2299 proximi.
594 2251 649 2288 lta
667 2251 813 2299 Pighius
845 2263 890 2288 ex
909 2264 942 2297 4.
962 2249 1094 2294 MStis‚

128 2310 216 2336 cum
235 2308 321 2337 ante
347 2301 529 2349 legeretur
544 2313 612 2350 pro
627 2304 763 2352 patrio,
787 2301 955 2351 Rhegium
990 2302 1095 2339 Neu-

127 2357 227 2387 trum
260 2352 389 2399 placet.
442 2354 542 2390 Nam
561 2352 648 2389 licet
666 2352 854 2401 usurpetur
875 2353 1009 2402 patrius
1026 2364 1095 2401 pro

128 2409 313 2450 paternus.
341 2411 380 2439 ut
410 2405 521 2440 virtus
548 2407 662 2450 patria
691 2415 759 2452 pro
788 2412 964 2451 paterna,
997 2402 1096 2441 Vell.

133 2464 190 2489 11.
203 2453 261 2488 26.
286 2458 384 2489 More
397 2457 511 2502 patrio
530 2454 576 2491 de
588 2455 711 2491 Decio
728 2467 757 2492 1.
775 2465 832 2498 17.
859 2456 983 2490 Patria
1001 2454 1097 2492 bona.

136 2502 215 2539 Cic.
240 2504 286 2541 L.
301 2517 330 2541 1.
356 2505 393 2541 in
419 2506 593 2552 Verrfflii.
612 2507 729 2541 Patria
748 2504 973 2556 indnlgentia.
994 2505 1105 2554 supra'

132 2565 203 2592 v11.
233 2565 266 2602 3.
297 2568 353 2593 10.
381 2568 458 2605 quo
485 2557 546 2594 hic
576 2556 675 2594 illam
698 2567 858 2600 vocem,
888 2567 974 2593 cum
1002 2556 1098 2594 mul-

130 2611 173 2642 to
194 2604 323 2642 melius
342 2605 504 2645 abeffet?
532 2608 631 2645 Nam
660 2618 724 2657 per
742 2607 777 2644 se
795 2606 1006 2655 intelligitur
1015 2609 1096 2656 san-

124 2657 208 2706 guis
234 2657 368 2706 generis
387 2687 396 2702 ‚
445 2658 506 2696 seu
528 2660 644 2710 gentis
666 2662 750 2707 suae
773 2686 783 2701 ,
823 2658 887 2708 qui
914 2658 963 2695 est
985 2668 1097 2708 pater-

130 2720 202 2743 nus>
233 2718 304 2743 nec
334 2708 453 2756 placet
480 2710 650 2762 Rhegium
683 2721 769 2746 cum
801 2721 873 2746 nec
896 2708 986 2758 illud
1008 2708 1098 2748 defi-

134 2757 302 2800 deretur,
337 2759 375 2796 &
406 2759 536 2798 melius
567 2774 635 2810 pro
662 2772 709 2799 eo
733 2758 874 2798 dixiffet
904 2759 990 2806 fibi,
1033 2760 1098 2798 nisi

131 2808 231 2846 forte
261 2809 481 2857 intelligatur
512 2812 681 2860 superstes
703 2812 823 2849 frater.
876 2810 948 2848 Sed
966 2819 1094 2850 tamen

132 2859 171 2896 &
187 2859 275 2897 illud
294 2861 462 2908 ineptum
478 2889 488 2905 ,
511 2869 593 2899 tum
614 2875 692 2900 non
712 2861 885 2900 videntur
903 2861 966 2900 ulli
985 2863 1094 2911 codd.

128 2909 277 2948 habere.
302 2922 385 2948 cum
411 2912 456 2949 V.
485 2913 523 2950 P.
553 2914 649 2950 Dan.
677 2915 716 2951 &
735 2911 981 2952 Atrebatenfis
1011 2914 1094 2954 cod.

127 2959 309 3007 habeant,
333 2967 467 3014 pagina.
520 2964 673 3002 Reetior
702 2964 822 3002 forsan
852 2965 900 3003 est
924 2966 1095 3016 scriptura

127 3012 212 3060 cod.
241 3013 437 3064 Copefiani
460 3026 606 3067 pagano.
657 3015 781 3063 Eum,
803 3017 867 3068 qui
881 3027 1006 3069 neque
1023 3018 1097 3068 ipse

2006 1259 2115 1306 ado-

1153 1387 1302 1424 Romae
1347 1393 1424 1423 erat
1464 1386 1563 1424 claro
1601 1386 1640 1423 δε
1674 1384 1747 1423 alio
1786 1385 1958 1434 sanguine
1993 1396 2113 1433 ortuS,

1151 1437 1323 1487 adeoque
1354 1438 1502 1475 Romae
1529 1436 1699 1480 humilis,
1728 1437 1766 1473 &
1792 1437 1975 1488 plebejus,
2008 1439 2116 1488 plane

1152 1496 1281 1526 tamen
1317 1500 1448 1540 pagano
1479 1488 1648 1539 sanguine
1680 1488 1898 1525 humiliores
1941 1489 1976 1526 se
2017 1491 2118 1539 ipso,

1150 1539 1210 1576 sed
1235 1539 1386 1588 pessinie
1415 1537 1612 1577 instituisse.
1642 1536 1690 1576 fic
1723 1539 1818 1576 Tac.
1848 1539 1941 1576 Hist.
1975 1552 2031 1577 11.
2059 1541 2121 1579 88.

1154 1590 1217 1627 Ubi
1244 1590 1405 1639 adversus
1426 1603 1577 1642 paganos
1606 1588 1797 1627 certandum
1818 1591 1921 1635 foret.
1946 1602 2007 1628 111.
2026 1591 2120 1630 Hist-

1151 1653 1212 1691 43.
1241 1643 1280 1680 &
1310 1653 1371 1688 77.
1395 1642 1482 1680 vide
1512 1637 1692 1680 Torrent.
1726 1640 1772 1678 ad
1803 1640 1902 1677 Suet.
1933 1642 2031 1689 Aug.
2063 1653 2121 1688 77.

1150 1691 1340 1729 Nundinae
1353 1704 1560 1742 paganorum
1580 1695 1847 1741 rusticorumque.
1868 1692 2038 1730 Macrob.
2051 1693 2122 1731 Sat.

1154 1755 1186 1781 1.
1218 1744 1274 1781 16.
1309 1756 1344 1791 p.
1370 1744 1458 1781 218.
1504 1746 1645 1794 Pagancz
1666 1744 1796 1789 fercula
1831 1742 1942 1792 Prop.
1983 1744 2028 1781 L.
2064 1756 2121 1783 1V.

1149 1793 1206 1832 El.
1233 1805 1267 1840 4.
1295 1794 1357 1831 ubi
1386 1794 1472 1832 vide
1497 1793 1668 1832 Pafl'erat.
1691 1806 1726 1843 p.
1753 1792 1838 1831 608.
1861 1796 1991 1831 nullum
2017 1798 2061 1842 est
2086 1796 2122 1831 in

1149 1845 1208 1881 hac
1236 1845 1314 1882 urbe
1344 1847 1562 1897 Collegium,
1595 1846 1683 1881 nulli
1715 1846 1845 1896 pagani
1879 1857 1940 1882 aut
1973 1848 2123 1883 moutam¹

1150 1905 1224 1934 &a
1253 1897 1333 1934 Cic.
1361 1908 1429 1945 pro
1456 1897 1575 1943 domo
1609 1908 1639 1933 c.
1663 1895 1722 1932 28.
1750 1895 1896 1932 videtur
1916 1898 1954 1933 ὃς
1976 1897 2123 1946 Rhegino

1151 1949 1190 1985 δί
1206 1950 1317 1996 patrio
1343 1946 1455 1996 gloffa
1484 1945 1579 1991 effe,
1604 1948 1641 1984 ὃς
1662 1947 1760 1983 forte
1783 1954 1861 1983 orta
1888 1945 1957 1984 effe
1977 1959 2021 1984 ex
2043 1951 2122 1994 fra-

1149 2000 1208 2036 tri.
1231 1999 1303 2036 Sed
1323 1999 1422 2036 forte
1445 2000 1588 2048 optime
1610 1997 1791 2034 deleretur
1811 2009 1908 2042 vox,
1929 2009 2023 2047 quae
2043 2007 2119 2037 tam

1151 2048 1402 2087 diversimode
1432 2049 1595 2097 scribitur
1617 2077 1627 2092 ‚
1664 2050 1703 2086 ὃς
1727 2047 1802 2085 fine
1827 2060 1900 2097 qua
1928 2049 2045 2086 sensus
2072 2050 2120 2087 est

1149 2099 1258 2148 plane
1285 2101 1438 2149 integer.
1460 2100 1702 2138 PERIZON.
1729 2099 1835 2137 Harl.
1857 2098 1960 2136 Barb,
1990 2100 2121 2138 Leidd.

1148 2158 1221 2189 tres
1242 2154 1411 2203 sangume
1435 2163 1581 2203 pagano.
1617 2158 1772 2199 uterque
1801 2149 1932 2200 Ultraj.
1954 2153 2120 2199 sanguine

1142 2205 1268 2248 patrio.
1295 2202 1399 2240 Med.
1425 2204 1534 2251 prim.
1552 2204 1720 2251 sanguine
1741 2204 1876 2250 patriae
1896 2204 1993 2252 pari.
2021 2203 2119 2240 Reli--

1146 2254 1211 2302 qui
1228 2256 1370 2304 Regino.
1395 2256 1550 2305 Pagano.
1576 2252 1670 2290 Edd.
1698 2253 1796 2288 Ven.
1825 2254 1941 2288 Patrio
1961 2265 2045 2302 prae
2072 2252 2124 2290 al-

1146 2311 1229 2341 tero
1256 2312 1418 2353 utroque
1445 2304 1561 2352 magis
1590 2303 1733 2352 placet,
1762 2301 1826 2340 etfi
1854 2302 1942 2341 alius
1969 2304 2119 2352 intelligi

1147 2365 1225 2392 non
1245 2355 1374 2403 poffit,
1400 2354 1486 2392 licet
1504 2366 1583 2392 non
1603 2353 1770 2391 addatur.

1203 2418 1260 2454 19.
1287 2405 1353 2442 Sed
1371 2412 1416 2442 (θ’
1436 2407 1542 2443 alieni
1561 2413 1606 2441 ΕΤ
1628 2403 1788 2453 humiles]
1819 2404 1927 2443 MSS.
1955 2404 2017 2440 Sed
2034 2405 2118 2440 alie-

1148 2456 1184 2493 ni
1204 2456 1423 2502 &humiles,
1452 2456 1571 2494 deleta
1597 2456 1712 2505 priori
1743 2456 1899 2504 copula,
1927 2467 2035 2505 quam
2065 2464 2115 2493 ta·

1147 2518 1238 2544 men
1262 2508 1407 2546 servant
1433 2519 1566 2546 omnes
1585 2507 1790 2545 Editiones.

1196 2570 1257 2596 20.
1278 2560 1501 2610 Flagitiosum
1514 2557 1706 2606 filentium]
1724 2558 1817 2606 Cop.
1832 2556 2056 2608 fastigiosum.
2070 2566 2114 2592 an

1149 2608 1396 2660 Fastidiosum?
1422 2610 1484 2651 sed
1505 2610 1632 2648 malim
1653 2608 1742 2646 nihil
1762 2616 1913 2645 mutare.

1198 2673 1258 2699 21.
1285 2666 1419 2712 esseque
1437 2663 1549 2707 felicis
1574 2658 1804 2710 impunitatis]
1833 2656 1923 2693 Edd.
1950 2663 2035 2694 ante
2054 2656 2114 2694 Pi-

1150 2710 1279 2760 ghium
1306 2710 1368 2750 hic
1396 2724 1542 2751 novum
1577 2711 1799 2750 constituunt
1826 2714 1934 2755 caput
1967 2707 2041 2745 hoc
2071 2707 2115 2745 ti-

1151 2762 1240 2802 tulo.
1307 2765 1376 2811 Qui
1409 2763 1570 2811 adversus
1602 2762 1766 2811 opiniones
1799 2757 1965 2794 hominum
2003 2758 2116 2794 haere-

1146 2812 1203 2850 des
1237 2813 1434 2854 habuerunt.
1486 2812 1602 2864 Quod
1643 2810 1753 2849 video
1792 2809 1831 2846 in
1871 2807 1995 2846 multis
2034 2807 2114 2846 fieri

1196 2929 1257 2956 22.
1284 2917 1442 2956 Moriens
1467 2916 1568 2954 etiam
1586 2912 1725 2949 annulos
1752 2911 1782 2947 ei
1801 2912 1881 2958 suos
1904 2909 2110 2959 tradidiffet]

1150 2967 1312 3007 Consule
1342 2969 1566 3007 Freinshem.
1598 2962 1641 3001 ad
1667 2962 1768 2999 Curt.
1792 2962 1838 3000 L.
1865 2975 1899 2999 x.
1928 2975 1961 3010 ς.
1983 2974 2020 3009 4.
2042 2961 2113 2998 Ca-

1146 3019 1248 3065 saub.
1273 3020 1322 3063 ad
1341 3020 1516 3073 Spartian.
1543 3010 1851 3104 p.SS}.sh}d.2Par1s.
1882 3073 1943 3112 23·
1964 3064 2004 3099 T·
2024 3062 2115 3098 Ma,

2135 876 2239 944 Cerni
2263 915 2328 944 Nee

2133 963 2189 995 pos
2217 964 2281 986 Vita

2135 997 2247 1030 Attici.

2135 1093 2219 1121 Ann.
2239 1087 2312 1120 urb·

2137 1138 2205 1167 695.
2230 1132 2299 1163 Cic.
