<?xml version="1.0" encoding="UTF-8"?>
<!DOCTYPE html PUBLIC "-//W3C//DTD XHTML 1.0 Transitional//EN"
    "http://www.w3.org/TR/xhtml1/DTD/xhtml1-transitional.dtd">
<html xmlns="http://www.w3.org/1999/xhtml" xml:lang="en" lang="en">
 <head>
  <title>
</title>
<meta http-equiv="Content-Type" content="text/html;charset=utf-8" />
  <meta name='ocr-system' content='tesseract 3.04.00' />
  <meta name='ocr-capabilities' content='ocr_page ocr_carea ocr_par ocr_line ocrx_word'/>
</head>
<body>
  <div class='ocr_page' id='page_1' title='image "./librinovemfactor00valeuoft_0069.png"; bbox 0 0 2516 3509; ppageno 0'>
   <div class='ocr_carea' id='block_1_1' title="bbox 624 132 2113 211">
    <p class='ocr_par' dir='ltr' id='par_1_1' title="bbox 624 132 2113 211">
     <span class='ocr_line' id='line_1_1' title="bbox 624 132 2113 211; baseline 0.003 -24"><span class='ocrx_word' id='word_1_1' title='bbox 624 133 762 189; x_wconf 88' lang='lat' dir='ltr'>DE</span> <span class='ocrx_word' id='word_1_2' title='bbox 839 132 1601 192; x_wconf 81' lang='lat' dir='ltr'>RELIGIONE.</span> <span class='ocrx_word' id='word_1_3' title='bbox 2047 156 2113 211; x_wconf 67' lang='lat'>1:²²</span> 
     </span>
    </p>
   </div>
   <div class='ocr_carea' id='block_1_2' title="bbox 111 231 2289 614">
    <p class='ocr_par' dir='ltr' id='par_1_2' title="bbox 111 231 2289 614">
     <span class='ocr_line' id='line_1_2' title="bbox 181 231 2244 302; baseline 0 -17"><span class='ocrx_word' id='word_1_4' title='bbox 181 237 299 286; x_wconf 88' lang='lat' dir='ltr'>Non</span> <span class='ocrx_word' id='word_1_5' title='bbox 317 234 485 282; x_wconf 85' lang='lat' dir='ltr'>mirum</span> <span class='ocrx_word' id='word_1_6' title='bbox 507 232 675 298; x_wconf 79' lang='lat' dir='ltr'>igitur,</span> <span class='ocrx_word' id='word_1_7' title='bbox 711 231 744 280; x_wconf 89' lang='lat' dir='ltr'><strong>fi</strong></span> <span class='ocrx_word' id='word_1_8' title='bbox 767 249 851 297; x_wconf 83' lang='lat' dir='ltr'>pro</span> <span class='ocrx_word' id='word_1_9' title='bbox 873 248 928 280; x_wconf 91' lang='lat' dir='ltr'>eo</span> <span class='ocrx_word' id='word_1_10' title='bbox 948 234 1142 299; x_wconf 86' lang='lat' dir='ltr'>imperio</span> <span class='ocrx_word' id='word_1_11' title='bbox 1164 236 1400 301; x_wconf 80' lang='lat' dir='ltr'>augendo,</span> <span class='ocrx_word' id='word_1_12' title='bbox 1435 234 1824 300; x_wconf 88' lang='lat' dir='ltr'>custodiendoque</span> <span class='ocrx_word' id='word_1_13' title='bbox 1845 233 1889 273; x_wconf 74' lang='lat'>⁴⁶</span> <span class='ocrx_word' id='word_1_14' title='bbox 1906 237 2116 302; x_wconf 75' lang='lat' dir='ltr'>pertinax</span> <span class='ocrx_word' id='word_1_15' title='bbox 2218 252 2244 275; x_wconf 63' lang='lat'>2·</span> 
     </span>
     <span class='ocr_line' id='line_1_3' title="bbox 111 311 2115 381; baseline 0.002 -19"><span class='ocrx_word' id='word_1_16' title='bbox 111 331 270 364; x_wconf 83' lang='lat' dir='ltr'>eorum</span> <span class='ocrx_word' id='word_1_17' title='bbox 297 313 579 378; x_wconf 81' lang='lat' dir='ltr'>indulgentia</span> <span class='ocrx_word' id='word_1_18' title='bbox 611 312 802 359; x_wconf 85' lang='lat' dir='ltr'>deorum</span> <span class='ocrx_word' id='word_1_19' title='bbox 840 311 1013 378; x_wconf 83' lang='lat' dir='ltr'><strong>semper</strong></span> <span class='ocrx_word' id='word_1_20' title='bbox 1041 315 1300 373; x_wconf 80' lang='lat' dir='ltr'>excubuit3</span> <span class='ocrx_word' id='word_1_21' title='bbox 1340 323 1381 352; x_wconf 84' lang='lat'>⁴⁷</span> <span class='ocrx_word' id='word_1_22' title='bbox 1411 314 1537 380; x_wconf 90' lang='lat' dir='ltr'>quod</span> <span class='ocrx_word' id='word_1_23' title='bbox 1569 328 1662 362; x_wconf 84' lang='lat' dir='ltr'>tam</span> <span class='ocrx_word' id='word_1_24' title='bbox 1692 315 1948 381; x_wconf 85' lang='lat' dir='ltr'>scrupulosa</span> <span class='ocrx_word' id='word_1_25' title='bbox 1979 334 2115 379; x_wconf 76' lang='lat' dir='ltr'>c-ura,</span> 
     </span>
     <span class='ocr_line' id='line_1_4' title="bbox 112 391 2118 457; baseline 0.002 -17"><span class='ocrx_word' id='word_1_26' title='bbox 112 393 298 457; x_wconf 82' lang='lat' dir='ltr'>parvula</span> <span class='ocrx_word' id='word_1_27' title='bbox 315 407 499 456; x_wconf 91' lang='lat' dir='ltr'>quoque</span> <span class='ocrx_word' id='word_1_28' title='bbox 517 403 752 438; x_wconf 84' lang='lat' dir='ltr'>momenta</span> <span class='ocrx_word' id='word_1_29' title='bbox 770 391 1001 456; x_wconf 86' lang='lat' dir='ltr'>religionis</span> <span class='ocrx_word' id='word_1_30' title='bbox 1020 395 1271 441; x_wconf 81' lang='lat' dir='ltr'>examinare</span> <span class='ocrx_word' id='word_1_31' title='bbox 1292 393 1496 442; x_wconf 84' lang='lat' dir='ltr'>videtur:</span> <span class='ocrx_word' id='word_1_32' title='bbox 1534 394 1639 457; x_wconf 83' lang='lat' dir='ltr'>quia</span> <span class='ocrx_word' id='word_1_33' title='bbox 1657 410 1887 457; x_wconf 86' lang='lat' dir='ltr'>nunquam</span> <span class='ocrx_word' id='word_1_34' title='bbox 1916 409 2118 444; x_wconf 79' lang='lat' dir='ltr'>remotos</span> 
     </span>
     <span class='ocr_line' id='line_1_5' title="bbox 112 470 2119 526; baseline 0.003 -5"><span class='ocrx_word' id='word_1_35' title='bbox 112 472 168 521; x_wconf 84' lang='lat' dir='ltr'>ab</span> <span class='ocrx_word' id='word_1_36' title='bbox 189 470 465 519; x_wconf 67' lang='lat' dir='ltr'>exatffiffimo</span> <span class='ocrx_word' id='word_1_37' title='bbox 484 471 615 518; x_wconf 86' lang='lat' dir='ltr'>cultu</span> <span class='ocrx_word' id='word_1_38' title='bbox 644 472 1017 519; x_wconf 79' lang='lat' dir='ltr'>caerimoniarum</span> <span class='ocrx_word' id='word_1_39' title='bbox 1045 474 1203 521; x_wconf 89' lang='lat' dir='ltr'>oculos</span> <span class='ocrx_word' id='word_1_40' title='bbox 1230 473 1429 520; x_wconf 85' lang='lat' dir='ltr'>habuisse</span> <span class='ocrx_word' id='word_1_41' title='bbox 1460 471 1610 519; x_wconf 88' lang='lat' dir='ltr'>nostra</span> <span class='ocrx_word' id='word_1_42' title='bbox 1639 473 1798 519; x_wconf 87' lang='lat' dir='ltr'>civitas</span> <span class='ocrx_word' id='word_1_43' title='bbox 1826 477 2119 526; x_wconf 85' lang='lat' dir='ltr'>existimanda</span> 
     </span>
     <span class='ocr_line' id='line_1_6' title="bbox 111 543 2289 614; baseline 0.004 -19"><span class='ocrx_word' id='word_1_44' title='bbox 111 549 191 595; x_wconf 87' lang='lat' dir='ltr'>est.</span> <span class='ocrx_word' id='word_1_45' title='bbox 216 567 222 570; x_wconf 57' lang='lat'><em>¹</em></span> <span class='ocrx_word' id='word_1_46' title='bbox 260 549 316 595; x_wconf 93' lang='lat' dir='ltr'>In</span> <span class='ocrx_word' id='word_1_47' title='bbox 335 565 424 612; x_wconf 84' lang='lat' dir='ltr'>qua</span> <span class='ocrx_word' id='word_1_48' title='bbox 449 564 555 594; x_wconf 91' lang='lat' dir='ltr'>cum</span> <span class='ocrx_word' id='word_1_49' title='bbox 592 543 637 586; x_wconf 71' lang='lat'>48</span> <span class='ocrx_word' id='word_1_50' title='bbox 658 549 905 596; x_wconf 84' lang='lat' dir='ltr'>Marcellus</span> <span class='ocrx_word' id='word_1_51' title='bbox 933 551 1147 613; x_wconf 90' lang='lat' dir='ltr'>quintum</span> <span class='ocrx_word' id='word_1_52' title='bbox 1169 549 1452 596; x_wconf 88' lang='lat' dir='ltr'>consulatum</span> <span class='ocrx_word' id='word_1_53' title='bbox 1485 565 1642 614; x_wconf 86' lang='lat' dir='ltr'>gerens</span> <span class='ocrx_word' id='word_1_54' title='bbox 1676 550 1903 613; x_wconf 89' lang='lat' dir='ltr'>templum</span> <span class='ocrx_word' id='word_1_55' title='bbox 1934 555 2117 603; x_wconf 88' lang='lat' dir='ltr'>Honori</span> <span class='ocrx_word' id='word_1_56' title='bbox 2136 546 2219 578; x_wconf 52' lang='grc' dir='ltr'>ΑΜ</span> <span class='ocrx_word' id='word_1_57' title='bbox 2245 547 2289 576; x_wconf 55' lang='lat'>‘³‘</span> 
     </span>
    </p>
   </div>
   <div class='ocr_carea' id='block_1_3' title="bbox 2136 587 2303 626">
    <p class='ocr_par' dir='ltr' id='par_1_3' title="bbox 2136 587 2303 626">
     <span class='ocr_line' id='line_1_7' title="bbox 2136 587 2303 626; baseline -0.006 -7"><span class='ocrx_word' id='word_1_58' title='bbox 2136 598 2206 626; x_wconf 85' lang='lat'>545.</span> <span class='ocrx_word' id='word_1_59' title='bbox 2230 587 2303 618; x_wconf 61' lang='lat' dir='ltr'>Lim,</span> 
     </span>
    </p>
   </div>
   <div class='ocr_carea' id='block_1_4' title="bbox 111 626 2294 708">
    <p class='ocr_par' dir='ltr' id='par_1_4' title="bbox 111 626 2294 708">
     <span class='ocr_line' id='line_1_8' title="bbox 111 626 2294 708; baseline 0.002 -32"><span class='ocrx_word' id='word_1_60' title='bbox 111 628 161 676; x_wconf 83' lang='lat'>&amp;</span> <span class='ocrx_word' id='word_1_61' title='bbox 181 628 389 688; x_wconf 81' lang='lat' dir='ltr'>Virtuti,</span> <span class='ocrx_word' id='word_1_62' title='bbox 409 636 452 667; x_wconf 78' lang='lat'>49</span> <span class='ocrx_word' id='word_1_63' title='bbox 476 626 697 675; x_wconf 82' lang='lat' dir='ltr'>Clastidio</span> <span class='ocrx_word' id='word_1_64' title='bbox 717 629 867 693; x_wconf 84' lang='lat' dir='ltr'>prius,</span> <span class='ocrx_word' id='word_1_65' title='bbox 889 628 1049 676; x_wconf 90' lang='lat' dir='ltr'>deinde</span> <span class='ocrx_word' id='word_1_66' title='bbox 1071 627 1298 693; x_wconf 87' lang='lat' dir='ltr'>Syracufis</span> <span class='ocrx_word' id='word_1_67' title='bbox 1319 629 1494 694; x_wconf 86' lang='lat' dir='ltr'>potitus</span> <span class='ocrx_word' id='word_1_68' title='bbox 1508 663 1524 689; x_wconf 79' lang='grc'>,</span> <span class='ocrx_word' id='word_1_69' title='bbox 1555 635 1598 668; x_wconf 87' lang='lat'>50</span> <span class='ocrx_word' id='word_1_70' title='bbox 1618 630 1889 694; x_wconf 82' lang='lat' dir='ltr'>nuncupatis</span> <span class='ocrx_word' id='word_1_71' title='bbox 1911 630 2117 681; x_wconf 86' lang='lat' dir='ltr'>debitum</span> <span class='ocrx_word' id='word_1_72' title='bbox 2134 631 2294 708; x_wconf 51' lang='lat' dir='ltr'>{gvffi‘</span> 
     </span>
    </p>
   </div>
   <div class='ocr_carea' id='block_1_5' title="bbox 111 845 1106 3086">
    <p class='ocr_par' dir='ltr' id='par_1_5' title="bbox 111 845 1099 1700">
     <span class='ocr_line' id='line_1_9' title="bbox 114 845 1094 896; baseline -0.002 -12"><span class='ocrx_word' id='word_1_73' title='bbox 114 861 203 884; x_wconf 85' lang='lat' dir='ltr'>mum</span> <span class='ocrx_word' id='word_1_74' title='bbox 220 846 375 884; x_wconf 76' lang='lat' dir='ltr'>babebat.</span> <span class='ocrx_word' id='word_1_75' title='bbox 421 845 527 883; x_wconf 89' lang='lat' dir='ltr'>Idem</span> <span class='ocrx_word' id='word_1_76' title='bbox 546 846 604 883; x_wconf 90' lang='lat' dir='ltr'>est.</span> <span class='ocrx_word' id='word_1_77' title='bbox 632 857 751 896; x_wconf 89' lang='lat' dir='ltr'>aeque</span> <span class='ocrx_word' id='word_1_78' title='bbox 770 849 870 884; x_wconf 88' lang='lat' dir='ltr'>enim</span> <span class='ocrx_word' id='word_1_79' title='bbox 890 846 1094 883; x_wconf 88' lang='lat' dir='ltr'>masculino</span> 
     </span>
     <span class='ocr_line' id='line_1_10' title="bbox 117 896 1094 946; baseline -0.004 -11"><span class='ocrx_word' id='word_1_80' title='bbox 117 898 341 946; x_wconf 69' lang='lat' dir='ltr'>singulariter</span> <span class='ocrx_word' id='word_1_81' title='bbox 358 897 506 944; x_wconf 88' lang='lat' dir='ltr'>reperiri</span> <span class='ocrx_word' id='word_1_82' title='bbox 526 896 690 945; x_wconf 83' lang='lat' dir='ltr'>Carbasus</span> <span class='ocrx_word' id='word_1_83' title='bbox 707 908 749 933; x_wconf 89' lang='lat' dir='ltr'>ac</span> <span class='ocrx_word' id='word_1_84' title='bbox 768 897 979 933; x_wconf 88' lang='lat' dir='ltr'>foeminino</span> <span class='ocrx_word' id='word_1_85' title='bbox 993 923 1002 938; x_wconf 86' lang='lat'>‚</span> <span class='ocrx_word' id='word_1_86' title='bbox 1014 896 1094 942; x_wconf 89' lang='lat' dir='ltr'>plu-</span> 
     </span>
     <span class='ocr_line' id='line_1_11' title="bbox 115 945 1092 992; baseline -0.007 -5"><span class='ocrx_word' id='word_1_87' title='bbox 115 949 237 986; x_wconf 85' lang='lat' dir='ltr'>raliter</span> <span class='ocrx_word' id='word_1_88' title='bbox 261 951 300 986; x_wconf 88' lang='lat' dir='ltr'>in</span> <span class='ocrx_word' id='word_1_89' title='bbox 327 955 460 984; x_wconf 88' lang='lat' dir='ltr'>neutro</span> <span class='ocrx_word' id='word_1_90' title='bbox 483 974 493 990; x_wconf 96' lang='lat'>‚</span> <span class='ocrx_word' id='word_1_91' title='bbox 528 947 671 983; x_wconf 87' lang='lat' dir='ltr'>Phocas</span> <span class='ocrx_word' id='word_1_92' title='bbox 691 974 701 989; x_wconf 93' lang='lat'>‚</span> <span class='ocrx_word' id='word_1_93' title='bbox 735 945 875 981; x_wconf 88' lang='lat' dir='ltr'>Probus</span> <span class='ocrx_word' id='word_1_94' title='bbox 903 946 942 981; x_wconf 64' lang='grc' dir='ltr'>ὃς</span> <span class='ocrx_word' id='word_1_95' title='bbox 971 945 1092 992; x_wconf 91' lang='lat' dir='ltr'>Caper</span> 
     </span>
     <span class='ocr_line' id='line_1_12' title="bbox 114 993 1092 1043; baseline -0.006 -6"><span class='ocrx_word' id='word_1_96' title='bbox 114 1000 273 1037; x_wconf 81' lang='lat' dir='ltr'>tradunt.</span> <span class='ocrx_word' id='word_1_97' title='bbox 316 994 464 1034; x_wconf 79' lang='lat' dir='ltr'>Nonius</span> <span class='ocrx_word' id='word_1_98' title='bbox 487 996 599 1033; x_wconf 90' lang='lat' dir='ltr'>docet</span> <span class='ocrx_word' id='word_1_99' title='bbox 614 995 784 1043; x_wconf 76' lang='lat' dir='ltr'>carbasum</span> <span class='ocrx_word' id='word_1_100' title='bbox 807 993 878 1032; x_wconf 88' lang='lat' dir='ltr'>effe</span> <span class='ocrx_word' id='word_1_101' title='bbox 900 994 1051 1043; x_wconf 84' lang='lat' dir='ltr'>pallium</span> <span class='ocrx_word' id='word_1_102' title='bbox 1071 994 1092 1032; x_wconf 77' lang='grc' dir='ltr'>ὲ</span> 
     </span>
     <span class='ocr_line' id='line_1_13' title="bbox 114 1045 1091 1095; baseline -0.004 -9"><span class='ocrx_word' id='word_1_103' title='bbox 114 1051 253 1092; x_wconf 68' lang='lat' dir='ltr'>serico,</span> <span class='ocrx_word' id='word_1_104' title='bbox 281 1046 469 1085; x_wconf 42' lang='lat' dir='ltr'>vel&#39;tenui</span> <span class='ocrx_word' id='word_1_105' title='bbox 494 1046 597 1089; x_wconf 91' lang='lat' dir='ltr'>lino,</span> <span class='ocrx_word' id='word_1_106' title='bbox 634 1057 711 1095; x_wconf 91' lang='lat' dir='ltr'>quo</span> <span class='ocrx_word' id='word_1_107' title='bbox 740 1046 932 1083; x_wconf 76' lang='lat' dir='ltr'>foeminae</span> <span class='ocrx_word' id='word_1_108' title='bbox 959 1045 1091 1083; x_wconf 86' lang='lat' dir='ltr'>divites</span> 
     </span>
     <span class='ocr_line' id='line_1_14' title="bbox 115 1097 1092 1146; baseline -0.006 -8"><span class='ocrx_word' id='word_1_109' title='bbox 115 1101 346 1138; x_wconf 79' lang='lat' dir='ltr'>amiciuntur.</span> <span class='ocrx_word' id='word_1_110' title='bbox 380 1097 520 1134; x_wconf 87' lang='lat' dir='ltr'>PIGH.</span> <span class='ocrx_word' id='word_1_111' title='bbox 590 1097 772 1144; x_wconf 75' lang='lat' dir='ltr'>Carhasum</span> <span class='ocrx_word' id='word_1_112' title='bbox 807 1111 908 1146; x_wconf 79' lang='lat' dir='ltr'>quam</span> <span class='ocrx_word' id='word_1_113' title='bbox 933 1098 1092 1146; x_wconf 78' lang='lat' dir='ltr'>optimam</span> 
     </span>
     <span class='ocr_line' id='line_1_15' title="bbox 112 1147 1093 1198; baseline -0.004 -11"><span class='ocrx_word' id='word_1_114' title='bbox 112 1150 263 1188; x_wconf 77' lang='lat' dir='ltr'>babebat.</span> <span class='ocrx_word' id='word_1_115' title='bbox 290 1149 462 1197; x_wconf 87' lang='lat' dir='ltr'>Uterque</span> <span class='ocrx_word' id='word_1_116' title='bbox 490 1147 572 1185; x_wconf 90' lang='lat' dir='ltr'>cod.</span> <span class='ocrx_word' id='word_1_117' title='bbox 594 1147 725 1185; x_wconf 87' lang='lat' dir='ltr'>Brand.</span> <span class='ocrx_word' id='word_1_118' title='bbox 754 1148 854 1185; x_wconf 82' lang='lat' dir='ltr'>Carh.</span> <span class='ocrx_word' id='word_1_119' title='bbox 881 1162 976 1198; x_wconf 81' lang='lat' dir='ltr'>quem</span> <span class='ocrx_word' id='word_1_120' title='bbox 1006 1149 1093 1191; x_wconf 67' lang='lat' dir='ltr'>opti-</span> 
     </span>
     <span class='ocr_line' id='line_1_16' title="bbox 113 1198 1092 1250; baseline -0.001 -13"><span class='ocrx_word' id='word_1_121' title='bbox 113 1215 220 1238; x_wconf 80' lang='lat' dir='ltr'>mum.-</span> <span class='ocrx_word' id='word_1_122' title='bbox 248 1211 360 1250; x_wconf 88' lang='lat' dir='ltr'>quarn</span> <span class='ocrx_word' id='word_1_123' title='bbox 389 1199 601 1248; x_wconf 70' lang='lat' dir='ltr'>scripturam</span> <span class='ocrx_word' id='word_1_124' title='bbox 629 1199 667 1235; x_wconf 91' lang='lat' dir='ltr'>in</span> <span class='ocrx_word' id='word_1_125' title='bbox 695 1198 804 1235; x_wconf 85' lang='lat' dir='ltr'>codd.</span> <span class='ocrx_word' id='word_1_126' title='bbox 832 1199 939 1236; x_wconf 89' lang='lat' dir='ltr'><strong>MSS.</strong></span> <span class='ocrx_word' id='word_1_127' title='bbox 968 1200 1006 1236; x_wconf 70' lang='grc' dir='ltr'>δί</span> <span class='ocrx_word' id='word_1_128' title='bbox 1032 1199 1092 1236; x_wconf 85' lang='lat' dir='ltr'>Pi-</span> 
     </span>
     <span class='ocr_line' id='line_1_17' title="bbox 112 1249 1092 1301; baseline 0 -13"><span class='ocrx_word' id='word_1_129' title='bbox 112 1252 217 1301; x_wconf 84' lang='lat' dir='ltr'>ghius</span> <span class='ocrx_word' id='word_1_130' title='bbox 238 1250 454 1288; x_wconf 83' lang='lat' dir='ltr'>observavit.</span> <span class='ocrx_word' id='word_1_131' title='bbox 507 1251 555 1287; x_wconf 89' lang='lat' dir='ltr'>Et</span> <span class='ocrx_word' id='word_1_132' title='bbox 575 1249 727 1298; x_wconf 86' lang='lat' dir='ltr'>perinde</span> <span class='ocrx_word' id='word_1_133' title='bbox 755 1250 838 1287; x_wconf 76' lang='lat' dir='ltr'>sane</span> <span class='ocrx_word' id='word_1_134' title='bbox 866 1250 927 1287; x_wconf 88' lang='lat' dir='ltr'>est.</span> <span class='ocrx_word' id='word_1_135' title='bbox 953 1250 1092 1288; x_wconf 82' lang='lat' dir='ltr'>docent</span> 
     </span>
     <span class='ocr_line' id='line_1_18' title="bbox 113 1300 1093 1350; baseline -0.002 -10"><span class='ocrx_word' id='word_1_136' title='bbox 113 1303 214 1342; x_wconf 89' lang='lat' dir='ltr'>enim</span> <span class='ocrx_word' id='word_1_137' title='bbox 236 1301 502 1345; x_wconf 77' lang='lat' dir='ltr'>Grammatici,</span> <span class='ocrx_word' id='word_1_138' title='bbox 531 1309 608 1338; x_wconf 84' lang='lat' dir='ltr'>tam</span> <span class='ocrx_word' id='word_1_139' title='bbox 631 1300 819 1338; x_wconf 79' lang='lat' dir='ltr'>masculini</span> <span class='ocrx_word' id='word_1_140' title='bbox 846 1312 959 1350; x_wconf 83' lang='lat' dir='ltr'>quam</span> <span class='ocrx_word' id='word_1_141' title='bbox 982 1301 1093 1339; x_wconf 89' lang='lat' dir='ltr'>femi-</span> 
     </span>
     <span class='ocr_line' id='line_1_19' title="bbox 111 1350 1094 1402; baseline -0.003 -10"><span class='ocrx_word' id='word_1_142' title='bbox 111 1354 191 1393; x_wconf 86' lang='lat' dir='ltr'>nini</span> <span class='ocrx_word' id='word_1_143' title='bbox 215 1364 298 1402; x_wconf 88' lang='lat' dir='ltr'>gen.</span> <span class='ocrx_word' id='word_1_144' title='bbox 327 1363 464 1389; x_wconf 86' lang='lat' dir='ltr'>vocem</span> <span class='ocrx_word' id='word_1_145' title='bbox 493 1350 575 1388; x_wconf 82' lang='lat' dir='ltr'>effe.</span> <span class='ocrx_word' id='word_1_146' title='bbox 627 1352 687 1389; x_wconf 86' lang='lat' dir='ltr'>Est</span> <span class='ocrx_word' id='word_1_147' title='bbox 707 1360 832 1390; x_wconf 82' lang='lat' dir='ltr'>autem</span> <span class='ocrx_word' id='word_1_148' title='bbox 850 1351 1004 1400; x_wconf 74' lang='lat' dir='ltr'>carbasus</span> <span class='ocrx_word' id='word_1_149' title='bbox 1019 1377 1029 1394; x_wconf 93' lang='lat'>,</span> <span class='ocrx_word' id='word_1_150' title='bbox 1054 1360 1094 1389; x_wconf 92' lang='lat' dir='ltr'>ut</span> 
     </span>
     <span class='ocr_line' id='line_1_20' title="bbox 113 1401 1095 1452; baseline -0.004 -10"><span class='ocrx_word' id='word_1_151' title='bbox 113 1406 226 1444; x_wconf 84' lang='lat' dir='ltr'>docet</span> <span class='ocrx_word' id='word_1_152' title='bbox 254 1403 425 1448; x_wconf 77' lang='lat' dir='ltr'>Nonius,</span> <span class='ocrx_word' id='word_1_153' title='bbox 447 1404 592 1452; x_wconf 76' lang='lat' dir='ltr'>pallium</span> <span class='ocrx_word' id='word_1_154' title='bbox 612 1401 767 1451; x_wconf 67' lang='lat' dir='ltr'>eserico,</span> <span class='ocrx_word' id='word_1_155' title='bbox 799 1403 855 1438; x_wconf 67' lang='lat' dir='ltr'>‘vel</span> <span class='ocrx_word' id='word_1_156' title='bbox 882 1404 974 1438; x_wconf 82' lang='lat' dir='ltr'>tenui</span> <span class='ocrx_word' id='word_1_157' title='bbox 1002 1404 1095 1447; x_wconf 87' lang='lat' dir='ltr'>lino,</span> 
     </span>
     <span class='ocr_line' id='line_1_21' title="bbox 113 1453 1097 1508; baseline -0.003 -15"><span class='ocrx_word' id='word_1_158' title='bbox 113 1471 179 1508; x_wconf 79' lang='lat' dir='ltr'>quo</span> <span class='ocrx_word' id='word_1_159' title='bbox 195 1457 342 1503; x_wconf 77' lang='lat' dir='ltr'>feminae</span> <span class='ocrx_word' id='word_1_160' title='bbox 358 1453 483 1490; x_wconf 66' lang='lat' dir='ltr'>divites</span> <span class='ocrx_word' id='word_1_161' title='bbox 501 1456 717 1490; x_wconf 84' lang='lat' dir='ltr'>amiciuntur.</span> <span class='ocrx_word' id='word_1_162' title='bbox 768 1454 825 1491; x_wconf 80' lang='lat' dir='ltr'>Sic</span> <span class='ocrx_word' id='word_1_163' title='bbox 852 1454 952 1490; x_wconf 77' lang='lat' dir='ltr'>enim</span> <span class='ocrx_word' id='word_1_164' title='bbox 970 1453 1097 1503; x_wconf 75' lang='lat' dir='ltr'>legen-</span> 
     </span>
     <span class='ocr_line' id='line_1_22' title="bbox 115 1505 1097 1555; baseline -0.003 -10"><span class='ocrx_word' id='word_1_165' title='bbox 115 1508 207 1545; x_wconf 91' lang='lat' dir='ltr'>dum</span> <span class='ocrx_word' id='word_1_166' title='bbox 243 1505 399 1543; x_wconf 83' lang='lat' dir='ltr'>videtur.</span> <span class='ocrx_word' id='word_1_167' title='bbox 436 1505 632 1543; x_wconf 85' lang='lat' dir='ltr'>VORST.</span> <span class='ocrx_word' id='word_1_168' title='bbox 692 1508 801 1555; x_wconf 75' lang='lat' dir='ltr'>Qem</span> <span class='ocrx_word' id='word_1_169' title='bbox 840 1507 998 1553; x_wconf 80' lang='lat' dir='ltr'>optimum</span> <span class='ocrx_word' id='word_1_170' title='bbox 1031 1506 1097 1543; x_wconf 78' lang='lat' dir='ltr'>ha-</span> 
     </span>
     <span class='ocr_line' id='line_1_23' title="bbox 114 1555 1099 1604; baseline -0.002 -9"><span class='ocrx_word' id='word_1_171' title='bbox 114 1558 203 1596; x_wconf 89' lang='lat' dir='ltr'>bent</span> <span class='ocrx_word' id='word_1_172' title='bbox 222 1557 333 1594; x_wconf 77' lang='lat' dir='ltr'>etiam</span> <span class='ocrx_word' id='word_1_173' title='bbox 353 1556 495 1604; x_wconf 81' lang='lat' dir='ltr'>aliquot</span> <span class='ocrx_word' id='word_1_174' title='bbox 514 1567 558 1592; x_wconf 88' lang='lat' dir='ltr'>ex</span> <span class='ocrx_word' id='word_1_175' title='bbox 585 1555 724 1592; x_wconf 87' lang='lat' dir='ltr'>nostris.</span> <span class='ocrx_word' id='word_1_176' title='bbox 770 1555 877 1592; x_wconf 89' lang='lat' dir='ltr'>Leid.</span> <span class='ocrx_word' id='word_1_177' title='bbox 899 1556 997 1604; x_wconf 78' lang='lat' dir='ltr'>Sept.</span> <span class='ocrx_word' id='word_1_178' title='bbox 1015 1556 1099 1593; x_wconf 88' lang='lat' dir='ltr'>scri-</span> 
     </span>
     <span class='ocr_line' id='line_1_24' title="bbox 117 1606 1098 1659; baseline -0.002 -13"><span class='ocrx_word' id='word_1_179' title='bbox 117 1610 171 1647; x_wconf 86' lang='lat' dir='ltr'>bit</span> <span class='ocrx_word' id='word_1_180' title='bbox 189 1607 288 1659; x_wconf 74' lang='lat' dir='ltr'>quod.</span> <span class='ocrx_word' id='word_1_181' title='bbox 327 1606 399 1644; x_wconf 87' lang='lat' dir='ltr'>Sed</span> <span class='ocrx_word' id='word_1_182' title='bbox 417 1621 511 1656; x_wconf 75' lang='lat' dir='ltr'>quem</span> <span class='ocrx_word' id='word_1_183' title='bbox 530 1606 662 1655; x_wconf 77' lang='lat' dir='ltr'>probat</span> <span class='ocrx_word' id='word_1_184' title='bbox 682 1607 793 1644; x_wconf 85' lang='lat' dir='ltr'>etiam</span> <span class='ocrx_word' id='word_1_185' title='bbox 812 1607 995 1654; x_wconf 87' lang='lat' dir='ltr'>Rupertus</span> <span class='ocrx_word' id='word_1_186' title='bbox 1016 1607 1098 1645; x_wconf 86' lang='lat' dir='ltr'>Lib.</span> 
     </span>
     <span class='ocr_line' id='line_1_25' title="bbox 121 1673 301 1700; baseline -0.039 0"><span class='ocrx_word' id='word_1_187' title='bbox 121 1673 154 1700; x_wconf 88' lang='lat'>1.</span> <span class='ocrx_word' id='word_1_188' title='bbox 208 1689 215 1696; x_wconf 92' lang='lat'>.</span> <span class='ocrx_word' id='word_1_189' title='bbox 295 1688 301 1693; x_wconf 94' lang='lat'>.</span> 
     </span>
    </p>

    <p class='ocr_par' dir='ltr' id='par_1_6' title="bbox 114 1670 1102 2465">
     <span class='ocr_line' id='line_1_26' title="bbox 160 1670 1097 1759; baseline -0.001 -12"><span class='ocrx_word' id='word_1_190' title='bbox 160 1671 224 1757; x_wconf 60' lang='lat' dir='ltr'>&#39;4p6.</span> <span class='ocrx_word' id='word_1_191' title='bbox 242 1670 419 1745; x_wconf 59' lang='grc' dir='ltr'>4ἶξενῐὶιιακ</span> <span class='ocrx_word' id='word_1_192' title='bbox 440 1710 593 1745; x_wconf 78' lang='lat' dir='ltr'>Deorum</span> <span class='ocrx_word' id='word_1_193' title='bbox 613 1706 843 1759; x_wconf 75' lang='lat' dir='ltr'>indulgentia]</span> <span class='ocrx_word' id='word_1_194' title='bbox 872 1710 1040 1744; x_wconf 79' lang='lat' dir='ltr'>Pertinax</span> <span class='ocrx_word' id='word_1_195' title='bbox 1058 1708 1097 1746; x_wconf 83' lang='lat' dir='ltr'>in</span> 
     </span>
     <span class='ocr_line' id='line_1_27' title="bbox 115 1759 1094 1809; baseline -0.004 -10"><span class='ocrx_word' id='word_1_196' title='bbox 115 1761 258 1799; x_wconf 84' lang='lat' dir='ltr'>bonam</span> <span class='ocrx_word' id='word_1_197' title='bbox 279 1768 433 1808; x_wconf 84' lang='lat' dir='ltr'>partem.</span> <span class='ocrx_word' id='word_1_198' title='bbox 488 1760 542 1797; x_wconf 81' lang='lat' dir='ltr'>lta</span> <span class='ocrx_word' id='word_1_199' title='bbox 563 1759 713 1797; x_wconf 82' lang='lat' dir='ltr'>Livius:</span> <span class='ocrx_word' id='word_1_200' title='bbox 744 1761 832 1794; x_wconf 65' lang='lat' dir='ltr'>Vicit</span> <span class='ocrx_word' id='word_1_201' title='bbox 855 1760 965 1795; x_wconf 84' lang='lat' dir='ltr'>omnia</span> <span class='ocrx_word' id='word_1_202' title='bbox 989 1761 1094 1809; x_wconf 68' lang='lat' dir='ltr'>perti-</span> 
     </span>
     <span class='ocr_line' id='line_1_28' title="bbox 115 1809 1096 1861; baseline -0.002 -11"><span class='ocrx_word' id='word_1_203' title='bbox 115 1826 187 1850; x_wconf 83' lang='lat' dir='ltr'>nax</span> <span class='ocrx_word' id='word_1_204' title='bbox 205 1815 330 1849; x_wconf 62' lang='lat' dir='ltr'>virtus.</span> <span class='ocrx_word' id='word_1_205' title='bbox 382 1811 501 1848; x_wconf 89' lang='lat' dir='ltr'>Porro</span> <span class='ocrx_word' id='word_1_206' title='bbox 531 1809 740 1861; x_wconf 72' lang='lat' dir='ltr'>indulgentia</span> <span class='ocrx_word' id='word_1_207' title='bbox 761 1809 809 1847; x_wconf 90' lang='lat' dir='ltr'>est</span> <span class='ocrx_word' id='word_1_208' title='bbox 833 1809 894 1847; x_wconf 88' lang='lat' dir='ltr'>hic</span> <span class='ocrx_word' id='word_1_209' title='bbox 920 1823 987 1859; x_wconf 90' lang='lat' dir='ltr'>pro</span> <span class='ocrx_word' id='word_1_210' title='bbox 1015 1821 1096 1859; x_wconf 81' lang='lat' dir='ltr'>gra-</span> 
     </span>
     <span class='ocr_line' id='line_1_29' title="bbox 114 1861 1095 1911; baseline -0.003 -10"><span class='ocrx_word' id='word_1_211' title='bbox 114 1865 190 1908; x_wconf 78' lang='lat' dir='ltr'>tia,</span> <span class='ocrx_word' id='word_1_212' title='bbox 217 1864 358 1900; x_wconf 75' lang='lat' dir='ltr'>favore.</span> <span class='ocrx_word' id='word_1_213' title='bbox 412 1861 464 1899; x_wconf 88' lang='lat' dir='ltr'>Ita</span> <span class='ocrx_word' id='word_1_214' title='bbox 485 1861 589 1910; x_wconf 85' lang='lat' dir='ltr'>saepe</span> <span class='ocrx_word' id='word_1_215' title='bbox 608 1862 743 1898; x_wconf 83' lang='lat' dir='ltr'>Plinius</span> <span class='ocrx_word' id='word_1_216' title='bbox 768 1861 807 1898; x_wconf 89' lang='lat' dir='ltr'>in</span> <span class='ocrx_word' id='word_1_217' title='bbox 826 1861 1004 1910; x_wconf 86' lang='lat' dir='ltr'>Epistolis.</span> <span class='ocrx_word' id='word_1_218' title='bbox 1031 1862 1095 1911; x_wconf 90' lang='lat' dir='ltr'>qui</span> 
     </span>
     <span class='ocr_line' id='line_1_30' title="bbox 115 1910 1094 1964; baseline -0.002 -12"><span class='ocrx_word' id='word_1_219' title='bbox 115 1914 217 1952; x_wconf 87' lang='lat' dir='ltr'>idem</span> <span class='ocrx_word' id='word_1_220' title='bbox 238 1916 277 1951; x_wconf 65' lang='grc' dir='ltr'>ἃ</span> <span class='ocrx_word' id='word_1_221' title='bbox 299 1914 545 1961; x_wconf 81' lang='lat' dir='ltr'>Imperatores</span> <span class='ocrx_word' id='word_1_222' title='bbox 563 1910 852 1964; x_wconf 73' lang='lat' dir='ltr'>indulgenttffimos</span> <span class='ocrx_word' id='word_1_223' title='bbox 874 1921 995 1950; x_wconf 87' lang='lat' dir='ltr'>vocat.</span> <span class='ocrx_word' id='word_1_224' title='bbox 1024 1912 1094 1950; x_wconf 89' lang='lat' dir='ltr'>Sed</span> 
     </span>
     <span class='ocr_line' id='line_1_31' title="bbox 117 1962 1096 2014; baseline -0.002 -11"><span class='ocrx_word' id='word_1_225' title='bbox 117 1965 282 2014; x_wconf 86' lang='lat' dir='ltr'>&amp;ipsum</span> <span class='ocrx_word' id='word_1_226' title='bbox 295 1964 448 2001; x_wconf 88' lang='lat' dir='ltr'>verbum</span> <span class='ocrx_word' id='word_1_227' title='bbox 461 1962 630 2013; x_wconf 74' lang='lat' dir='ltr'>indulgere</span> <span class='ocrx_word' id='word_1_228' title='bbox 641 1963 689 2001; x_wconf 90' lang='lat' dir='ltr'>est</span> <span class='ocrx_word' id='word_1_229' title='bbox 707 1975 860 2012; x_wconf 90' lang='lat' dir='ltr'>quoque</span> <span class='ocrx_word' id='word_1_230' title='bbox 879 1962 978 2001; x_wconf 88' lang='lat' dir='ltr'>idem</span> <span class='ocrx_word' id='word_1_231' title='bbox 992 1963 1096 2013; x_wconf 88' lang='lat' dir='ltr'>quod</span> 
     </span>
     <span class='ocr_line' id='line_1_32' title="bbox 116 2013 1096 2065; baseline -0.002 -11"><span class='ocrx_word' id='word_1_232' title='bbox 116 2017 245 2054; x_wconf 83' lang='lat' dir='ltr'>favere</span> <span class='ocrx_word' id='word_1_233' title='bbox 260 2014 399 2063; x_wconf 82' lang='lat' dir='ltr'>,largiri</span> <span class='ocrx_word' id='word_1_234' title='bbox 411 2043 420 2058; x_wconf 73' lang='grc'><em>,</em></span> <span class='ocrx_word' id='word_1_235' title='bbox 433 2014 612 2065; x_wconf 88' lang='lat' dir='ltr'>quodque</span> <span class='ocrx_word' id='word_1_236' title='bbox 632 2015 759 2061; x_wconf 83' lang='lat' dir='ltr'>aliquis</span> <span class='ocrx_word' id='word_1_237' title='bbox 778 2013 956 2052; x_wconf 76' lang='lat' dir='ltr'>desiderat</span> <span class='ocrx_word' id='word_1_238' title='bbox 968 2043 978 2059; x_wconf 91' lang='lat'>‚</span> <span class='ocrx_word' id='word_1_239' title='bbox 991 2027 1096 2063; x_wconf 85' lang='lat' dir='ltr'>prae-</span> 
     </span>
     <span class='ocr_line' id='line_1_33' title="bbox 118 2065 1096 2116; baseline 0 -13"><span class='ocrx_word' id='word_1_240' title='bbox 118 2066 220 2104; x_wconf 82' lang='lat' dir='ltr'>stare.</span> <span class='ocrx_word' id='word_1_241' title='bbox 244 2066 443 2104; x_wconf 84' lang='lat' dir='ltr'>VORST.</span> <span class='ocrx_word' id='word_1_242' title='bbox 496 2066 554 2103; x_wconf 88' lang='lat' dir='ltr'>Sic</span> <span class='ocrx_word' id='word_1_243' title='bbox 572 2065 724 2114; x_wconf 89' lang='lat' dir='ltr'>quidem</span> <span class='ocrx_word' id='word_1_244' title='bbox 746 2065 885 2109; x_wconf 86' lang='lat' dir='ltr'>editur,</span> <span class='ocrx_word' id='word_1_245' title='bbox 912 2078 1029 2116; x_wconf 85' lang='lat' dir='ltr'>quum</span> <span class='ocrx_word' id='word_1_246' title='bbox 1059 2067 1096 2103; x_wconf 89' lang='lat' dir='ltr'>in</span> 
     </span>
     <span class='ocr_line' id='line_1_34' title="bbox 123 2116 1098 2165; baseline 0.001 -12"><span class='ocrx_word' id='word_1_247' title='bbox 123 2116 206 2154; x_wconf 91' lang='lat' dir='ltr'>edd.</span> <span class='ocrx_word' id='word_1_248' title='bbox 232 2117 398 2162; x_wconf 84' lang='lat' dir='ltr'>vetustis,</span> <span class='ocrx_word' id='word_1_249' title='bbox 426 2118 534 2165; x_wconf 85' lang='lat' dir='ltr'>Mog.</span> <span class='ocrx_word' id='word_1_250' title='bbox 553 2117 651 2154; x_wconf 89' lang='lat' dir='ltr'>Ven.</span> <span class='ocrx_word' id='word_1_251' title='bbox 672 2116 1098 2161; x_wconf 86' lang='lat' dir='ltr'>Mediol.Aldi‚Ascen-</span> 
     </span>
     <span class='ocr_line' id='line_1_35' title="bbox 124 2166 1098 2216; baseline 0.003 -13"><span class='ocrx_word' id='word_1_252' title='bbox 124 2166 184 2210; x_wconf 82' lang='lat' dir='ltr'>fii,</span> <span class='ocrx_word' id='word_1_253' title='bbox 213 2167 492 2215; x_wconf 88' lang='lat' dir='ltr'>Gryphiorum,</span> <span class='ocrx_word' id='word_1_254' title='bbox 522 2168 713 2212; x_wconf 72' lang='lat' dir='ltr'>Colinnei‚</span> <span class='ocrx_word' id='word_1_255' title='bbox 743 2168 781 2205; x_wconf 89' lang='lat'>&amp;</span> <span class='ocrx_word' id='word_1_256' title='bbox 802 2167 898 2206; x_wconf 89' lang='lat' dir='ltr'>Rob..</span> <span class='ocrx_word' id='word_1_257' title='bbox 924 2168 1098 2216; x_wconf 78' lang='lat' dir='ltr'>Stephani</span> 
     </span>
     <span class='ocr_line' id='line_1_36' title="bbox 120 2216 1096 2268; baseline 0.002 -14"><span class='ocrx_word' id='word_1_258' title='bbox 120 2216 311 2265; x_wconf 84' lang='lat' dir='ltr'>legebatur</span> <span class='ocrx_word' id='word_1_259' title='bbox 324 2223 482 2266; x_wconf 72' lang='lat' dir='ltr'>pertinax</span> <span class='ocrx_word' id='word_1_260' title='bbox 502 2233 610 2254; x_wconf 87' lang='lat' dir='ltr'>eorum</span> <span class='ocrx_word' id='word_1_261' title='bbox 626 2218 840 2268; x_wconf 74' lang='lat' dir='ltr'>indulgentia</span> <span class='ocrx_word' id='word_1_262' title='bbox 867 2221 1037 2262; x_wconf 81' lang='lat' dir='ltr'>Deorum,</span> <span class='ocrx_word' id='word_1_263' title='bbox 1058 2221 1096 2256; x_wconf 88' lang='lat'>&amp;</span> 
     </span>
     <span class='ocr_line' id='line_1_37' title="bbox 125 2267 1097 2318; baseline 0.003 -15"><span class='ocrx_word' id='word_1_264' title='bbox 125 2267 173 2304; x_wconf 82' lang='lat' dir='ltr'>sic</span> <span class='ocrx_word' id='word_1_265' title='bbox 193 2278 343 2316; x_wconf 86' lang='lat' dir='ltr'>quoque</span> <span class='ocrx_word' id='word_1_266' title='bbox 363 2269 400 2304; x_wconf 89' lang='lat' dir='ltr'>in</span> <span class='ocrx_word' id='word_1_267' title='bbox 419 2268 542 2304; x_wconf 87' lang='lat' dir='ltr'>multis</span> <span class='ocrx_word' id='word_1_268' title='bbox 562 2269 668 2305; x_wconf 85' lang='lat' dir='ltr'>MSS.</span> <span class='ocrx_word' id='word_1_269' title='bbox 687 2269 752 2305; x_wconf 73' lang='lat' dir='ltr'>nisi</span> <span class='ocrx_word' id='word_1_270' title='bbox 771 2269 874 2317; x_wconf 79' lang='lat' dir='ltr'>q‘uocl</span> <span class='ocrx_word' id='word_1_271' title='bbox 894 2281 972 2318; x_wconf 85' lang='lat' dir='ltr'>non</span> <span class='ocrx_word' id='word_1_272' title='bbox 990 2270 1097 2316; x_wconf 82' lang='lat' dir='ltr'>pauci</span> 
     </span>
     <span class='ocr_line' id='line_1_38' title="bbox 121 2317 1099 2366; baseline -0.003 -10"><span class='ocrx_word' id='word_1_273' title='bbox 121 2319 259 2356; x_wconf 65' lang='lat' dir='ltr'>liabent</span> <span class='ocrx_word' id='word_1_274' title='bbox 285 2332 392 2352; x_wconf 85' lang='lat' dir='ltr'>eorum</span> <span class='ocrx_word' id='word_1_275' title='bbox 415 2321 561 2352; x_wconf 83' lang='lat' dir='ltr'>Deorum</span> <span class='ocrx_word' id='word_1_276' title='bbox 580 2317 813 2366; x_wconf 77' lang='lat' dir='ltr'>indulgentia,</span> <span class='ocrx_word' id='word_1_277' title='bbox 850 2319 947 2353; x_wconf 78' lang='lat' dir='ltr'>unde</span> <span class='ocrx_word' id='word_1_278' title='bbox 975 2319 1099 2354; x_wconf 82' lang='lat' dir='ltr'>denuo</span> 
     </span>
     <span class='ocr_line' id='line_1_39' title="bbox 126 2366 1102 2409; baseline -0.005 -2"><span class='ocrx_word' id='word_1_279' title='bbox 126 2369 271 2407; x_wconf 75' lang='lat' dir='ltr'>causam</span> <span class='ocrx_word' id='word_1_280' title='bbox 293 2367 461 2404; x_wconf 82' lang='lat' dir='ltr'>videmus</span> <span class='ocrx_word' id='word_1_281' title='bbox 482 2393 492 2409; x_wconf 96' lang='lat'>‚</span> <span class='ocrx_word' id='word_1_282' title='bbox 538 2377 600 2402; x_wconf 88' lang='lat' dir='ltr'>cur</span> <span class='ocrx_word' id='word_1_283' title='bbox 620 2367 658 2402; x_wconf 91' lang='lat' dir='ltr'>in</span> <span class='ocrx_word' id='word_1_284' title='bbox 684 2367 759 2403; x_wconf 85' lang='lat' dir='ltr'>aliis</span> <span class='ocrx_word' id='word_1_285' title='bbox 786 2380 893 2402; x_wconf 81' lang='lat' dir='ltr'>eorum</span> <span class='ocrx_word' id='word_1_286' title='bbox 921 2366 963 2403; x_wconf 90' lang='lat' dir='ltr'>fit</span> <span class='ocrx_word' id='word_1_287' title='bbox 992 2366 1102 2403; x_wconf 83' lang='lat' dir='ltr'>omis-</span> 
     </span>
     <span class='ocr_line' id='line_1_40' title="bbox 123 2415 1100 2465; baseline -0.003 -8"><span class='ocrx_word' id='word_1_288' title='bbox 123 2421 215 2458; x_wconf 85' lang='lat' dir='ltr'>sum.</span> <span class='ocrx_word' id='word_1_289' title='bbox 292 2418 392 2455; x_wconf 86' lang='lat' dir='ltr'>Vide</span> <span class='ocrx_word' id='word_1_290' title='bbox 425 2417 527 2465; x_wconf 79' lang='lat' dir='ltr'>supra</span> <span class='ocrx_word' id='word_1_291' title='bbox 562 2415 608 2453; x_wconf 82' lang='lat' dir='ltr'>ad</span> <span class='ocrx_word' id='word_1_292' title='bbox 644 2427 699 2454; x_wconf 76' lang='lat' dir='ltr'>ex.</span> <span class='ocrx_word' id='word_1_293' title='bbox 734 2429 767 2464; x_wconf 80' lang='lat'>4.</span> <span class='ocrx_word' id='word_1_294' title='bbox 805 2418 843 2454; x_wconf 65' lang='grc' dir='ltr'>ὃς</span> <span class='ocrx_word' id='word_1_295' title='bbox 870 2417 964 2454; x_wconf 86' lang='lat' dir='ltr'>infra</span> <span class='ocrx_word' id='word_1_296' title='bbox 991 2416 1037 2454; x_wconf 90' lang='lat' dir='ltr'>L.</span> <span class='ocrx_word' id='word_1_297' title='bbox 1065 2430 1100 2455; x_wconf 91' lang='lat' dir='ltr'>v.</span> 
     </span>
    </p>

    <p class='ocr_par' dir='ltr' id='par_1_7' title="bbox 121 2517 1103 2864">
     <span class='ocr_line' id='line_1_41' title="bbox 172 2517 1101 2569; baseline -0.002 -11"><span class='ocrx_word' id='word_1_298' title='bbox 172 2533 231 2567; x_wconf 79' lang='lat'>47.</span> <span class='ocrx_word' id='word_1_299' title='bbox 261 2519 356 2569; x_wconf 72' lang='lat' dir='ltr'>Qod</span> <span class='ocrx_word' id='word_1_300' title='bbox 383 2530 453 2556; x_wconf 84' lang='lat' dir='ltr'>tam</span> <span class='ocrx_word' id='word_1_301' title='bbox 475 2517 680 2569; x_wconf 74' lang='lat' dir='ltr'>scrupulosa]</span> <span class='ocrx_word' id='word_1_302' title='bbox 711 2519 818 2556; x_wconf 89' lang='lat' dir='ltr'>MSS.</span> <span class='ocrx_word' id='word_1_303' title='bbox 845 2519 1009 2569; x_wconf 90' lang='lat' dir='ltr'>quinque</span> <span class='ocrx_word' id='word_1_304' title='bbox 1036 2519 1101 2557; x_wconf 85' lang='lat' dir='ltr'>ha-</span> 
     </span>
     <span class='ocr_line' id='line_1_42' title="bbox 121 2569 1100 2620; baseline -0.003 -11"><span class='ocrx_word' id='word_1_305' title='bbox 121 2572 233 2615; x_wconf 79' lang='lat' dir='ltr'>bent,</span> <span class='ocrx_word' id='word_1_306' title='bbox 262 2587 348 2620; x_wconf 80' lang='lat' dir='ltr'>quo,</span> <span class='ocrx_word' id='word_1_307' title='bbox 387 2573 424 2608; x_wconf 64' lang='grc' dir='ltr'>ἃ*</span> <span class='ocrx_word' id='word_1_308' title='bbox 450 2570 560 2618; x_wconf 76' lang='lat' dir='ltr'>paulo</span> <span class='ocrx_word' id='word_1_309' title='bbox 589 2571 688 2619; x_wconf 85' lang='lat' dir='ltr'>post,</span> <span class='ocrx_word' id='word_1_310' title='bbox 719 2571 908 2607; x_wconf 61' lang='lat' dir='ltr'>examinari</span> <span class='ocrx_word' id='word_1_311' title='bbox 942 2569 1100 2606; x_wconf 67' lang='lat' dir='ltr'>videntur</span> 
     </span>
     <span class='ocr_line' id='line_1_43' title="bbox 123 2621 1100 2669; baseline -0.002 -9"><span class='ocrx_word' id='word_1_312' title='bbox 123 2623 238 2660; x_wconf 81' lang='lat' dir='ltr'>iidem</span> <span class='ocrx_word' id='word_1_313' title='bbox 255 2650 264 2665; x_wconf 93' lang='lat'>‚</span> <span class='ocrx_word' id='word_1_314' title='bbox 294 2624 330 2659; x_wconf 65' lang='grc' dir='ltr'>δε</span> <span class='ocrx_word' id='word_1_315' title='bbox 357 2622 416 2659; x_wconf 83' lang='lat' dir='ltr'>alii</span> <span class='ocrx_word' id='word_1_316' title='bbox 444 2633 581 2669; x_wconf 76' lang='lat' dir='ltr'>magno</span> <span class='ocrx_word' id='word_1_317' title='bbox 609 2633 794 2666; x_wconf 89' lang='lat' dir='ltr'>numero,</span> <span class='ocrx_word' id='word_1_318' title='bbox 830 2621 1100 2658; x_wconf 81' lang='lat' dir='ltr'>consentientes</span> 
     </span>
     <span class='ocr_line' id='line_1_44' title="bbox 126 2672 1102 2721; baseline -0.002 -10"><span class='ocrx_word' id='word_1_319' title='bbox 126 2674 165 2711; x_wconf 86' lang='lat' dir='ltr'>in</span> <span class='ocrx_word' id='word_1_320' title='bbox 187 2685 234 2710; x_wconf 90' lang='lat' dir='ltr'>eo</span> <span class='ocrx_word' id='word_1_321' title='bbox 254 2684 340 2710; x_wconf 88' lang='lat' dir='ltr'>cum</span> <span class='ocrx_word' id='word_1_322' title='bbox 360 2673 537 2721; x_wconf 82' lang='lat' dir='ltr'>prioribus</span> <span class='ocrx_word' id='word_1_323' title='bbox 564 2672 796 2710; x_wconf 82' lang='lat' dir='ltr'>editionibus.</span> <span class='ocrx_word' id='word_1_324' title='bbox 850 2672 967 2721; x_wconf 89' lang='lat' dir='ltr'>Quod</span> <span class='ocrx_word' id='word_1_325' title='bbox 995 2684 1102 2710; x_wconf 89' lang='lat' dir='ltr'>com-</span> 
     </span>
     <span class='ocr_line' id='line_1_45' title="bbox 129 2724 1103 2773; baseline -0.003 -11"><span class='ocrx_word' id='word_1_326' title='bbox 129 2724 245 2762; x_wconf 82' lang='lat' dir='ltr'>mode</span> <span class='ocrx_word' id='word_1_327' title='bbox 264 2724 499 2771; x_wconf 73' lang='lat' dir='ltr'>explicaveris</span> <span class='ocrx_word' id='word_1_328' title='bbox 517 2738 579 2772; x_wconf 82' lang='lat' dir='ltr'>quo</span> <span class='ocrx_word' id='word_1_329' title='bbox 596 2726 730 2772; x_wconf 84' lang='lat' dir='ltr'>imperio</span> <span class='ocrx_word' id='word_1_330' title='bbox 749 2735 819 2760; x_wconf 83' lang='lat' dir='ltr'>tam</span> <span class='ocrx_word' id='word_1_331' title='bbox 842 2724 1031 2773; x_wconf 81' lang='lat' dir='ltr'>scrupulosa</span> <span class='ocrx_word' id='word_1_332' title='bbox 1050 2738 1103 2759; x_wconf 84' lang='lat' dir='ltr'>cu-</span> 
     </span>
     <span class='ocr_line' id='line_1_46' title="bbox 124 2773 1103 2826; baseline -0.003 -13"><span class='ocrx_word' id='word_1_333' title='bbox 124 2789 166 2813; x_wconf 78' lang='lat' dir='ltr'>ra</span> <span class='ocrx_word' id='word_1_334' title='bbox 195 2773 340 2821; x_wconf 66' lang='lat' dir='ltr'>parvula</span> <span class='ocrx_word' id='word_1_335' title='bbox 366 2788 494 2825; x_wconf 67' lang='lat' dir='ltr'>quoque</span> <span class='ocrx_word' id='word_1_336' title='bbox 526 2785 689 2811; x_wconf 79' lang='lat' dir='ltr'>momenta</span> <span class='ocrx_word' id='word_1_337' title='bbox 715 2775 886 2826; x_wconf 79' lang='lat' dir='ltr'>religionis</span> <span class='ocrx_word' id='word_1_338' title='bbox 912 2775 1103 2811; x_wconf 75' lang='lat' dir='ltr'>examinari</span> 
     </span>
     <span class='ocr_line' id='line_1_47' title="bbox 124 2824 294 2864; baseline -0.024 0"><span class='ocrx_word' id='word_1_339' title='bbox 124 2824 294 2864; x_wconf 64' lang='lat' dir='ltr'>videntur.</span> 
     </span>
    </p>

    <p class='ocr_par' dir='ltr' id='par_1_8' title="bbox 127 2874 1106 3086">
     <span class='ocr_line' id='line_1_48' title="bbox 175 2874 1100 2926; baseline -0.001 -13"><span class='ocrx_word' id='word_1_340' title='bbox 175 2877 235 2923; x_wconf 71' lang='lat'>48.</span> <span class='ocrx_word' id='word_1_341' title='bbox 266 2881 323 2914; x_wconf 86' lang='lat' dir='ltr'>M.</span> <span class='ocrx_word' id='word_1_342' title='bbox 345 2878 534 2913; x_wconf 70' lang='lat' dir='ltr'>Marcellus</span> <span class='ocrx_word' id='word_1_343' title='bbox 563 2876 716 2926; x_wconf 74' lang='lat' dir='ltr'>quintum</span> <span class='ocrx_word' id='word_1_344' title='bbox 742 2877 944 2925; x_wconf 78' lang='lat' dir='ltr'>consulatum</span> <span class='ocrx_word' id='word_1_345' title='bbox 965 2874 1100 2926; x_wconf 76' lang='lat' dir='ltr'>gerens]</span> 
     </span>
     <span class='ocr_line' id='line_1_49' title="bbox 127 2926 1104 2976; baseline -0.001 -12"><span class='ocrx_word' id='word_1_346' title='bbox 127 2926 184 2964; x_wconf 86' lang='lat' dir='ltr'>lta</span> <span class='ocrx_word' id='word_1_347' title='bbox 211 2927 374 2975; x_wconf 85' lang='lat' dir='ltr'>loquitur</span> <span class='ocrx_word' id='word_1_348' title='bbox 400 2927 546 2965; x_wconf 58' lang='lat' dir='ltr'>Auctor</span> <span class='ocrx_word' id='word_1_349' title='bbox 572 2927 671 2976; x_wconf 79' lang='lat' dir='ltr'>quasi</span> <span class='ocrx_word' id='word_1_350' title='bbox 697 2926 798 2963; x_wconf 87' lang='lat' dir='ltr'>idem</span> <span class='ocrx_word' id='word_1_351' title='bbox 818 2927 1014 2966; x_wconf 83' lang='lat' dir='ltr'>Marcellus</span> <span class='ocrx_word' id='word_1_352' title='bbox 1035 2939 1104 2963; x_wconf 88' lang='lat' dir='ltr'>vo-</span> 
     </span>
     <span class='ocr_line' id='line_1_50' title="bbox 129 2977 1102 3026; baseline 0 -12"><span class='ocrx_word' id='word_1_353' title='bbox 129 2978 225 3014; x_wconf 76' lang='lat' dir='ltr'>verit</span> <span class='ocrx_word' id='word_1_354' title='bbox 252 2978 461 3026; x_wconf 87' lang='lat' dir='ltr'>Templum</span> <span class='ocrx_word' id='word_1_355' title='bbox 500 2980 538 3016; x_wconf 86' lang='lat'>&amp;</span> <span class='ocrx_word' id='word_1_356' title='bbox 565 2977 799 3015; x_wconf 73' lang='lat' dir='ltr'>dedicaverit.</span> <span class='ocrx_word' id='word_1_357' title='bbox 864 2978 1102 3022; x_wconf 80' lang='lat' dir='ltr'>Contrarium</span> 
     </span>
     <span class='ocr_line' id='line_1_51' title="bbox 129 3028 1106 3086; baseline 0.001 -18"><span class='ocrx_word' id='word_1_358' title='bbox 129 3039 222 3069; x_wconf 72' lang='lat' dir='ltr'>vero</span> <span class='ocrx_word' id='word_1_359' title='bbox 241 3028 352 3070; x_wconf 75' lang='lat' dir='ltr'>docet</span> <span class='ocrx_word' id='word_1_360' title='bbox 368 3040 436 3086; x_wconf 68' lang='lat' dir='ltr'>nes</span> <span class='ocrx_word' id='word_1_361' title='bbox 454 3028 540 3071; x_wconf 75' lang='lat' dir='ltr'>Liv.</span> <span class='ocrx_word' id='word_1_362' title='bbox 558 3031 722 3070; x_wconf 64' lang='lat' dir='ltr'>Lxxxx.</span> <span class='ocrx_word' id='word_1_363' title='bbox 735 3028 776 3069; x_wconf 89' lang='lat' dir='ltr'>C.</span> <span class='ocrx_word' id='word_1_364' title='bbox 792 3041 848 3070; x_wconf 81' lang='lat'>11.</span> <span class='ocrx_word' id='word_1_365' title='bbox 874 3028 1016 3076; x_wconf 52' lang='lat' dir='ltr'>vitalem</span> <span class='ocrx_word' id='word_1_366' title='bbox 1035 3030 1106 3084; x_wconf 56' lang='lat' dir='ltr'>wir:</span> 
     </span>
    </p>
   </div>
   <div class='ocr_carea' id='block_1_6' title="bbox 1975 712 2121 772">
    <p class='ocr_par' dir='ltr' id='par_1_9' title="bbox 1975 712 2121 772">
     <span class='ocr_line' id='line_1_52' title="bbox 1975 712 2121 772; baseline -0.007 -13"><span class='ocrx_word' id='word_1_367' title='bbox 1975 712 2121 772; x_wconf 78' lang='lat' dir='ltr'>votis,</span> 
     </span>
    </p>
   </div>
   <div class='ocr_carea' id='block_1_7' title="bbox 1140 846 2133 1773">
    <p class='ocr_par' dir='ltr' id='par_1_10' title="bbox 1140 846 2127 1146">
     <span class='ocr_line' id='line_1_53' title="bbox 1143 846 2127 896; baseline 0.005 -15"><span class='ocrx_word' id='word_1_368' title='bbox 1143 846 1228 882; x_wconf 85' lang='lat' dir='ltr'>tutis</span> <span class='ocrx_word' id='word_1_369' title='bbox 1256 861 1291 882; x_wconf 87' lang='lat' dir='ltr'>eo</span> <span class='ocrx_word' id='word_1_370' title='bbox 1319 860 1406 883; x_wconf 85' lang='lat' dir='ltr'>anno</span> <span class='ocrx_word' id='word_1_371' title='bbox 1430 846 1476 882; x_wconf 84' lang='lat' dir='ltr'>ad</span> <span class='ocrx_word' id='word_1_372' title='bbox 1497 855 1630 896; x_wconf 82' lang='lat' dir='ltr'>portam</span> <span class='ocrx_word' id='word_1_373' title='bbox 1657 849 1824 896; x_wconf 78' lang='lat' dir='ltr'>Capenam</span> <span class='ocrx_word' id='word_1_374' title='bbox 1854 849 1914 886; x_wconf 83' lang='lat' dir='ltr'>M.</span> <span class='ocrx_word' id='word_1_375' title='bbox 1936 850 2127 887; x_wconf 81' lang='lat' dir='ltr'>Marcellus</span> 
     </span>
     <span class='ocr_line' id='line_1_54' title="bbox 1140 895 2123 949; baseline 0.007 -19"><span class='ocrx_word' id='word_1_376' title='bbox 1140 895 1311 931; x_wconf 68' lang='lat' dir='ltr'>dedicavit</span> <span class='ocrx_word' id='word_1_377' title='bbox 1330 899 1473 945; x_wconf 81' lang='lat' dir='ltr'>septimo</span> <span class='ocrx_word' id='word_1_378' title='bbox 1501 897 1621 931; x_wconf 80' lang='lat' dir='ltr'>decimo</span> <span class='ocrx_word' id='word_1_379' title='bbox 1649 911 1758 940; x_wconf 85' lang='lat' dir='ltr'>anno,</span> <span class='ocrx_word' id='word_1_380' title='bbox 1794 901 1966 949; x_wconf 79' lang='lat' dir='ltr'>postquam</span> <span class='ocrx_word' id='word_1_381' title='bbox 1986 911 2123 949; x_wconf 80' lang='lat' dir='ltr'>apatre</span> 
     </span>
     <span class='ocr_line' id='line_1_55' title="bbox 1141 946 2127 995; baseline 0.008 -15"><span class='ocrx_word' id='word_1_382' title='bbox 1141 951 1214 992; x_wconf 83' lang='lat' dir='ltr'>ejus</span> <span class='ocrx_word' id='word_1_383' title='bbox 1229 948 1336 994; x_wconf 83' lang='lat' dir='ltr'>primo</span> <span class='ocrx_word' id='word_1_384' title='bbox 1353 948 1526 994; x_wconf 76' lang='lat' dir='ltr'>consulatu</span> <span class='ocrx_word' id='word_1_385' title='bbox 1544 957 1626 982; x_wconf 67' lang='lat' dir='ltr'>vota</span> <span class='ocrx_word' id='word_1_386' title='bbox 1644 946 1690 982; x_wconf 82' lang='lat' dir='ltr'>ad</span> <span class='ocrx_word' id='word_1_387' title='bbox 1709 949 1906 995; x_wconf 79' lang='lat' dir='ltr'>Clastidium</span> <span class='ocrx_word' id='word_1_388' title='bbox 1919 953 2044 995; x_wconf 83' lang='lat' dir='ltr'>fuerat.</span> <span class='ocrx_word' id='word_1_389' title='bbox 2071 952 2127 988; x_wconf 82' lang='lat' dir='ltr'>Ut</span> 
     </span>
     <span class='ocr_line' id='line_1_56' title="bbox 1145 995 2127 1048; baseline 0.006 -15"><span class='ocrx_word' id='word_1_390' title='bbox 1145 995 1241 1033; x_wconf 87' lang='lat' dir='ltr'>adeo</span> <span class='ocrx_word' id='word_1_391' title='bbox 1261 995 1429 1034; x_wconf 86' lang='lat' dir='ltr'>dedicata</span> <span class='ocrx_word' id='word_1_392' title='bbox 1448 996 1489 1034; x_wconf 90' lang='lat' dir='ltr'>fit</span> <span class='ocrx_word' id='word_1_393' title='bbox 1508 996 1528 1034; x_wconf 72' lang='lat' dir='ltr'>a</span> <span class='ocrx_word' id='word_1_394' title='bbox 1549 995 1626 1034; x_wconf 89' lang='lat' dir='ltr'>filio</span> <span class='ocrx_word' id='word_1_395' title='bbox 1646 998 1744 1045; x_wconf 86' lang='lat' dir='ltr'>ejus,</span> <span class='ocrx_word' id='word_1_396' title='bbox 1771 1000 1834 1048; x_wconf 91' lang='lat' dir='ltr'>qui</span> <span class='ocrx_word' id='word_1_397' title='bbox 1855 1000 2043 1048; x_wconf 76' lang='lat' dir='ltr'>Syracusas</span> <span class='ocrx_word' id='word_1_398' title='bbox 2063 1014 2127 1039; x_wconf 55' lang='lat' dir='ltr'>exa</span> 
     </span>
     <span class='ocr_line' id='line_1_57' title="bbox 1145 1048 2125 1097; baseline 0.008 -14"><span class='ocrx_word' id='word_1_399' title='bbox 1145 1055 1375 1095; x_wconf 75' lang='lat' dir='ltr'>pugnaverat</span> <span class='ocrx_word' id='word_1_400' title='bbox 1394 1051 1411 1091; x_wconf 74' lang='lat'>‚&#39;&#39;</span> <span class='ocrx_word' id='word_1_401' title='bbox 1450 1049 1488 1086; x_wconf 67' lang='grc' dir='ltr'>δε</span> <span class='ocrx_word' id='word_1_402' title='bbox 1517 1048 1597 1096; x_wconf 89' lang='lat' dir='ltr'>jam</span> <span class='ocrx_word' id='word_1_403' title='bbox 1637 1056 1797 1097; x_wconf 83' lang='lat' dir='ltr'>quatuor</span> <span class='ocrx_word' id='word_1_404' title='bbox 1833 1059 1918 1087; x_wconf 87' lang='lat' dir='ltr'>ante</span> <span class='ocrx_word' id='word_1_405' title='bbox 1946 1063 2061 1089; x_wconf 86' lang='lat' dir='ltr'>annos</span> <span class='ocrx_word' id='word_1_406' title='bbox 2087 1054 2125 1091; x_wconf 78' lang='lat' dir='ltr'>in</span> 
     </span>
     <span class='ocr_line' id='line_1_58' title="bbox 1145 1097 1973 1146; baseline 0.006 -12"><span class='ocrx_word' id='word_1_407' title='bbox 1145 1097 1284 1146; x_wconf 83' lang='lat' dir='ltr'>praelio</span> <span class='ocrx_word' id='word_1_408' title='bbox 1304 1098 1473 1137; x_wconf 86' lang='lat' dir='ltr'>adversus</span> <span class='ocrx_word' id='word_1_409' title='bbox 1493 1098 1717 1136; x_wconf 81' lang='lat' dir='ltr'>Annibalem</span> <span class='ocrx_word' id='word_1_410' title='bbox 1739 1100 1973 1139; x_wconf 85' lang='lat' dir='ltr'>occubuerat.</span> 
     </span>
    </p>

    <p class='ocr_par' dir='ltr' id='par_1_11' title="bbox 1145 1148 2128 1238">
     <span class='ocr_line' id='line_1_59' title="bbox 1193 1148 2128 1204; baseline 0.009 -19"><span class='ocrx_word' id='word_1_411' title='bbox 1193 1160 1252 1196; x_wconf 73' lang='lat'>49.</span> <span class='ocrx_word' id='word_1_412' title='bbox 1280 1149 1442 1196; x_wconf 72' lang='lat' dir='ltr'>Clastidio</span> <span class='ocrx_word' id='word_1_413' title='bbox 1457 1148 1603 1199; x_wconf 79' lang='lat' dir='ltr'>potitus]</span> <span class='ocrx_word' id='word_1_414' title='bbox 1635 1149 1776 1189; x_wconf 83' lang='lat' dir='ltr'>Galliae</span> <span class='ocrx_word' id='word_1_415' title='bbox 1786 1152 2002 1201; x_wconf 14' lang='lat' dir='ltr'>VlCisalpinae</span> <span class='ocrx_word' id='word_1_416' title='bbox 2020 1155 2128 1204; x_wconf 79' lang='lat' dir='ltr'>oppi-</span> 
     </span>
     <span class='ocr_line' id='line_1_60' title="bbox 1145 1199 1636 1238; baseline 0 0"><span class='ocrx_word' id='word_1_417' title='bbox 1145 1199 1234 1238; x_wconf 88' lang='lat' dir='ltr'>dum</span> <span class='ocrx_word' id='word_1_418' title='bbox 1263 1199 1302 1238; x_wconf 92' lang='lat' dir='ltr'>id</span> <span class='ocrx_word' id='word_1_419' title='bbox 1330 1201 1410 1238; x_wconf 87' lang='lat' dir='ltr'>fuit.</span> <span class='ocrx_word' id='word_1_420' title='bbox 1438 1200 1636 1238; x_wconf 80' lang='lat' dir='ltr'><strong>VORST.</strong></span> 
     </span>
    </p>

    <p class='ocr_par' dir='ltr' id='par_1_12' title="bbox 1146 1265 2133 1773">
     <span class='ocr_line' id='line_1_61' title="bbox 1196 1265 2130 1316; baseline 0.005 -12"><span class='ocrx_word' id='word_1_421' title='bbox 1196 1279 1254 1314; x_wconf 78' lang='lat'>50.</span> <span class='ocrx_word' id='word_1_422' title='bbox 1283 1267 1492 1316; x_wconf 80' lang='lat' dir='ltr'>Nuncupatis</span> <span class='ocrx_word' id='word_1_423' title='bbox 1511 1265 1658 1303; x_wconf 80' lang='lat' dir='ltr'>debitum</span> <span class='ocrx_word' id='word_1_424' title='bbox 1677 1266 1784 1316; x_wconf 66' lang='lat' dir='ltr'>votis]</span> <span class='ocrx_word' id='word_1_425' title='bbox 1813 1269 1867 1306; x_wconf 77' lang='lat' dir='ltr'>Ita</span> <span class='ocrx_word' id='word_1_426' title='bbox 1887 1269 1994 1308; x_wconf 87' lang='lat' dir='ltr'>codd.</span> <span class='ocrx_word' id='word_1_427' title='bbox 2014 1270 2130 1309; x_wconf 68' lang='lat' dir='ltr'>Bran-²</span> 
     </span>
     <span class='ocr_line' id='line_1_62' title="bbox 1147 1315 2132 1367; baseline 0.005 -14"><span class='ocrx_word' id='word_1_428' title='bbox 1147 1315 1229 1354; x_wconf 89' lang='lat' dir='ltr'>deb.</span> <span class='ocrx_word' id='word_1_429' title='bbox 1248 1328 1316 1365; x_wconf 90' lang='lat' dir='ltr'>pro</span> <span class='ocrx_word' id='word_1_430' title='bbox 1336 1329 1383 1354; x_wconf 93' lang='lat' dir='ltr'>eo</span> <span class='ocrx_word' id='word_1_431' title='bbox 1404 1316 1509 1367; x_wconf 87' lang='lat' dir='ltr'>quod</span> <span class='ocrx_word' id='word_1_432' title='bbox 1529 1318 1675 1366; x_wconf 81' lang='lat' dir='ltr'>Pighius</span> <span class='ocrx_word' id='word_1_433' title='bbox 1695 1319 1733 1355; x_wconf 66' lang='grc' dir='ltr'>ὃς</span> <span class='ocrx_word' id='word_1_434' title='bbox 1754 1319 1812 1356; x_wconf 78' lang='lat' dir='ltr'>alii</span> <span class='ocrx_word' id='word_1_435' title='bbox 1832 1319 2026 1359; x_wconf 83' lang='lat' dir='ltr'>ediderunt</span> <span class='ocrx_word' id='word_1_436' title='bbox 2045 1337 2132 1358; x_wconf 79' lang='lat' dir='ltr'>nun-</span> 
     </span>
     <span class='ocr_line' id='line_1_63' title="bbox 1146 1368 2129 1420; baseline 0.007 -17"><span class='ocrx_word' id='word_1_437' title='bbox 1146 1371 1276 1416; x_wconf 80' lang='lat' dir='ltr'>cupatis</span> <span class='ocrx_word' id='word_1_438' title='bbox 1294 1371 1383 1404; x_wconf 68' lang='lat' dir='ltr'>votis</span> <span class='ocrx_word' id='word_1_439' title='bbox 1402 1368 1476 1406; x_wconf 80' lang='lat' dir='ltr'>deb.</span> <span class='ocrx_word' id='word_1_440' title='bbox 1522 1369 1657 1418; x_wconf 88' lang='lat' dir='ltr'>Estque</span> <span class='ocrx_word' id='word_1_441' title='bbox 1684 1368 1820 1416; x_wconf 80' lang='lat' dir='ltr'>positus</span> <span class='ocrx_word' id='word_1_442' title='bbox 1848 1382 1987 1408; x_wconf 88' lang='lat' dir='ltr'>vocum</span> <span class='ocrx_word' id='word_1_443' title='bbox 2016 1372 2129 1420; x_wconf 85' lang='lat' dir='ltr'>paulo</span> 
     </span>
     <span class='ocr_line' id='line_1_64' title="bbox 1149 1418 2131 1470; baseline 0.005 -15"><span class='ocrx_word' id='word_1_444' title='bbox 1149 1418 1353 1467; x_wconf 86' lang='lat' dir='ltr'>elegantior</span> <span class='ocrx_word' id='word_1_445' title='bbox 1366 1448 1377 1463; x_wconf 89' lang='lat'>,</span> <span class='ocrx_word' id='word_1_446' title='bbox 1404 1431 1482 1470; x_wconf 87' lang='lat' dir='ltr'>quo</span> <span class='ocrx_word' id='word_1_447' title='bbox 1501 1419 1598 1456; x_wconf 87' lang='lat' dir='ltr'>inter</span> <span class='ocrx_word' id='word_1_448' title='bbox 1618 1419 1845 1468; x_wconf 59' lang='lat' dir='ltr'>adjectivum</span> <span class='ocrx_word' id='word_1_449' title='bbox 1872 1432 2015 1459; x_wconf 87' lang='lat' dir='ltr'>nomen</span> <span class='ocrx_word' id='word_1_450' title='bbox 2029 1451 2039 1467; x_wconf 90' lang='lat'><em>,</em></span> <span class='ocrx_word' id='word_1_451' title='bbox 2066 1431 2131 1460; x_wconf 74' lang='lat' dir='ltr'>aut.</span> 
     </span>
     <span class='ocr_line' id='line_1_65' title="bbox 1150 1470 2129 1522; baseline 0.005 -16"><span class='ocrx_word' id='word_1_452' title='bbox 1150 1471 1382 1518; x_wconf 88' lang='lat' dir='ltr'>participium</span> <span class='ocrx_word' id='word_1_453' title='bbox 1396 1499 1406 1515; x_wconf 91' lang='lat'>‚</span> <span class='ocrx_word' id='word_1_454' title='bbox 1426 1472 1618 1508; x_wconf 87' lang='lat' dir='ltr'>&amp;nomen</span> <span class='ocrx_word' id='word_1_455' title='bbox 1638 1470 1897 1508; x_wconf 84' lang='lat' dir='ltr'>substantivum</span> <span class='ocrx_word' id='word_1_456' title='bbox 1919 1471 2057 1522; x_wconf 89' lang='lat' dir='ltr'>aliquid</span> <span class='ocrx_word' id='word_1_457' title='bbox 2073 1475 2129 1511; x_wconf 71' lang='lat' dir='ltr'>in—</span> 
     </span>
     <span class='ocr_line' id='line_1_66' title="bbox 1148 1521 2133 1570; baseline 0.003 -13"><span class='ocrx_word' id='word_1_458' title='bbox 1148 1521 1367 1569; x_wconf 88' lang='lat' dir='ltr'>terponitur.</span> <span class='ocrx_word' id='word_1_459' title='bbox 1421 1521 1475 1558; x_wconf 83' lang='lat' dir='ltr'>Ita</span> <span class='ocrx_word' id='word_1_460' title='bbox 1495 1522 1610 1570; x_wconf 83' lang='lat' dir='ltr'>magis</span> <span class='ocrx_word' id='word_1_461' title='bbox 1630 1533 1784 1570; x_wconf 88' lang='lat' dir='ltr'>quoque</span> <span class='ocrx_word' id='word_1_462' title='bbox 1810 1532 1982 1570; x_wconf 84' lang='lat' dir='ltr'>apparet,</span> <span class='ocrx_word' id='word_1_463' title='bbox 2009 1538 2133 1560; x_wconf 75' lang='lat' dir='ltr'>nuncu-</span> 
     </span>
     <span class='ocr_line' id='line_1_67' title="bbox 1146 1572 2131 1619; baseline 0.005 -12"><span class='ocrx_word' id='word_1_464' title='bbox 1146 1574 1237 1619; x_wconf 82' lang='lat' dir='ltr'>patis</span> <span class='ocrx_word' id='word_1_465' title='bbox 1256 1575 1347 1608; x_wconf 66' lang='lat' dir='ltr'>votis</span> <span class='ocrx_word' id='word_1_466' title='bbox 1370 1583 1449 1609; x_wconf 92' lang='lat' dir='ltr'>non</span> <span class='ocrx_word' id='word_1_467' title='bbox 1467 1572 1650 1615; x_wconf 88' lang='lat' dir='ltr'>sexti,sed</span> <span class='ocrx_word' id='word_1_468' title='bbox 1668 1572 1764 1609; x_wconf 88' lang='lat' dir='ltr'>tertii</span> <span class='ocrx_word' id='word_1_469' title='bbox 1785 1573 1882 1610; x_wconf 81' lang='lat' dir='ltr'>casus</span> <span class='ocrx_word' id='word_1_470' title='bbox 1902 1572 2131 1612; x_wconf 81' lang='lat' dir='ltr'>effe.VOR-</span> 
     </span>
     <span class='ocr_line' id='line_1_68' title="bbox 1151 1622 2130 1673; baseline 0.003 -14"><span class='ocrx_word' id='word_1_471' title='bbox 1151 1623 1314 1660; x_wconf 91' lang='lat' dir='ltr'>STIUS.</span> <span class='ocrx_word' id='word_1_472' title='bbox 1368 1622 1535 1671; x_wconf 78' lang='lat' dir='ltr'>intellige</span> <span class='ocrx_word' id='word_1_473' title='bbox 1554 1623 1725 1671; x_wconf 84' lang='lat' dir='ltr'>Pighium</span> <span class='ocrx_word' id='word_1_474' title='bbox 1747 1624 1787 1660; x_wconf 69' lang='grc' dir='ltr'>δε</span> <span class='ocrx_word' id='word_1_475' title='bbox 1805 1623 1894 1660; x_wconf 88' lang='lat' dir='ltr'>alios</span> <span class='ocrx_word' id='word_1_476' title='bbox 1913 1625 1993 1672; x_wconf 88' lang='lat' dir='ltr'>post</span> <span class='ocrx_word' id='word_1_477' title='bbox 2011 1625 2130 1673; x_wconf 80' lang='lat' dir='ltr'>ipsum</span> 
     </span>
     <span class='ocr_line' id='line_1_69' title="bbox 1149 1671 2130 1722; baseline 0.004 -12"><span class='ocrx_word' id='word_1_478' title='bbox 1149 1672 1198 1710; x_wconf 89' lang='lat' dir='ltr'>fic</span> <span class='ocrx_word' id='word_1_479' title='bbox 1216 1671 1386 1717; x_wconf 79' lang='lat' dir='ltr'>edidiffe3</span> <span class='ocrx_word' id='word_1_480' title='bbox 1407 1685 1494 1711; x_wconf 84' lang='lat' dir='ltr'>nam</span> <span class='ocrx_word' id='word_1_481' title='bbox 1516 1674 1655 1722; x_wconf 82' lang='lat' dir='ltr'>priores</span> <span class='ocrx_word' id='word_1_482' title='bbox 1674 1685 1760 1710; x_wconf 87' lang='lat' dir='ltr'>cum</span> <span class='ocrx_word' id='word_1_483' title='bbox 1780 1675 1887 1713; x_wconf 81' lang='lat' dir='ltr'><strong>MSS.</strong></span> <span class='ocrx_word' id='word_1_484' title='bbox 1905 1676 2049 1714; x_wconf 84' lang='lat' dir='ltr'>servant</span> <span class='ocrx_word' id='word_1_485' title='bbox 2069 1688 2130 1714; x_wconf 60' lang='grc' dir='ltr'>ομ</span> 
     </span>
     <span class='ocr_line' id='line_1_70' title="bbox 1150 1723 1813 1773; baseline 0.002 -12"><span class='ocrx_word' id='word_1_486' title='bbox 1150 1723 1277 1762; x_wconf 90' lang='lat' dir='ltr'>dinem</span> <span class='ocrx_word' id='word_1_487' title='bbox 1291 1753 1301 1769; x_wconf 87' lang='lat'>‚</span> <span class='ocrx_word' id='word_1_488' title='bbox 1329 1735 1443 1773; x_wconf 88' lang='lat' dir='ltr'>quem</span> <span class='ocrx_word' id='word_1_489' title='bbox 1467 1725 1634 1762; x_wconf 73' lang='lat' dir='ltr'>Vorstius</span> <span class='ocrx_word' id='word_1_490' title='bbox 1652 1724 1813 1762; x_wconf 84' lang='lat' dir='ltr'>restituit.</span> 
     </span>
    </p>
   </div>
   <div class='ocr_carea' id='block_1_8' title="bbox 1151 1790 2132 1883">
    <p class='ocr_par' dir='ltr' id='par_1_13' title="bbox 1151 1790 2132 1883">
     <span class='ocr_line' id='line_1_71' title="bbox 1200 1790 2132 1842; baseline 0.003 -14"><span class='ocrx_word' id='word_1_491' title='bbox 1200 1805 1258 1841; x_wconf 80' lang='lat'>51.</span> <span class='ocrx_word' id='word_1_492' title='bbox 1289 1799 1396 1827; x_wconf 83' lang='lat' dir='ltr'>Unam</span> <span class='ocrx_word' id='word_1_493' title='bbox 1415 1790 1548 1840; x_wconf 85' lang='lat' dir='ltr'>cellam]</span> <span class='ocrx_word' id='word_1_494' title='bbox 1581 1790 1684 1828; x_wconf 83' lang='lat' dir='ltr'>Cella</span> <span class='ocrx_word' id='word_1_495' title='bbox 1710 1803 1778 1840; x_wconf 89' lang='lat' dir='ltr'>pro</span> <span class='ocrx_word' id='word_1_496' title='bbox 1804 1791 1896 1829; x_wconf 86' lang='lat' dir='ltr'>aede</span> <span class='ocrx_word' id='word_1_497' title='bbox 1917 1820 1926 1835; x_wconf 94' lang='lat'>,</span> <span class='ocrx_word' id='word_1_498' title='bbox 1961 1793 2132 1842; x_wconf 59' lang='lat' dir='ltr'>rempiog</span> 
     </span>
     <span class='ocr_line' id='line_1_72' title="bbox 1151 1841 2100 1883; baseline 0.003 -3"><span class='ocrx_word' id='word_1_499' title='bbox 1151 1843 1230 1880; x_wconf 82' lang='lat' dir='ltr'>Cic.</span> <span class='ocrx_word' id='word_1_500' title='bbox 1248 1842 1338 1879; x_wconf 85' lang='lat' dir='ltr'>Phil.</span> <span class='ocrx_word' id='word_1_501' title='bbox 1353 1855 1365 1879; x_wconf 93' lang='lat'>1</span> <span class='ocrx_word' id='word_1_502' title='bbox 1379 1855 1408 1879; x_wconf 90' lang='lat'>1.</span> <span class='ocrx_word' id='word_1_503' title='bbox 1423 1844 1459 1877; x_wconf 86' lang='lat' dir='ltr'>in</span> <span class='ocrx_word' id='word_1_504' title='bbox 1478 1841 1536 1877; x_wconf 77' lang='lat' dir='ltr'>bac</span> <span class='ocrx_word' id='word_1_505' title='bbox 1560 1844 1643 1878; x_wconf 83' lang='lat' dir='ltr'>cella</span> <span class='ocrx_word' id='word_1_506' title='bbox 1662 1841 1873 1880; x_wconf 82' lang='lat' dir='ltr'>Concordiae.</span> <span class='ocrx_word' id='word_1_507' title='bbox 1902 1844 2100 1883; x_wconf 84' lang='lat' dir='ltr'>VORST.</span> 
     </span>
    </p>
   </div>
   <div class='ocr_carea' id='block_1_9' title="bbox 1147 1897 2129 2000">
    <p class='ocr_par' dir='ltr' id='par_1_14' title="bbox 1147 1897 2129 2000">
     <span class='ocr_line' id='line_1_73' title="bbox 1200 1897 2129 1949; baseline 0.002 -12"><span class='ocrx_word' id='word_1_508' title='bbox 1200 1912 1257 1949; x_wconf 76' lang='lat'>52.</span> <span class='ocrx_word' id='word_1_509' title='bbox 1286 1902 1355 1935; x_wconf 84' lang='lat' dir='ltr'>Nec</span> <span class='ocrx_word' id='word_1_510' title='bbox 1373 1897 1497 1935; x_wconf 77' lang='lat' dir='ltr'>duobus</span> <span class='ocrx_word' id='word_1_511' title='bbox 1516 1900 1580 1946; x_wconf 76' lang='lat' dir='ltr'>ntfi</span> <span class='ocrx_word' id='word_1_512' title='bbox 1597 1901 1692 1936; x_wconf 76' lang='lat' dir='ltr'>certis</span> <span class='ocrx_word' id='word_1_513' title='bbox 1712 1898 1826 1946; x_wconf 64' lang='lat' dir='ltr'>Diis]</span> <span class='ocrx_word' id='word_1_514' title='bbox 1860 1902 1969 1937; x_wconf 79' lang='lat' dir='ltr'>Certis</span> <span class='ocrx_word' id='word_1_515' title='bbox 1991 1908 2031 1938; x_wconf 79' lang='lat' dir='ltr'>ut</span> <span class='ocrx_word' id='word_1_516' title='bbox 2055 1902 2129 1939; x_wconf 56' lang='lat' dir='ltr'>Cae</span> 
     </span>
     <span class='ocr_line' id='line_1_74' title="bbox 1147 1949 2126 2000; baseline 0.002 -11"><span class='ocrx_word' id='word_1_517' title='bbox 1147 1951 1233 1989; x_wconf 90' lang='lat' dir='ltr'>stori</span> <span class='ocrx_word' id='word_1_518' title='bbox 1259 1951 1298 1988; x_wconf 86' lang='lat'>&amp;</span> <span class='ocrx_word' id='word_1_519' title='bbox 1324 1949 1472 1987; x_wconf 90' lang='lat' dir='ltr'>Polluc:</span> <span class='ocrx_word' id='word_1_520' title='bbox 1501 1951 1726 2000; x_wconf 83' lang='lat' dir='ltr'>Apollini&amp;</span> <span class='ocrx_word' id='word_1_521' title='bbox 1744 1951 1901 1989; x_wconf 66' lang='lat' dir='ltr'>Dianae⁴³</span> <span class='ocrx_word' id='word_1_522' title='bbox 1928 1952 2126 1991; x_wconf 68' lang='lat' dir='ltr'>VORST,</span> 
     </span>
    </p>
   </div>
   <div class='ocr_carea' id='block_1_10' title="bbox 1144 2014 2135 3116">
    <p class='ocr_par' dir='ltr' id='par_1_15' title="bbox 1144 2014 2135 2217">
     <span class='ocr_line' id='line_1_75' title="bbox 1201 2014 2135 2067; baseline 0 -13"><span class='ocrx_word' id='word_1_523' title='bbox 1201 2029 1259 2067; x_wconf 75' lang='lat'>53.</span> <span class='ocrx_word' id='word_1_524' title='bbox 1287 2020 1371 2054; x_wconf 86' lang='lat' dir='ltr'>Suus</span> <span class='ocrx_word' id='word_1_525' title='bbox 1392 2014 1500 2065; x_wconf 80' lang='lat' dir='ltr'>tenor]</span> <span class='ocrx_word' id='word_1_526' title='bbox 1532 2015 1616 2054; x_wconf 88' lang='lat' dir='ltr'>Liv.</span> <span class='ocrx_word' id='word_1_527' title='bbox 1637 2016 1682 2052; x_wconf 92' lang='lat' dir='ltr'>L.</span> <span class='ocrx_word' id='word_1_528' title='bbox 1701 2027 1811 2053; x_wconf 82' lang='lat' dir='ltr'>XXXV.</span> <span class='ocrx_word' id='word_1_529' title='bbox 1835 2017 1888 2054; x_wconf 85' lang='lat'>16.</span> <span class='ocrx_word' id='word_1_530' title='bbox 1920 2023 1990 2052; x_wconf 88' lang='lat' dir='ltr'>Uno</span> <span class='ocrx_word' id='word_1_531' title='bbox 2003 2024 2135 2066; x_wconf 68' lang='lat' dir='ltr'>&amp;per-</span> 
     </span>
     <span class='ocr_line' id='line_1_76' title="bbox 1144 2068 2132 2117; baseline 0 -15"><span class='ocrx_word' id='word_1_532' title='bbox 1144 2078 1243 2117; x_wconf 85' lang='lat' dir='ltr'>petuo</span> <span class='ocrx_word' id='word_1_533' title='bbox 1265 2080 1375 2105; x_wconf 85' lang='lat' dir='ltr'>tenore</span> <span class='ocrx_word' id='word_1_534' title='bbox 1394 2070 1487 2113; x_wconf 69' lang='lat' dir='ltr'>yuris.</span> <span class='ocrx_word' id='word_1_535' title='bbox 1516 2068 1561 2104; x_wconf 87' lang='lat' dir='ltr'>L.</span> <span class='ocrx_word' id='word_1_536' title='bbox 1583 2080 1701 2104; x_wconf 80' lang='lat' dir='ltr'>XXXVI</span> <span class='ocrx_word' id='word_1_537' title='bbox 1714 2081 1743 2104; x_wconf 85' lang='grc' dir='ltr'>Ι.</span> <span class='ocrx_word' id='word_1_538' title='bbox 1767 2079 1823 2116; x_wconf 78' lang='lat'>57.</span> <span class='ocrx_word' id='word_1_539' title='bbox 1851 2070 1956 2114; x_wconf 79' lang='lat' dir='ltr'>Cujus</span> <span class='ocrx_word' id='word_1_540' title='bbox 1983 2069 2132 2103; x_wconf 60' lang='lat' dir='ltr'>‹tectiori-</span> 
     </span>
     <span class='ocr_line' id='line_1_77' title="bbox 1150 2117 2132 2169; baseline 0.002 -15"><span class='ocrx_word' id='word_1_541' title='bbox 1150 2129 1254 2154; x_wconf 83' lang='lat' dir='ltr'>tatem</span> <span class='ocrx_word' id='word_1_542' title='bbox 1283 2130 1437 2169; x_wconf 79' lang='lat' dir='ltr'>perpetuo</span> <span class='ocrx_word' id='word_1_543' title='bbox 1468 2129 1578 2154; x_wconf 83' lang='lat' dir='ltr'>tenore</span> <span class='ocrx_word' id='word_1_544' title='bbox 1604 2120 1698 2155; x_wconf 66' lang='lat' dir='ltr'>vitae</span> <span class='ocrx_word' id='word_1_545' title='bbox 1725 2119 1853 2166; x_wconf 80' lang='lat' dir='ltr'>partim</span> <span class='ocrx_word' id='word_1_546' title='bbox 1880 2128 1960 2169; x_wconf 74' lang='lat' dir='ltr'>toga</span> <span class='ocrx_word' id='word_1_547' title='bbox 1987 2117 2132 2156; x_wconf 68' lang='lat' dir='ltr'>candida</span> 
     </span>
     <span class='ocr_line' id='line_1_78' title="bbox 1150 2169 2030 2217; baseline 0.002 -12"><span class='ocrx_word' id='word_1_548' title='bbox 1150 2170 1320 2207; x_wconf 63' lang='lat' dir='ltr'>elevabat.</span> <span class='ocrx_word' id='word_1_549' title='bbox 1345 2170 1590 2207; x_wconf 83' lang='lat' dir='ltr'>PERIZON.</span> <span class='ocrx_word' id='word_1_550' title='bbox 1644 2169 1779 2206; x_wconf 78' lang='lat' dir='ltr'>Noster</span> <span class='ocrx_word' id='word_1_551' title='bbox 1797 2169 1844 2206; x_wconf 85' lang='lat' dir='ltr'>L.</span> <span class='ocrx_word' id='word_1_552' title='bbox 1865 2181 1923 2206; x_wconf 81' lang='lat' dir='ltr'>VI.</span> <span class='ocrx_word' id='word_1_553' title='bbox 1944 2182 1978 2217; x_wconf 74' lang='grc' dir='ltr'>ς.</span> <span class='ocrx_word' id='word_1_554' title='bbox 2001 2182 2030 2207; x_wconf 77' lang='lat'>1.</span> 
     </span>
    </p>

    <p class='ocr_par' dir='ltr' id='par_1_16' title="bbox 1146 2219 2132 3116">
     <span class='ocr_line' id='line_1_79' title="bbox 1201 2219 2131 2269; baseline 0 -12"><span class='ocrx_word' id='word_1_555' title='bbox 1201 2234 1257 2269; x_wconf 77' lang='lat'>54.</span> <span class='ocrx_word' id='word_1_556' title='bbox 1279 2221 1445 2257; x_wconf 81' lang='lat' dir='ltr'>Obruitur</span> <span class='ocrx_word' id='word_1_557' title='bbox 1465 2232 1513 2256; x_wconf 84' lang='lat' dir='ltr'>tot</span> <span class='ocrx_word' id='word_1_558' title='bbox 1532 2221 1635 2256; x_wconf 79' lang='lat' dir='ltr'>etiam</span> <span class='ocrx_word' id='word_1_559' title='bbox 1654 2219 1837 2266; x_wconf 75' lang='lat' dir='ltr'>illustribus</span> <span class='ocrx_word' id='word_1_560' title='bbox 1856 2220 2076 2268; x_wconf 81' lang='lat' dir='ltr'>consulatibus</span> <span class='ocrx_word' id='word_1_561' title='bbox 2090 2223 2131 2258; x_wconf 71' lang='grc' dir='ltr'>ἱ.</span> 
     </span>
     <span class='ocr_line' id='line_1_80' title="bbox 1146 2270 2130 2319; baseline 0.002 -13"><span class='ocrx_word' id='word_1_562' title='bbox 1146 2270 1284 2319; x_wconf 77' lang='lat' dir='ltr'>Furius]</span> <span class='ocrx_word' id='word_1_563' title='bbox 1316 2270 1527 2308; x_wconf 70' lang='lat' dir='ltr'>Dillinrstius</span> <span class='ocrx_word' id='word_1_564' title='bbox 1548 2271 1738 2319; x_wconf 81' lang='lat' dir='ltr'>aptiusque</span> <span class='ocrx_word' id='word_1_565' title='bbox 1758 2270 1872 2307; x_wconf 87' lang='lat' dir='ltr'>scribo</span> <span class='ocrx_word' id='word_1_566' title='bbox 1887 2299 1897 2313; x_wconf 93' lang='lat'><strong><em>‚</em></strong></span> <span class='ocrx_word' id='word_1_567' title='bbox 1924 2281 1973 2306; x_wconf 83' lang='lat' dir='ltr'>tot</span> <span class='ocrx_word' id='word_1_568' title='bbox 1989 2279 2130 2309; x_wconf 61' lang='lat' dir='ltr'>&amp;tam-</span> 
     </span>
     <span class='ocr_line' id='line_1_81' title="bbox 1147 2320 2129 2368; baseline 0.003 -13"><span class='ocrx_word' id='word_1_569' title='bbox 1147 2320 1263 2363; x_wconf 84' lang='lat' dir='ltr'>item,</span> <span class='ocrx_word' id='word_1_570' title='bbox 1292 2320 1536 2368; x_wconf 75' lang='lat' dir='ltr'>Consulatibus.</span> <span class='ocrx_word' id='word_1_571' title='bbox 1603 2321 1703 2357; x_wconf 88' lang='lat' dir='ltr'>Nam</span> <span class='ocrx_word' id='word_1_572' title='bbox 1732 2320 1777 2356; x_wconf 90' lang='lat' dir='ltr'>de</span> <span class='ocrx_word' id='word_1_573' title='bbox 1797 2320 1977 2358; x_wconf 85' lang='lat' dir='ltr'>Marcello</span> <span class='ocrx_word' id='word_1_574' title='bbox 1996 2321 2129 2359; x_wconf 40' lang='lat' dir='ltr'>retulew</span> 
     </span>
     <span class='ocr_line' id='line_1_82' title="bbox 1150 2369 2126 2419; baseline 0.003 -14"><span class='ocrx_word' id='word_1_575' title='bbox 1150 2376 1206 2405; x_wconf 82' lang='lat' dir='ltr'>rat</span> <span class='ocrx_word' id='word_1_576' title='bbox 1233 2370 1405 2418; x_wconf 86' lang='lat' dir='ltr'>quintum</span> <span class='ocrx_word' id='word_1_577' title='bbox 1435 2369 1592 2407; x_wconf 83' lang='lat' dir='ltr'>consule.</span> <span class='ocrx_word' id='word_1_578' title='bbox 1646 2371 1777 2419; x_wconf 84' lang='lat' dir='ltr'>Itaque</span> <span class='ocrx_word' id='word_1_579' title='bbox 1804 2370 1902 2408; x_wconf 67' lang='lat' dir='ltr'>reete</span> <span class='ocrx_word' id='word_1_580' title='bbox 1922 2372 2126 2410; x_wconf 79' lang='lat' dir='ltr'>consulatus</span> 
     </span>
     <span class='ocr_line' id='line_1_83' title="bbox 1152 2419 2123 2469; baseline 0.002 -13"><span class='ocrx_word' id='word_1_581' title='bbox 1152 2419 1308 2457; x_wconf 88' lang='lat' dir='ltr'>multos:</span> <span class='ocrx_word' id='word_1_582' title='bbox 1338 2432 1417 2458; x_wconf 92' lang='lat' dir='ltr'>non</span> <span class='ocrx_word' id='word_1_583' title='bbox 1433 2421 1590 2468; x_wconf 84' lang='lat' dir='ltr'>pariter,</span> <span class='ocrx_word' id='word_1_584' title='bbox 1619 2421 1836 2458; x_wconf 82' lang='lat' dir='ltr'>Consulares</span> <span class='ocrx_word' id='word_1_585' title='bbox 1857 2421 1996 2469; x_wconf 79' lang='lat' dir='ltr'>legeris.</span> <span class='ocrx_word' id='word_1_586' title='bbox 2041 2424 2123 2459; x_wconf 87' lang='lat' dir='ltr'>Nec</span> 
     </span>
     <span class='ocr_line' id='line_1_84' title="bbox 1153 2469 2121 2518; baseline 0.002 -12"><span class='ocrx_word' id='word_1_587' title='bbox 1153 2470 1253 2507; x_wconf 86' lang='lat' dir='ltr'>enim</span> <span class='ocrx_word' id='word_1_588' title='bbox 1280 2470 1398 2518; x_wconf 87' lang='lat' dir='ltr'>plures</span> <span class='ocrx_word' id='word_1_589' title='bbox 1425 2469 1658 2518; x_wconf 72' lang='lat' dir='ltr'>praecessere.</span> <span class='ocrx_word' id='word_1_590' title='bbox 1686 2471 1808 2508; x_wconf 87' lang='lat' dir='ltr'>LIPS.</span> <span class='ocrx_word' id='word_1_591' title='bbox 1865 2473 1988 2510; x_wconf 79' lang='lat' dir='ltr'>Placet</span> <span class='ocrx_word' id='word_1_592' title='bbox 2014 2472 2121 2509; x_wconf 74' lang='lat' dir='ltr'>lec‘tio</span> 
     </span>
     <span class='ocr_line' id='line_1_85' title="bbox 1153 2520 2124 2570; baseline 0.002 -13"><span class='ocrx_word' id='word_1_593' title='bbox 1153 2520 1354 2568; x_wconf 69' lang='lat' dir='ltr'>Lipfiana:</span> <span class='ocrx_word' id='word_1_594' title='bbox 1407 2523 1470 2557; x_wconf 83' lang='lat' dir='ltr'>Tot</span> <span class='ocrx_word' id='word_1_595' title='bbox 1506 2533 1642 2570; x_wconf 72' lang='lat' dir='ltr'>tamque</span> <span class='ocrx_word' id='word_1_596' title='bbox 1678 2522 1861 2570; x_wconf 68' lang='lat' dir='ltr'>illustribus</span> <span class='ocrx_word' id='word_1_597' title='bbox 1892 2523 2124 2570; x_wconf 68' lang='lat' dir='ltr'>consulatibus.</span> 
     </span>
     <span class='ocr_line' id='line_1_86' title="bbox 1154 2572 2126 2623; baseline 0 -15"><span class='ocrx_word' id='word_1_598' title='bbox 1154 2572 1348 2609; x_wconf 79' lang='lat' dir='ltr'>COLER.</span> <span class='ocrx_word' id='word_1_599' title='bbox 1400 2572 1542 2621; x_wconf 78' lang='lat' dir='ltr'>Lipsius</span> <span class='ocrx_word' id='word_1_600' title='bbox 1568 2573 1768 2621; x_wconf 83' lang='lat' dir='ltr'>legendum</span> <span class='ocrx_word' id='word_1_601' title='bbox 1796 2582 1899 2623; x_wconf 67' lang='lat' dir='ltr'>putat</span> <span class='ocrx_word' id='word_1_602' title='bbox 1926 2577 1985 2609; x_wconf 81' lang='lat' dir='ltr'>Tot</span> <span class='ocrx_word' id='word_1_603' title='bbox 2006 2584 2034 2608; x_wconf 82' lang='lat' dir='ltr'>et</span> <span class='ocrx_word' id='word_1_604' title='bbox 2054 2584 2126 2609; x_wconf 85' lang='lat' dir='ltr'>tam</span> 
     </span>
     <span class='ocr_line' id='line_1_87' title="bbox 1151 2623 2129 2673; baseline 0.003 -16"><span class='ocrx_word' id='word_1_605' title='bbox 1151 2623 1334 2670; x_wconf 77' lang='lat' dir='ltr'>illustribus</span> <span class='ocrx_word' id='word_1_606' title='bbox 1350 2623 1593 2672; x_wconf 55' lang='lat' dir='ltr'>consulatibus,</span> <span class='ocrx_word' id='word_1_607' title='bbox 1626 2637 1721 2673; x_wconf 85' lang='lat' dir='ltr'>quae</span> <span class='ocrx_word' id='word_1_608' title='bbox 1748 2624 1957 2673; x_wconf 66' lang='lat' dir='ltr'>conjectura</span> <span class='ocrx_word' id='word_1_609' title='bbox 1984 2625 2021 2660; x_wconf 72' lang='grc' dir='ltr'>ὅ(</span> <span class='ocrx_word' id='word_1_610' title='bbox 2050 2623 2129 2660; x_wconf 68' lang='grc' dir='ltr'>ΕΟ-Ἰ</span> 
     </span>
     <span class='ocr_line' id='line_1_88' title="bbox 1150 2673 2122 2722; baseline 0.002 -13"><span class='ocrx_word' id='word_1_611' title='bbox 1150 2673 1229 2710; x_wconf 86' lang='lat' dir='ltr'>lero</span> <span class='ocrx_word' id='word_1_612' title='bbox 1265 2674 1395 2722; x_wconf 84' lang='lat' dir='ltr'>placet.</span> <span class='ocrx_word' id='word_1_613' title='bbox 1456 2675 1574 2712; x_wconf 89' lang='lat' dir='ltr'>Nobis</span> <span class='ocrx_word' id='word_1_614' title='bbox 1602 2676 1692 2713; x_wconf 86' lang='lat' dir='ltr'>nihil</span> <span class='ocrx_word' id='word_1_615' title='bbox 1719 2675 1937 2713; x_wconf 73' lang='lat' dir='ltr'>mutandum</span> <span class='ocrx_word' id='word_1_616' title='bbox 1967 2673 2122 2711; x_wconf 66' lang='lat' dir='ltr'>videtur„</span> 
     </span>
     <span class='ocr_line' id='line_1_89' title="bbox 1152 2724 2132 2773; baseline -0.001 -11"><span class='ocrx_word' id='word_1_617' title='bbox 1152 2724 1272 2773; x_wconf 88' lang='lat' dir='ltr'>Quod</span> <span class='ocrx_word' id='word_1_618' title='bbox 1289 2734 1414 2762; x_wconf 80' lang='lat' dir='ltr'>autem</span> <span class='ocrx_word' id='word_1_619' title='bbox 1433 2725 1622 2762; x_wconf 73' lang='lat' dir='ltr'>Bibaculum</span> <span class='ocrx_word' id='word_1_620' title='bbox 1635 2738 1689 2762; x_wconf 71' lang='lat' dir='ltr'>tot</span> <span class='ocrx_word' id='word_1_621' title='bbox 1709 2726 1890 2769; x_wconf 54' lang='lat' dir='ltr'>illustris-vus</span> <span class='ocrx_word' id='word_1_622' title='bbox 1905 2724 2132 2771; x_wconf 76' lang='lat' dir='ltr'>consularibus</span> 
     </span>
     <span class='ocr_line' id='line_1_90' title="bbox 1151 2775 2130 2825; baseline -0.001 -14"><span class='ocrx_word' id='word_1_623' title='bbox 1151 2775 1267 2819; x_wconf 74' lang='lat' dir='ltr'>obrui,</span> <span class='ocrx_word' id='word_1_624' title='bbox 1294 2785 1338 2812; x_wconf 70' lang='lat' dir='ltr'>U·</span> <span class='ocrx_word' id='word_1_625' title='bbox 1368 2779 1432 2812; x_wconf 73' lang='lat' dir='ltr'>‘vix</span> <span class='ocrx_word' id='word_1_626' title='bbox 1461 2780 1602 2825; x_wconf 78' lang='lat' dir='ltr'>exempli</span> <span class='ocrx_word' id='word_1_627' title='bbox 1623 2779 1725 2812; x_wconf 85' lang='lat' dir='ltr'>locum</span> <span class='ocrx_word' id='word_1_628' title='bbox 1753 2779 1821 2823; x_wconf 67' lang='lat' dir='ltr'>pos?</span> <span class='ocrx_word' id='word_1_629' title='bbox 1847 2777 2049 2811; x_wconf 68' lang='lat' dir='ltr'>Marcellum</span> <span class='ocrx_word' id='word_1_630' title='bbox 2076 2777 2130 2811; x_wconf 76' lang='lat' dir='ltr'>ia-</span> 
     </span>
     <span class='ocr_line' id='line_1_91' title="bbox 1151 2826 2129 2875; baseline 0.001 -13"><span class='ocrx_word' id='word_1_631' title='bbox 1151 2828 1289 2867; x_wconf 65' lang='lat' dir='ltr'>venire,</span> <span class='ocrx_word' id='word_1_632' title='bbox 1313 2827 1512 2871; x_wconf 84' lang='lat' dir='ltr'>ait‚sensus</span> <span class='ocrx_word' id='word_1_633' title='bbox 1531 2828 1601 2871; x_wconf 87' lang='lat' dir='ltr'>est,</span> <span class='ocrx_word' id='word_1_634' title='bbox 1622 2828 1719 2864; x_wconf 85' lang='lat' dir='ltr'>viros</span> <span class='ocrx_word' id='word_1_635' title='bbox 1740 2826 1944 2864; x_wconf 82' lang='lat' dir='ltr'>consulares</span> <span class='ocrx_word' id='word_1_636' title='bbox 1958 2855 1967 2870; x_wconf 91' lang='lat'>‚</span> <span class='ocrx_word' id='word_1_637' title='bbox 1988 2827 2049 2875; x_wconf 88' lang='lat' dir='ltr'>qui</span> <span class='ocrx_word' id='word_1_638' title='bbox 2072 2838 2129 2863; x_wconf 81' lang='lat' dir='ltr'>re-</span> 
     </span>
     <span class='ocr_line' id='line_1_92' title="bbox 1151 2875 2128 2926; baseline -0.002 -12"><span class='ocrx_word' id='word_1_639' title='bbox 1151 2877 1300 2926; x_wconf 84' lang='lat' dir='ltr'>ligionis</span> <span class='ocrx_word' id='word_1_640' title='bbox 1326 2878 1558 2916; x_wconf 78' lang='lat' dir='ltr'>observantes</span> <span class='ocrx_word' id='word_1_641' title='bbox 1588 2878 1722 2918; x_wconf 76' lang='lat' dir='ltr'>fuerint</span> <span class='ocrx_word' id='word_1_642' title='bbox 1749 2877 1845 2915; x_wconf 79' lang='lat' dir='ltr'>adeo</span> <span class='ocrx_word' id='word_1_643' title='bbox 1875 2877 2010 2913; x_wconf 81' lang='lat' dir='ltr'>inultos</span> <span class='ocrx_word' id='word_1_644' title='bbox 2032 2875 2128 2920; x_wconf 78' lang='lat' dir='ltr'>effe,</span> 
     </span>
     <span class='ocr_line' id='line_1_93' title="bbox 1153 2927 2130 2976; baseline -0.003 -10"><span class='ocrx_word' id='word_1_645' title='bbox 1153 2936 1195 2965; x_wconf 87' lang='lat' dir='ltr'>ut</span> <span class='ocrx_word' id='word_1_646' title='bbox 1225 2941 1311 2976; x_wconf 87' lang='lat' dir='ltr'>prae</span> <span class='ocrx_word' id='word_1_647' title='bbox 1339 2928 1576 2966; x_wconf 84' lang='lat' dir='ltr'>multitudine</span> <span class='ocrx_word' id='word_1_648' title='bbox 1604 2940 1734 2965; x_wconf 85' lang='lat' dir='ltr'>eorum</span> <span class='ocrx_word' id='word_1_649' title='bbox 1763 2929 1825 2965; x_wconf 74' lang='lat' dir='ltr'>vix</span> <span class='ocrx_word' id='word_1_650' title='bbox 1845 2927 2005 2964; x_wconf 80' lang='lat' dir='ltr'>Bibaculi</span> <span class='ocrx_word' id='word_1_651' title='bbox 2023 2927 2130 2975; x_wconf 82' lang='lat' dir='ltr'>possit</span> 
     </span>
     <span class='ocr_line' id='line_1_94' title="bbox 1156 2978 2129 3025; baseline -0.001 -11"><span class='ocrx_word' id='word_1_652' title='bbox 1156 2980 1300 3016; x_wconf 82' lang='lat' dir='ltr'>mentio</span> <span class='ocrx_word' id='word_1_653' title='bbox 1334 2979 1422 3017; x_wconf 88' lang='lat' dir='ltr'>fieri.</span> <span class='ocrx_word' id='word_1_654' title='bbox 1461 2979 1691 3017; x_wconf 81' lang='lat' dir='ltr'>VORST.</span> <span class='ocrx_word' id='word_1_655' title='bbox 1766 2979 1839 3015; x_wconf 86' lang='lat' dir='ltr'>Pro</span> <span class='ocrx_word' id='word_1_656' title='bbox 1868 2978 2129 3025; x_wconf 63' lang='lat' dir='ltr'>Consularibus„</span> 
     </span>
     <span class='ocr_line' id='line_1_95' title="bbox 1154 3028 2131 3116; baseline -0.006 -44"><span class='ocrx_word' id='word_1_657' title='bbox 1154 3029 1253 3080; x_wconf 75' lang='lat' dir='ltr'>Lips.</span> <span class='ocrx_word' id='word_1_658' title='bbox 1279 3029 1369 3080; x_wconf 81' lang='lat' dir='ltr'>legit</span> <span class='ocrx_word' id='word_1_659' title='bbox 1386 3030 1632 3080; x_wconf 75' lang='lat' dir='ltr'>consulatibus,</span> <span class='ocrx_word' id='word_1_660' title='bbox 1654 3043 1698 3069; x_wconf 82' lang='lat' dir='ltr'>ex</span> <span class='ocrx_word' id='word_1_661' title='bbox 1718 3030 1880 3090; x_wconf 72' lang='lat' dir='ltr'>ingenio.</span> <span class='ocrx_word' id='word_1_662' title='bbox 1932 3028 2004 3067; x_wconf 83' lang='lat' dir='ltr'>Sed</span> <span class='ocrx_word' id='word_1_663' title='bbox 2023 3029 2067 3110; x_wconf 48' lang='grc' dir='ltr'>ἐξ</span> <span class='ocrx_word' id='word_1_664' title='bbox 2077 3029 2131 3116; x_wconf 42' lang='lat' dir='ltr'>{teil</span> 
     </span>
    </p>
   </div>
  </div>
 </body>
</html>
