2516 3509
242 77 360 136 DE
403 73 906 134 GRAVITER
943 75 1283 133 DICTIS
1322 76 1524 134 AUT
1562 77 1920 159 FACTIS.
1992 83 2095 154 563

92 189 276 237 aeternis
311 182 677 249 comprehendit.
713 184 931 244 Qorum
966 202 1024 232 ex
1058 184 1307 233 abundanti
1342 187 1504 249 copia,
1538 185 1624 234 nec
1657 204 1790 252 parca
1823 187 1982 246 nimis,
2018 202 2099 234 nec

93 265 237 312 rursus
271 263 400 311 avida
433 279 593 321 manu,
632 268 648 299 3
675 262 798 326 quod
832 263 974 326 magis
1009 262 1228 310 desiderio
1263 261 1529 324 satisfaciat,
1563 282 1699 328 quam
1734 266 1923 312 satietati
1957 265 2097 312 abun-

95 346 197 406 det,
233 346 499 392 hauriamus.

160 425 366 474 Civitate
397 423 546 470 nostra
581 421 804 470 Cannensi
841 422 966 469 clade
999 423 1227 486 perculsa,
1263 439 1368 470 cum
1402 422 1649 470 admodum
1682 430 1703 461 4
1729 425 1854 470 tenui
1890 423 1969 470 filo
2003 425 2090 471 sus-
2198 476 2212 500 1

93 501 225 567 pensa
257 501 533 566 reipublicae
566 499 673 547 salus
708 517 763 547 ex
795 499 1023 547 sociorum
1057 500 1149 548 fide
1184 501 1427 566 penderet,
1463 516 1515 549 ut
1550 520 1709 550 eorum
1745 505 1880 550 animi
1916 506 1968 552 ad
2004 492 2279 551 im-A11n.1ixb.

93 581 272 643 perium
305 581 571 627 Romanum
605 579 829 625 tuendum
865 578 1188 625 constantiores
1229 579 1394 637 effent,
1430 582 1589 643 majori
1625 583 1741 644 parti
1775 580 1946 628 senatus
1973 559 2279 642 pruz-{ifs‘xssl'12.

68 646 196 721 ¹cipes
230 656 559 706 Lutinorum'in
594 658 772 703 ordinem
802 655 929 717 flium
963 655 1122 719 sublegi
1156 656 1375 720 placebat.

109 888 154 913 ex
195 876 338 914 duobus
360 905 370 921 ‚
411 878 475 927 qui
506 876 634 914 distant
666 876 744 924 plus
773 885 925 914 centum
963 876 1077 913 annis.

105 927 211 975 Quid
232 927 352 964 dicam
375 927 530 965 candide
551 926 719 964 Lec‘tor?
736 940 823 965 nam
843 927 931 964 libet
948 933 1075 963 tecum

104 989 204 1014 nunc
236 979 369 1027 loqui;
406 988 525 1016 tantus
552 978 685 1016 author
714 979 751 1015 in
790 986 852 1015 tot·
875 976 1074 1014 doctorum

106 1029 272 1066 manibus
293 1029 406 1066 hodie
427 1029 605 1072 versatuS‚
634 1040 652 1065 a
672 1029 774 1066 nullo
799 1028 972 1076 scriptore
995 1039 1072 1065 non

105 1080 256 1123 citatus,
279 1080 328 1117 ita
348 1088 519 1128 corrupte
541 1080 683 1128 legitur.
737 1080 827 1116 Non
856 1078 985 1116 dubito
1015 1090 1075 1115 ca-

107 1129 288 1166 lumniam
321 1131 557 1179 quorundam
599 1142 660 1166 ine
690 1129 891 1167 subiturum
915 1157 926 1173 ,
971 1129 1075 1179 quod

102 1182 286 1229 quaedam
307 1180 450 1218 liberius
470 1190 550 1219 tum
570 1182 609 1218 in
629 1180 822 1218 authorem
841 1181 958 1229 ipsum
973 1189 1074 1224 ,tum

104 1231 225 1269 multo
243 1233 358 1279 magis
384 1232 422 1269 in
444 1232 613 1270 codicem
642 1231 881 1280 depravatum
904 1231 1073 1268 dixerim.

104 1282 323 1320 Authorem
369 1284 512 1320 excusat
549 1284 812 1320 Romanorum
854 1283 1073 1330 scriptorum

104 1333 355 1381 negligentia,
391 1346 503 1383 quam
547 1334 657 1370 etiam
700 1333 881 1371 Horatius
916 1334 953 1370 in
982 1334 1076 1370 Arte

105 1383 374 1432 reprehendere
394 1386 473 1422 satis
491 1384 572 1422 salse
593 1396 669 1421 non
693 1385 741 1422 est
759 1385 907 1421 veritus.
960 1383 1076 1422 Codi-

106 1445 191 1472 cum
213 1445 338 1473 tamen
360 1434 446 1472 fides
468 1436 583 1483 magis
606 1434 783 1483 culpanda
806 1435 962 1473 videtur.
1005 1435 1077 1473 Sed

106 1485 197 1535 quid
217 1485 412 1533 prohibet?
436 1487 472 1523 in
494 1486 622 1523 omnia
644 1494 759 1523 errata
778 1486 919 1523 strenue
941 1486 1077 1523 clame—

110 1536 222 1573 mus?
260 1537 431 1585 Majestas
459 1536 517 1573 illa
551 1538 724 1575 Romana
758 1536 894 1574 scilicet
928 1537 1077 1574 terrebit

104 1586 301 1625 hominem
325 1587 596 1625 Christianum?
625 1588 678 1625 Ea
708 1588 910 1636 superstitio
938 1587 980 1625 fit
1013 1589 1076 1632 iis,

107 1638 172 1687 qui
201 1639 337 1685 Jovem
372 1638 627 1686 Capitolinum
660 1649 743 1676 cum
767 1639 917 1685 Junone
946 1639 984 1676 &
1007 1640 1080 1676 Mi-

108 1700 222 1726 nerva
247 1689 361 1737 magis
381 1689 574 1736 suspiciunt
596 1701 710 1739 quam
731 1689 911 1726 Christum
927 1716 937 1732 ‚
966 1697 1078 1739 atque

110 1738 205 1777 adeo
222 1740 335 1788 ipsam
357 1740 568 1777 veritatem.
622 1740 740 1789 Quod
763 1752 894 1777 verum
920 1741 1076 1778 invenio

105 1790 217 1827 etiam
255 1790 298 1827 ab
327 1790 482 1828 homine
517 1790 679 1828 Ethnico
721 1792 884 1839 accipio:
923 1791 1027 1840 quod
1056 1803 1076 1829 a

106 1842 262 1878 veritate
282 1841 444 1878 alienum
474 1841 563 1878 nihil
584 1841 630 1879 ad
664 1853 725 1878 me
749 1842 952 1881 attinuerit.
1004 1842 1076 1881 Sed

104 1891 151 1929 ad
169 1893 235 1929 alia
258 1903 462 1940 pergamus.
491 1893 763 1930 GLAREAN.

154 1955 188 1979 2.
209 1944 278 1978 Illa
301 1942 494 1992 vindicant]
524 1944 628 1981 Harl.
655 1943 760 1982 Barb.
783 1944 891 1993 prim.
917 1945 986 1981 Illa
1007 1943 1074 1988 filu·

103 1992 290 2030 vindicant.

160 2055 193 2093 3.
216 2043 317 2092 ¹Quod
336 2045 443 2093 magis
462 2043 618 2091 desiderio
642 2045 865 2093 satisfaciat,
893 2056 994 2092 quam
1014 2044 1074 2090 Ja-

104 2094 181 2131 tieti
205 2094 370 2136 abundet,
397 2095 609 2144 hauriamus]
649 2094 810 2132 Videtur
835 2094 995 2130 omnino
1024 2093 1074 2130 le-

104 2145 267 2194 gendum
281 2173 290 2190 ‚
310 2153 349 2182 ut
371 2145 417 2182 est
436 2146 473 2181 in
494 2146 574 2182 MS.
599 2147 707 2193 Quam
719 2147 886 2193 satietate
905 2142 1050 2180 abundet
1063 2173 1074 2187 ,

104 2197 304 2233 hauriemus.
343 2196 587 2233 PERIZON.
620 2198 789 2232 Satietate
821 2195 869 2232 est
894 2195 1007 2232 etiam
1036 2195 1075 2232 in

106 2247 175 2284 Bit.
202 2247 276 2284 sec.
299 2247 403 2284 Leid.
431 2247 525 2295 prim
565 2246 634 2282 sec.
656 2245 787 2294 Ultraj.
815 2254 986 2295 utroque.
1005 2245 1074 2283 Pe-

106 2297 369 2346 riz.Ed.Mog.
396 2299 505 2345 Quae
524 2296 634 2334 habet
655 2297 790 2339 etiam,
820 2296 915 2346 ond
947 2298 1071 2347 magis,

107 2360 193 2386 cum
223 2350 332 2386 ceteri
361 2348 573 2392 ediderint,
611 2348 684 2396 an
712 2348 832 2397 magis.
891 2347 962 2385 Sed
987 2347 1075 2397 quod

105 2406 255 2437 tuentur
288 2399 395 2436 MSS.

156 2462 190 2496 4.
217 2452 320 2486 Tenui
335 2448 414 2498 filo]
443 2449 604 2486 Ennius:

159 2501 236 2536 Hac
253 2502 348 2537 nonu
364 2502 428 2548 filo
443 2498 596 2550 pendebit
614 2499 780 2535 Hetruria
798 2507 882 2536 tota.

111 2551 292 2590 Ovidius:

158 2604 279 2651 Omnia
289 2603 370 2648 sunt
390 2601 556 2639 hominum
576 2601 667 2638 tenui
685 2600 861 2651 pendentia
870 2600 947 2648 file.

111 2652 184 2690 Cui
210 2652 262 2689 rei
281 2664 373 2690 vero
393 2665 468 2690 vox
486 2654 675 2702 suspensa?
699 2652 926 2690 Tollendam
951 2653 1073 2690 omni·

107 2714 160 2791 1120
192 2703 355 2791 arbSitror.
391 2703 583 2742 COLER.
616 2704 755 2741 Ennius
787 2703 884 2753 apud
903 2703 1072 2743 Macrob.

149 2783 156 2791 .
188 2766 218 2791 1.
273 2762 318 2790 at.
348 2767 381 2800 4.

159 2807 240 2841 Hac
266 2805 360 2841 noan
382 2805 445 2851 filo
467 2803 620 2854 pendebit
651 2805 788 2844 Etruria
819 2815 904 2844 tota.
934 2805 1071 2845 PERI-

157 2919 191 2955 ς.
212 2908 366 2945 „Annius
386 2916 496 2942 autem
513 2908 704 2956 Campanus
721 2907 822 2944 etiam
841 2909 999 2956 consulem
1017 2910 1072 2946 al-

105 2965 210 2996 terum
233 2960 367 3008 Capuae
383 2958 486 2996 creari
504 2956 615 2997 debere
633 2957 871 3009 asseverabat]
884 2959 1074 3010 Infigniter

1448 665 1460 693 5
1500 659 1675 705 Annius
1711 673 1860 706 autem
1897 659 2092 722 Campa-

2013 755 2095 785 nus

1127 883 1288 914 erratum
1319 875 1368 913 cst
1397 875 1418 913 a
1438 875 1555 913 sciolis
1577 876 1612 912 in
1632 876 1707 912 hoc
1730 878 1904 926 exemplo
1922 906 1932 922 ,
1960 889 2038 914 non
2059 890 2097 915 e·

1127 927 1205 964 nim
1237 926 1348 964 habet
1379 926 1476 964 adeo
1505 927 1669 975 supinam
1691 927 1921 974 ignorantiae
1950 929 2094 976 culpam

1126 976 1270 1014 auetort
1299 977 1494 1025 imputare.
1563 977 1837 1015 Animadverto
1869 990 2030 1028 namque
2060 981 2097 1016 iu

1126 1027 1222 1064 libris
1259 1028 1441 1065 veteribus
1475 1027 1652 1066 studiosos
1682 1029 1885 1066 Valerianis
1921 1030 2096 1078 exemplis

1127 1077 1282 1122 similes,
1310 1079 1369 1116 vel
1389 1078 1533 1116 easdem
1557 1079 1631 1116 aliis
1652 1079 1770 1116 verbis
1794 1080 1958 1117 historias
1988 1092 2092 1118 com—

1129 1130 1397 1167 mentariorum
1420 1130 1542 1167 forma
1564 1128 1799 1178 adscripsisse:
1820 1130 1918 1167 unde
1938 1131 2092 1179 suspicor

1128 1179 1359 1217 librariorum
1397 1181 1580 1230 imperitia
1619 1191 1810 1228 perperam
1857 1181 1962 1218 variis
2002 1182 2093 1219 locis

1127 1231 1242 1268 multa
1266 1229 1336 1268 effe
1360 1231 1446 1268 huic
1476 1233 1579 1280 operi
1601 1231 1828 1274 commixta,
1858 1231 1971 1268 multa
1999 1234 2091 1270 item

1126 1282 1279 1319 confuse
1299 1282 1490 1320 disturbata
1506 1310 1516 1327 ,
1543 1290 1582 1319 ut
1603 1280 1809 1329 diligentius
1829 1282 2019 1320 Valerium
2040 1284 2090 1320 le—

1126 1334 1227 1380 genti
1244 1333 1327 1370 luce
1349 1332 1476 1370 clarius
1499 1332 1687 1370 constabit.
1739 1332 1887 1380 Saepius
1918 1335 2015 1370 enirn
2037 1336 2092 1372 vi-

1128 1383 1235 1421 detur
1274 1383 1294 1422 ὶ
1319 1384 1487 1421 >veritate
1522 1383 1691 1421 historiae
1728 1383 1869 1430 prorsus
1908 1383 2091 1426 aberrare,

1128 1434 1455 1484 quemadmodum
1476 1435 1551 1483 hoc
1570 1434 1752 1482 imprimis
1773 1433 1872 1471 loco.
1926 1434 2096 1473 Tradum

1129 1487 1229 1523 enim
1251 1486 1393 1535 Livius*
1410 1486 1544 1535 aliique
1564 1486 1732 1522 auetores
1762 1488 1803 1522 L.
1829 1486 1996 1524 Uinnium
2014 1489 2099 1522 Seti-

1127 1551 1204 1572 num
1217 1537 1439 1574 Latinorum
1455 1535 1659 1585 principem
1683 1547 1783 1572 anno
1802 1535 1896 1572 urbis
1918 1546 2004 1572 cnx
2018 1549 2031 1573 1
2044 1550 2098 1574 11.

1127 1587 1308 1635 postulare
1339 1587 1465 1624 ausum
1487 1585 1591 1624 fuiffe
1606 1615 1617 1631 ‚
1644 1593 1684 1623 ut
1704 1585 1897 1623 consulum
1921 1585 2032 1630 alter,
2061 1589 2098 1625 δε

1131 1638 1283 1675 dimidia
1304 1650 1384 1686 pars
1404 1638 1547 1675 senatus
1566 1649 1611 1674 ex
1634 1637 1746 1674 Latio
1770 1643 1976 1680 crearetur,
2000 1649 2101 1674 acer-

1130 1689 1300 1738 rimeque
1327 1687 1485 1725 restitisse
1519 1690 1558 1724 T.
1570 1689 1752 1724 Manlium
1773 1689 1979 1736 Torquatum
2010 1699 2099 1725 con-

1126 1739 1241 1776 sulem
1269 1752 1349 1777 111.
1390 1739 1452 1788 qui
1482 1738 1698 1775 rebellantes
1727 1746 1817 1775 tunc
1839 1738 1994 1775 Latinos
2019 1739 2100 1776 insi-

1127 1790 1191 1838 gni
1209 1790 1354 1839 proelio
1373 1790 1515 1838 collega
1539 1789 1578 1827 P.
1607 1789 1730 1827 Decio
1760 1788 1875 1826 semet
1907 1788 2099 1827 devoven-

1129 1849 1191 1884 te,
1219 1840 1400 1879 contudit.
1454 1839 1609 1878 Saeculo
1635 1839 1790 1888 amplius
1822 1839 1955 1876 deinde
1977 1841 2097 1888 postea

1130 1892 1209 1939 post
1231 1893 1464 1929 Cannensem
1495 1891 1638 1928 cladem
1666 1890 1766 1927 idem
1786 1890 1859 1927 ausi
1878 1890 1957 1927 sunt
1978 1892 2100 1939 postu-

1126 1942 1201 1979 lare
1221 1943 1405 1991 Campani
1426 1954 1512 1980 cum
1531 1941 1577 1979 ad
1591 1940 1815 1979 Annibalem
1840 1940 1998 1978 deficere
2018 1943 2095 1979 vel-

1111 1992 1226 2036 lent,
1255 2002 1295 2030 ut
1322 1993 1421 2030 idem
1442 1993 1571 2030 Livius
1607 2005 1650 2030 ex
1672 1991 1887 2042 quibusdam
1909 1992 2096 2032 annalibus

1127 2043 1238 2080 refert
1257 2073 1266 2088 ‚
1290 2057 1367 2081 non
1396 2056 1460 2093 per
1480 2044 1648 2081 Annium
1670 2042 1729 2081 sed
1750 2054 1812 2091 per
1837 2042 1978 2090 legatos
1999 2045 2095 2083 suos.

1128 2094 1342 2145 eodemque
1369 2107 1470 2134 anno
1491 2094 1511 2133 a
1534 2097 1586 2144 Sp.
1612 2095 1763 2131 Carvilio
1781 2093 1826 2131 de
1848 2094 2069 2132 Latinorum
2085 2125 2095 2140 ,

1126 2156 1205 2183 non
1225 2146 1508 2195 Campanorum
1530 2145 1750 2194 principibus
1783 2145 1819 2181 in
1841 2145 2015 2184 Senatum
2038 2159 2094 2183 re-

1128 2197 1304 2244 cipiendis
1325 2197 1480 2234 relatum
1501 2194 1617 2233 tuiffe.
1641 2196 1819 2244 illamque
1839 2206 1923 2232 cum
1948 2196 2095 2235 relatio-

1127 2258 1215 2284 nem
1236 2249 1440 2295 aegerrime
1468 2247 1630 2284 auditam
1655 2247 1674 2283 a
1696 2245 1876 2294 patribus,
1894 2254 1972 2283 tuin
1995 2260 2093 2285 acer-

1127 2296 1266 2334 biffime
1289 2298 1309 2335 a
1330 2301 1370 2335 T.
1400 2299 1542 2333 Manlm
1564 2300 1734 2344 Torquato
1755 2295 1955 2340 consulari,
1985 2299 2093 2346 stirpis

1129 2348 1207 2396 ejus
1232 2349 1314 2386 viro
1339 2349 1403 2398 qui
1423 2349 1580 2385 Latinos
1607 2347 1698 2384 olim
1737 2347 1918 2395 repulerat
1942 2376 1950 2390 ‚
1988 2347 2089 2386 fuill'e

1124 2399 1312 2441 reieetam,
1366 2396 1418 2436 At
1443 2399 1564 2436 noster
1592 2398 1652 2435 hic
1672 2397 1839 2435 Valerius
1859 2401 2021 2439 <Annium
2050 2398 2091 2434 ii-

1125 2449 1202 2487 lum
1224 2453 1428 2501 Campanum
1455 2450 1563 2493 facit,
1592 2460 1635 2486 ac
1662 2452 1702 2486 T.
1725 2450 1899 2485 Manlium
1927 2450 1999 2495 ejus
2027 2448 2089 2483 ad-

1128 2501 1325 2539 versarium
1349 2529 1359 2545 ,
1405 2503 1570 2550 Torquati
1605 2500 1697 2538 illius
1730 2500 1789 2549 qui
1825 2500 1975 2535 Latinos
2003 2506 2084 2534 ante

1127 2553 1307 2601 reJ'ecerat
1327 2552 1444 2590 filium
1459 2581 1468 2596 ,
1497 2563 1583 2595 cum
1604 2563 1651 2588 ne
1670 2563 1785 2599 nepos
1805 2549 1951 2598 quidem
1974 2548 2081 2603 ejus,

1124 2603 1248 2651 spacio
1275 2613 1424 2641 centum
1449 2604 1578 2652 viginti
1599 2603 1752 2651 amplius
1772 2609 1949 2636 annorum
1972 2606 2083 2634 mter-

1125 2654 1247 2702 pofito
1276 2654 1350 2692 effe
1377 2654 1548 2704 potuerit.
1605 2654 1672 2690 Sed
1702 2653 1737 2688 hi
1766 2648 1966 2696 similesque
1983 2659 2086 2686 erro-

1124 2716 1180 2743 res
1200 2705 1399 2744 sciolorum
1429 2704 1671 2755 proculdubio
1702 2699 1896 2737 temeritati
1921 2699 2001 2754 sunt
2018 2699 2082 2737 ad-

1122 2756 1322 2802 scribendi,
1336 2757 1400 2807 qui
1421 2757 1477 2794 vel
1497 2767 1601 2793 exem
1610 2753 1661 2801 pla
1685 2750 1778 2787 male
1800 2749 1974 2805 exemplis
1993 2761 2083 2787 con-

1122 2807 1309 2846 neuendo
1337 2837 1346 2852 ,
1402 2806 1708 2846 annotationesve
1745 2811 1848 2847 operi
1885 2801 2078 2838 inserendo

1119 2870 1299 2908 perquam
1316 2860 1470 2908 turpiter
1487 2857 1739 2895 deformarunt
1755 2851 1854 2907 hunc
1872 2850 2077 2907 auctorem,

1124 2918 1165 2947 ut
1189 2911 1253 2947 vix
1281 2911 1334 2948 sui
1359 2909 1481 2947 similis
1509 2907 1682 2945 videatur.
1736 2902 1853 2950 Atqui
1878 2901 1963 2938 huic
1992 2902 2077 2938 loco

1125 2960 1178 3000 nil
1198 2961 1276 3000 fere
1294 2961 1421 3001 indicii
1441 2956 1610 2999 remansit
1631 2964 1752 3042 vglafb
1764 2952 1951 3041 legitimus,
1975 2963 2078 3038 Ρὶαε·

1844 3015 1864 3041 2
2019 3013 2074 3039 Ct-
