2516 3509
211 97 315 152 DE
353 91 869 153 MUTATIONE
911 91 1236 150 MORUM
1275 95 1450 152 AUT
1485 93 1964 156 FORTUNAE.
2000 102 2098 171 617

104 199 314 252 buntur3
369 194 496 242 nullo
530 194 578 239 in
612 193 752 252 Ιοεο,
805 192 925 239 nuHa
968 194 1015 240 in
1061 193 1244 257 persona
1279 193 1506 243 stabilibus
1540 198 1646 244 nixa
1679 198 1902 247 radicibus
1937 199 2085 248 confi-

107 278 252 324 stunt:
287 273 358 321 sed
392 270 683 319 incertiffimo
719 270 834 316 statu
868 269 1096 331 fortunae,
1131 273 1223 319 huc
1258 284 1392 335 atque
1427 274 1534 321 illuc
1569 275 1692 336 aem,
1735 283 1776 312 99
1810 295 1924 342 quos
1956 279 2091 326 subli-

110 372 183 402 me
213 354 504 412 extum-unt,
544 358 610 379 ¹00
646 349 892 415 improviso
927 352 1105 399 recursu
1139 352 1376 399 destitutos
1399 387 1415 412 ,
1462 360 1474 380 ¹
1514 355 1744 417 profundo
1777 357 1974 405 cladium
2008 359 2092 405 mi-

106 434 352 483 serabiliter
386 435 681 498 immergunt·

753 433 913 494 Itaque
946 447 1091 494 neque
1124 432 1369 479 existimari
1397 464 1412 490 ,
1445 449 1595 496 neque
1626 434 1718 480 dici
1752 434 1918 484 debent
1950 437 2097 493 bona„

110 521 132 542 2
170 531 282 579 quae
321 514 601 562 infli&orum
637 512 861 559 malorum
897 512 1241 559 amaritudinem
1274 510 1494 560 defiderio
1530 511 1594 559 sui
1627 512 1877 576 duplicent.

161 656 199 682 2.
222 646 315 693 Quae
333 655 369 680 ut
389 642 587 692 inflitfforum
609 642 768 678 malorum
785 639 1009 677 amaritudine
1026 640 1083 677 de-

106 694 267 743 fiderium
287 698 343 743 sui
362 694 526 743 duplicent
547 723 560 738 ‚
600 692 804 744 propensiore
832 694 951 738 favore
974 694 1082 740 primo

54 761 58 763 ’
114 745 271 783 delinitos
298 751 422 792 majore
441 747 550 794 postea
575 746 737 780 malorum
765 744 891 779 cumulo
922 744 1082 792 opprime-

120 811 154 834 re
173 796 302 846 solent]
342 797 396 833 Ita
424 797 516 833 haec
536 794 692 843 legenda
720 793 848 830 docuit
864 793 1011 840 Pighius
1036 805 1081 830 ex

120 847 205 885 cod.
247 848 474 885 Cauchiano.
537 847 580 882 In
608 845 684 882 aliis
718 851 795 880 tam
824 843 931 881 MSS.
967 855 1080 892 quam

116 900 215 947 typis
244 898 411 946 expreffis
446 896 644 933 dimidium
673 895 911 932 ferevhorum
942 892 1082 930 defide-

120 958 239 992 ratur;
269 949 514 996 legunturque
544 947 582 983 in
610 946 652 982 iis
680 946 772 982 haec
789 952 958 986 tantum,
984 946 1083 994 ¹Quae

117 1000 315 1045 infiic‘Yorum
351 1000 512 1034 malorum
548 995 773 1032 amaritudine
807 992 999 1038 defiderium
1033 995 1085 1039 sui

123 1049 308 1099 duplicant.
360 1045 493 1086 Deesse
526 1055 649 1085 autem
677 1047 714 1082 in
741 1043 981 1094 hisaliquid,
1021 1055 1086 1081 co-

123 1100 222 1137 dices
256 1111 410 1148 quoque
446 1097 575 1135 Brand.
610 1096 802 1138 indicant;
845 1107 891 1132 eo
930 1093 1082 1144 quidem

121 1150 224 1200 quod
253 1161 330 1186 non
357 1151 491 1186 habent
520 1146 713 1197 duplicant,
740 1145 797 1182 sed
825 1144 1015 1195 duplicent;
1045 1147 1083 1183 ὃς

120 1201 223 1250 quod
250 1209 334 1237 ante
360 1201 561 1248 infimorum
586 1199 623 1235 in
655 1209 731 1235 uno
759 1196 805 1233 est
830 1208 890 1239 ut,
916 1196 1085 1244 quamvis

120 1252 226 1289 litura
257 1250 472 1293 induehum
502 1250 538 1285 in
563 1250 678 1286 altero
699 1247 837 1296 aliquid
855 1247 978 1295 spatii,
1006 1258 1083 1294 quo

122 1302 311 1352 quippiam
341 1301 481 1338 erasum
510 1297 581 1336 effe
610 1307 769 1348 apparet.
795 1297 989 1335 VORST.
1017 1297 1085 1353 Er-

120 1353 214 1391 ravit
244 1352 380 1389 Vorstii
409 1351 569 1389 calamus
594 1378 604 1394 ,
642 1361 728 1387 cum
760 1348 848 1385 dicit
875 1349 913 1385 in
941 1347 1086 1385 vetustls

120 1403 342 1441 editionibus
371 1402 465 1451 legi,
493 1401 719 1437 amaritudine
745 1398 964 1446 desiderium,
997 1409 1082 1435 cum

117 1454 306 1496 habeant,
347 1451 604 1490 amaritudinem
631 1449 814 1498 defiderio,
847 1461 933 1487 cum
953 1448 1084 1498 quibus

119 1505 349 1543 conveniunt
380 1505 455 1542 fere
486 1502 591 1539 MSS.
620 1501 691 1539 nifi‘
714 1500 816 1551 quod
849 1501 886 1537 in
914 1511 992 1537 uno
1023 1507 1086 1537 aut

121 1555 236 1593 altero
263 1554 311 1592 est
337 1564 396 1598 ut,
429 1556 520 1592 item
541 1551 729 1600 duplicem,
757 1548 1087 1601 quemadmodum

121 1606 168 1645 de
187 1605 318 1644 Brand.
346 1604 542 1644 admonuit
552 1603 729 1642 Vorstius.
751 1602 822 1641 Sed
844 1609 883 1640 ut
903 1601 990 1639 ideo
1011 1608 1089 1639 tam

1134 639 1250 679 multa
1292 648 1421 689 putem
1460 640 1684 686 desiderari,
1723 654 1803 681 non
1840 644 1947 682 facile
1988 646 2102 693 patiar

1133 692 1225 728 mihi
1253 691 1470 741 persuaderi.
1535 701 1579 729 Ut
1601 721 1612 737 ‚
1652 693 1819 732 additum
1853 695 1901 732 est
1927 696 1971 733 ab
1997 697 2098 743 igna-

1130 742 1198 787 ris,
1228 742 1327 780 unde
1347 742 1524 791 penderet
1540 743 1786 793 subjunfflvus
1801 744 1978 795 duplicent.
2000 746 2100 783 Bene

1133 800 1258 830 autem
1297 794 1456 831 omnino
1495 793 1586 830 haec
1616 794 1761 832 habent,
1814 797 1962 846 Itaque,
1997 811 2100 846 neque

1132 841 1247 879 debent
1275 845 1481 890 existimari,
1514 855 1573 880 aut
1602 843 1666 880 dici
1692 845 1799 888 bona,
1842 861 1926 895 quae
1955 849 2099 894 infliflo-

1132 907 1206 929 rum
1238 896 1399 930 malorum
1433 893 1690 930 amaritudmem
1726 894 1881 942 desiderio
1904 900 1959 945 sui
1988 897 2099 947 dupli*

1133 954 1217 981 cent.
1245 944 1282 981 id
1302 943 1370 987 est,
1406 955 1501 991 quae
1520 944 1605 981 talia
1625 946 1727 989 sunt,
1756 958 1916 995 quorum
1940 959 1982 985 ea
2005 959 2096 985 con-

1134 993 1226 1031 ditio
1249 994 1298 1031 est
1312 1022 1322 1039 ,
1349 1002 1389 1031 ut
1406 994 1604 1042 duplicent.
1632 996 1734 1044 Quid
1750 1025 1760 1041 ‚
1781 1008 1907 1034 nonne
1926 998 1983 1035 issa
2001 1010 2096 1047 quae

1135 1043 1236 1081 addit
1254 1045 1400 1093 Pighius
1423 1044 1551 1083 aufior
1575 1047 1655 1095 jam
1677 1046 1843 1084 dixerat?
1872 1048 1975 1096 Quid
1996 1049 2095 1086 enim

1137 1094 1235 1132 aliud
1265 1096 1333 1140 est,
1378 1096 1468 1143 Quos
1494 1098 1531 1131 in
1548 1098 1691 1145 sublime
1718 1100 1906 1134 extulerunt
1930 1126 1939 1142 ‚
1981 1100 2100 1145 impro-

1135 1147 1208 1191 viso
1235 1148 1363 1194 recursu
1397 1148 1567 1193 destitutos
1599 1147 1759 1196 profundo
1791 1147 1934 1185 cladium
1962 1151 2098 1198 misera-

1136 1195 1248 1232 biliter
1274 1197 1498 1247 immergunt?
1525 1209 1638 1247 quam
1669 1197 1756 1236 illud
1779 1199 1980 1248 propenfiore
1994 1203 2099 1246 favo-

1137 1260 1172 1283 re
1195 1247 1302 1296 primo
1328 1246 1504 1289 delmitos,
1535 1254 1659 1290 maiore
1673 1253 1781 1297 postea
1801 1252 1961 1287 malorum
1990 1264 2101 1287 cumu-

1135 1298 1170 1332 lo
1195 1299 1375 1345 opprimere
1393 1297 1536 1344 solent?
1575 1298 1716 1336 Eadem
1747 1301 1886 1348 prorsus
1916 1301 2100 1350 utriusque

1137 1347 1281 1396 periodi
1310 1349 1485 1386 sententia
1514 1348 1562 1385 est
1584 1376 1594 1393 ,
1637 1349 1696 1386 sed
1732 1350 1769 1386 in
1797 1351 1917 1399 priore
1949 1353 2100 1400 majoris

1139 1399 1250 1436 ctiam
1294 1398 1497 1436 violentiae
1536 1397 1763 1448 fignificatio.
1822 1401 1950 1450 Itaque
1982 1414 2099 1451 quum

1137 1460 1215 1487 non
1245 1448 1434 1487 crederem
1464 1450 1556 1487 haec
1580 1449 1650 1488 effe
1678 1449 1784 1499 ipfius
1811 1451 1970 1496 Valerir,
2004 1464 2099 1501 quae

1139 1511 1159 1537 e
1189 1500 1410 1538 Cauchiano
1441 1500 1572 1539 codice
1600 1500 1649 1539 illi
1678 1501 1829 1540 obtrufit
1857 1501 2024 1550 Pighius,
2062 1504 2101 1540 in

1139 1550 1248 1599 huJus
1275 1552 1372 1588 notis
1398 1550 1456 1589 illa
1484 1551 1555 1601 legi
1578 1579 1588 1597 ‚
1628 1564 1740 1602 quam
1776 1553 1814 1591 in
1840 1553 1980 1591 Valerii
2010 1564 2101 1591 con«

1140 1609 1246 1640 textu
1273 1601 1398 1640 malui.

1985 3022 2099 3073 VA-

1390 3046 1498 3085 Ilii}
