2516 3509
134 558 215 586 Ann.
240 551 305 582 nib.

139 606 206 625 2-2.
226 595 330 625 Livius
346 589 370 617 ’ἆ

137 635 328 676 1i.Di01;ys.

134 689 181 709 ix.
205 683 309 709 Zona-

128 730 178 755 ms
203 730 254 751 xx.

133 861 207 888 κει,
224 856 328 885 Livius

134 906 144 925 ι
158 906 180 926 ι.
201 897 332 938 Dionys.
349 884 445 930 sum

134 943 288 970 Zonaras.

344 169 452 231 814

542 202 547 206 ,
598 148 1000 210 vati-{Ru
1061 142 1443 205 MAxiMI
1505 144 1629 202 Lm.
1674 144 1779 203 lx.
1826 147 2110 231 cii-,nr

331 258 575 322 imperium
609 251 737 300 suum
775 248 1079 315 proeliatur-n,
1115 254 1137 286 9
1180 244 1321 292 securi
1355 240 1644 307 percuffiffet.
1691 243 1872 292 Miserti
1907 244 2008 294 sunt
2041 244 2233 311 aequalis
2268 244 2340 291 ni-

336 339 418 386 mis
453 333 600 398 aspere
633 330 810 396 puniti:
846 345 931 376 nec
965 327 1138 375 fastum
1170 339 1329 371 eorum
1364 320 1587 380 defend0‚
1632 320 1706 369 sed
1740 323 1828 371 irae
1861 324 1956 372 vim
1992 325 2146 372 indico
2169 359 2184 384 ,
2227 338 2341 388 quae

341 419 474 467 unius
509 414 706 462 civitatis
739 411 789 458 &
819 423 983 457 aetates
1019 409 1068 456 &
1102 404 1288 454 affecffus
1324 401 1525 449 dividere
1558 402 1715 451 valuit.

415 500 456 520 ¹0
479 492 742 554 Eademque
781 495 819 516 ¹²
845 501 1023 535 tantum
1058 485 1243 550 potuit,
1282 488 1317 508 ¹¹
1344 493 1397 527 ut
1431 479 1689 528 universum
1725 482 1887 544 populi
1907 483 2049 530 Rom.
2083 485 2341 548 equitatum

404 570 547 617 Fabio
585 564 767 615 consule
799 565 856 612 ad
892 564 1094 612 hostium
1129 562 1282 626 copias
1313 557 1635 623 persequendas
1670 559 1879 618 missum,
1927 575 2034 605 cum
2071 559 2118 606 δί
2151 573 2256 607 tuto
2292 560 2342 607 ὃς

345 650 475 697 facile
511 665 578 695 eas
610 648 767 694 liceret
797 643 980 703 delere,
1030 641 1143 706 legis
1186 638 1379 704 agrariae
1421 636 1476 683 ab
1509 652 1564 683 eo
1599 637 1844 700 impeditae
1875 638 2093 684 memoria
2125 638 2342 685 immobi-

347 731 434 777 lem
471 728 699 774 retineret.
766 722 849 769 Illa
882 736 990 768 vero
1026 721 1162 765 etiam
1199 715 1358 779 Appio
1393 712 1528 771 duci,
1568 719 1606 748 ¹3
1645 714 1775 773 cujus
1810 724 1972 774 pater,
2011 712 2122 759 dum
2158 730 2243 777 pro
2278 711 2341 757 se-

133 816 220 848 Ann·
242 812 308 843 urb·
345 819 473 852 natus
508 798 807 864 amplitudine
841 797 1031 853 nititur,
1066 792 1313 840 commoda
1346 790 1488 854 plebis
1523 790 1739 835 acerrime
1773 787 2156 852 impugnaverat,
2201 788 2344 836 insen-

485 887 527 917 ¹4
560 879 815 924 exercitum
850 873 1058 921 faciendo
1081 907 1096 933 ,
1147 871 1402 919 voluntaria
1434 867 1544 932 fuga
1579 881 1706 930 terga
1740 866 1858 912 hosti
1882 900 1897 926 ‚
1957 882 2013 912 ne
2055 867 2345 930 triumphum

347 959 610 1026 imperatori
646 968 905 1020 quaereret,
940 952 1044 999 dare
1078 951 1250 1014 coegit.
1323 956 1361 986 ¹5
1398 947 1598 1008 Qoties
1635 945 1874 994 Vi&oriae
1905 946 2098 994 victrix!
2153 943 2195 973 ¹⁶
2231 964 2344 994 con-

343 1168 479 1204 luc‘lum.
510 1167 647 1203 melnm
674 1175 819 1202 omnes.
876 1161 1002 1200 Credo
1030 1168 1159 1198 tamen
1185 1170 1318 1197 verum

344 1217 471 1255 vidisse
494 1217 732 1255 Gronovium
753 1214 913 1263 legendo
927 1243 936 1258 ,
967 1223 1103 1248 tantum
1123 1226 1188 1248 non
1205 1212 1316 1253 luftau

345 1270 405 1306 sed
425 1272 654 1319 tmpotemiam
686 1279 770 1304 cum
792 1265 990 1303 Perizonio
1020 1263 1210 1312 praefero.
1251 1261 1319 1299 Ni-

346 1321 396 1357 hil
414 1330 541 1357 tamen
561 1321 599 1356 in
617 1327 720 1355 textu
744 1326 888 1354 mutare
904 1315 1060 1353 sustinui.

398 1384 433 1420 9.
459 1373 571 1408 Securi
594 1368 802 1418 percuffiffet]
832 1369 930 1404 Ven.
952 1363 1110 1403 Mediol.
1140 1363 1319 1412 &reliqui

339 1424 447 1469 sei-uri
471 1424 651 1473 percuffum
683 1419 840 1466 occtdrffet
870 1420 907 1455 ἃ
938 1417 1042 1454 Barb.
1088 1416 1197 1463 prim.
1233 1425 1317 1451 Cum

354 1473 460 1510 Leid.
491 1474 598 1521 prim.
624 1471 678 1508 his
700 1469 944 1507 consentiunt.
973 1468 1027 1505 Ita
1048 1467 1151 1514 supra
1172 1466 1321 1502 Libvr.

353 1536 385 1573 3.
407 1537 444 1571 9.
471 1525 556 1570 fusti
574 1522 746 1571 percussam
768 1522 935 1557 interemit
950 1548 959 1562 ,
988 1530 1030 1555 ac
1050 1517 1215 1554 similiter
1240 1517 1321 1553 Lib.

350 1588 437 1611 vm.
470 1588 499 1612 1.
527 1573 643 1611 Amb.
668 1586 697 1610 1.
727 1572 797 1609 Sed
819 1570 947 1619 reliqui
967 1569 1075 1606 MSS.
1103 1580 1188 1604 cum
1212 1569 1318 1615 Mog.

341 1628 450 1674 sciuri
477 1626 694 1673 percusserat,
732 1622 835 1673 quod
864 1621 1003 1658 sufficit.
1039 1619 1086 1656 fic
1113 1620 1213 1655 enim
1241 1622 1320 1654 occi-

341 1680 420 1724 sum
450 1675 530 1713 satis
559 1675 760 1722 intelligas,
787 1671 891 1723 quod
925 1683 1003 1708 non
1034 1670 1166 1714 facias,
1195 1668 1219 1706 fi
1240 1670 1320 1718 quis

342 1729 428 1773 susti
453 1728 617 1774 percussus
644 1725 794 1762 dicatur.
819 1724 899 1761 sunt
927 1723 991 1772 qui
1016 1721 1179 1765 habent,
1212 1721 1320 1768 secmi

345 1778 524 1827 percussum
553 1778 700 1821 miserati
723 1777 816 1822 sunt.

405 1842 462 1866 10.
492 1827 614 1864 Eadem
633 1825 783 1874 tantum]
807 1824 913 1861 MSS.
934 1824 1012 1860 fere
1037 1819 1222 1870 Eademque
1244 1830 1322 1856 tan-

352 1890 436 1916 tum.
465 1878 567 1928 quod
588 1877 680 1914 clam
704 1882 912 1913 inritaverat
930 1873 1088 1920 Pighius.

408 1943 463 1968 11.
510 1938 554 1966 Ut
582 1931 771 1976 universum
798 1926 911 1975 populi
942 1924 1081 1972 Romani
1112 1919 1318 1971 equitatum]

354 1981 481 2029 Lege,
506 1979 717 2029 peditatum,
754 1985 794 2014 ut
818 1977 856 2013 in
879 1972 1100 2022 Campenfi,
1133 1974 1170 2009 ὃς
1189 1984 1322 2020 quem-

353 2031 558 2069 admodum
593 2030 720 2066 Livius
752 2026 970 2075 astipulatur.
995 2024 1136 2061 PIGH.
1172 2029 1215 2058 Ut
1247 2024 1324 2058 uni-

352 2085 482 2129 versum
507 2083 619 2130 populi
646 2083 751 2116 Rom.
771 2079 968 2126 peditatum.
1019 2075 1095 2112 Alii
1123 2076 1320 2122 equitatum.

357 2133 427 2169 Sed
454 2132 640 2180 peditatum
664 2130 813 2166 restituit
842 2128 988 2175 Pighius
1019 2138 1065 2162 ex
1091 2125 1173 2161 cod.
1205 2123 1319 2161 Cam-

356 2182 457 2232 pensi
488 2184 525 2220 &
554 2194 598 2218 ex
628 2181 754 2217 Livio,
790 2178 984 2217 VORST.
1031 2178 1176 2214 Omnes
1200 2175 1319 2223 scripti

352 2236 553 2284 Equitatum
591 2232 762 2268 retinent.
826 2231 972 2267 Vereor
1003 2235 1044 2264 ut
1086 2227 1123 2264 &
1154 2226 1214 2263 hic
1241 2227 1320 2263 satis

354 2292 524 2322 accurate
555 2292 635 2331 agat
663 2281 846 2319 Valerius.
880 2281 981 2317 Nam
1002 2278 1182 2328 Equitatui
1205 2277 1321 2325 magis

357 2335 537 2373 convenit
557 2361 568 2377 ‚
613 2341 652 2370 ut
680 2334 843 2369 mittatur
875 2330 920 2368 ad
949 2329 1066 2367 hostes
1100 2328 1320 2377 persequer?-

361 2386 450 2430 dos,
478 2397 590 2435 quarn
622 2383 810 2432 peditatui.
863 2383 1007 2419 Interea
1037 2388 1164 2417 tamen
1190 2391 1321 2416 verum

361 2438 411 2474 est
436 2438 575 2486 pedites
603 2435 832 2484 equitatum,
871 2445 891 2469 a
921 2444 997 2481 quo
1021 2431 1098 2478 jam
1128 2431 1222 2467 fusus
1251 2430 1321 2467 ho-

362 2488 419 2525 stis
450 2495 553 2531 erat,
587 2485 685 2535 sequi
715 2482 888 2526 noluisse,
926 2490 965 2519 ut
996 2481 1202 2519 observavit
1233 2480 1324 2517 Gla-

362 2550 492 2576 reanus
512 2550 556 2575 ex
579 2537 667 2573 Liv.
696 2536 738 2572 L.
753 2547 797 2571 11.
819 2546 878 2582 43.
906 2534 1014 2580 Qum
1036 2533 1106 2569 δῖε.
1132 2532 1180 2568 ita
1201 2532 1322 2568 aciem

362 2587 578 2627 instruxisset
591 2616 600 2631 ‚
627 2598 663 2623 ut
675 2588 748 2634 solo
765 2587 916 2635 equitatu
932 2582 1037 2629 emiffo
1058 2582 1162 2629 (nota
1181 2581 1324 2628 emiffum

360 2640 576 2689 equitatur-²7)
615 2641 789 2673 exercitum
812 2636 950 2682 hostium
974 2631 1127 2678 funderet
1151 2660 1160 2675 ,
1196 2634 1326 2680 insequi

352 2695 447 2739 fusos
471 2691 567 2739 pedes
592 2690 710 2724 noluit.
738 2687 810 2724 Pro
834 2688 1004 2722 Memoria
1027 2682 1194 2719 nonnulli
1216 2683 1322 2720 MSS.

360 2747 570 2785 Memorem,
598 2739 656 2776 vel
677 2742 846 2775 Memores
862 2765 872 2780 ,
905 2736 995 2773 item
1016 2738 1162 2770 Memor.
1191 2737 1322 2770 Memo-

357 2807 424 2828 rem
465 2792 548 2829 Ald.
593 2792 630 2828 ὃς
664 2789 805 2838 reliqui.
849 2791 1020 2824 Memores
1055 2786 1163 2832 Mog.

412 2855 466 2880 12.
495 2840 710 2891 Equitamm]
735 2838 851 2888 Quod
863 2837 1030 2874 Valerius
1049 2836 1226 2884 equitatui
1244 2836 1323 2873 Ro-

2242 1045 2342 1092 gra-

1372 1156 1503 1195 Fabius
1536 1154 1692 1200 consul,
1734 1163 1774 1193 ut
1805 1155 1864 1192 alii
1896 1155 2037 1204 patricii
2068 1157 2345 1206 impedierant,

1370 1208 1536 1258 ideoque
1563 1207 1658 1256 plebi
1685 1206 1801 1243 invisi.
1835 1207 2111 1245 GLAREAN.

1425 1273 1481 1310 13.
1505 1263 1607 1302 Cuyus
1625 1269 1720 1306 pater
1738 1258 1814 1293 dum
1837 1266 1911 1294 &a
1937 1258 2100 1293 commoda
2128 1259 2233 1307 plebis
2253 1274 2344 1296 acer-

1369 1313 1453 1347 rime
1489 1307 1766 1360 impugnaverat]
1818 1309 1908 1345 Non
1946 1309 2033 1345 ideo
2072 1310 2232 1348 infensus
2268 1320 2345 1351 erat

1373 1362 1552 1400 exercitus
1571 1360 1721 1409 Appio,
1749 1358 1854 1409 quod
1883 1368 1986 1407 pater
2013 1359 2102 1397 illud
2124 1362 2262 1398 fecerat
2277 1362 2343 1399 du-

1372 1413 1461 1451 dum
1475 1415 1553 1463 jam
1578 1420 1747 1449 mortuus
1761 1438 1770 1453 ,
1791 1409 1851 1447 sed
1868 1419 2018 1459 propter
2036 1411 2126 1449 illius
2143 1422 2339 1461 paternum

1372 1466 1540 1502 animum
1558 1492 1566 1508 ,
1605 1462 1852 1500 truculentam
1882 1462 2112 1509 asperitatem
2130 1491 2139 1505 ‚
2179 1465 2217 1500 ὃς
2245 1464 2341 1512 plebi

1372 1528 1486 1565 quam
1515 1514 1680 1552 maxime
1709 1512 1974 1550 adversantem.
2011 1513 2098 1550 vide
2125 1514 2210 1551 Liv.
2238 1515 2343 1552 L.11.

1373 1579 1404 1603 c.
1435 1567 1493 1615 58.
1517 1579 1574 1615 59.
1603 1566 1712 1613 Lego
1733 1564 1864 1612 igitur,
1891 1577 1981 1608 culus
1997 1571 2148 1610 &pater
2167 1566 2239 1602 ἃς.
2266 1566 2342 1603 hoc

1371 1618 1442 1661 est,
1475 1619 1538 1667 qui
1568 1628 1646 1653 non
1676 1624 1821 1652 tantum
1850 1614 1943 1662 ipse,
1971 1614 2030 1651 sed
2062 1616 2099 1651 &
2128 1624 2231 1664 pater
2264 1618 2341 1665 ejus

1371 1669 1518 1718 plebem
1548 1667 1844 1716 impugnaverat.
1867 1665 2109 1703 PERIZON.

1426 1732 1481 1765 14.
1508 1721 1697 1754 Exercitum
1712 1716 1885 1765 sariendo]
1910 1718 2015 1753 Unus
2027 1717 2148 1753 Duae.
2167 1714 2342 1754 reddendo.

1427 1782 1482 1817 15⁹.
1511 1771 1673 1817 Qotiens
1691 1769 1854 1804 vitfloriae
1874 1767 2018 1816 vidit-ix]
2048 1767 2259 1814 Elegantius
2278 1779 2342 1816 per

1373 1820 1704 1866 interrogationem
1719 1847 1730 1861 ,
1745 1820 1902 1865 Quotiens
1919 1831 1993 1867 ergo
2012 1818 2174 1854 victoriae
2193 1819 2348 1856 viflrix?

1374 1869 1421 1906 slC
1450 1871 1488 1907 in
1508 1868 1719 1918 Campensl.
1741 1869 1881 1905 PIGH.
1909 1868 2047 1915 Quoties
2076 1881 2151 1918 ergo
2179 1870 2342 1905 vic‘lonae

1371 1922 1510 1958 viHrix.
1567 1925 1652 1970 Ergo
1680 1932 1700 1957 a
1728 1919 1861 1967 Pighio
1892 1918 2058 1956 additum
2090 1918 2343 1966 ignorantibus

1375 1971 1482 2009 MSS.
1495 1971 1668 2019 expunxi.
1688 1978 1726 2007 ut
1743 1969 1881 2006 dictum
1902 1967 1943 2006 fit
1964 1981 2029 2018 per
2053 1968 2341 2008 admirationem

1375 2034 1483 2059 more
1504 2021 1644 2059 Valerii
1668 2020 1773 2057 valde
1792 2018 1945 2056 solenni.

1430 2074 1485 2110 16.
1513 2073 1844 2122 Congratulationem
1863 2074 1933 2114 ejus
1955 2071 1991 2105 in
2009 2071 2177 2119 Torquato
2189 2075 2347 2120 spernen.

1370 2124 1464 2168 dam,
1477 2125 1512 2159 in
1528 2122 1884 2171 Fabiopulcherrimam
1902 2131 2035 2169 partem
2055 2122 2270 2159 omittendam
2283 2152 2293 2168 ‚
2307 2128 2342 2161 in

1373 2175 1500 2223 fflppio
1520 2185 1626 2209 totam
1641 2175 1746 2224 fugae
1761 2169 2015 2221 postponendam
2032 2171 2190 2222 credidit]
2215 2174 2344 2224 Antiq.

1372 2225 1467 2263 Edd.
1512 2233 1552 2262 ut
1594 2231 1695 2273 patet
1732 2234 1777 2259 ex
1818 2221 1935 2271 Pighii
1969 2222 2066 2259 notis
2103 2223 2260 2261 reddidit.
2303 2228 2342 2264 ὃς

1372 2276 1419 2313 sic
1432 2275 1627 2325 MS.quod
1647 2285 1883 2323 nequaquam
1908 2272 2143 2311 mutandum.
2160 2277 2217 2310 Ira
2240 2277 2341 2315 enim

1372 2328 1465 2365 haec
1488 2327 1616 2364 omnia
1643 2325 1791 2368 effecit,
1828 2325 1992 2372 utsupra
2021 2323 2067 2360 de
2094 2336 2136 2361 ea
2163 2325 2343 2374 loquitur.

1373 2380 1501 2427 eAppio
1529 2379 1690 2424 infensum
1717 2376 1896 2411 exercitum
1919 2375 2083 2420 facienda
2118 2376 2193 2413 hoc
2214 2377 2283 2415 EX.
2305 2380 2344 2416 ὃς

1374 2430 1442 2466 Ex.
1471 2442 1504 2466 2.
1529 2432 1565 2465 C.
1594 2429 1752 2478 Figulum
1774 2424 2009 2462 moderationis
2029 2427 2245 2464 immemorem
2269 2428 2345 2465 red-

1374 2479 1541 2517 diderunt.
1569 2478 1683 2527 Lipsii
1702 2477 1815 2514 etiam
1834 2476 2139 2514 emendationem
2166 2478 2253 2515 hinc
2270 2479 2345 2516 abi-

1375 2543 1413 2568 re
1427 2531 1556 2580 J'ubeo.
1575 2530 1795 2578 pulcherrima
1812 2538 1890 2575 pars
1909 2528 2070 2563 ‘pistoriae
2091 2528 2160 2571 est,
2182 2529 2344 2568 hostibus

1376 2581 1559 2619 converfis
1586 2582 1623 2618 in
1643 2581 1771 2628 fugam
1798 2578 1929 2615 instare
1950 2605 1962 2621 ,
2002 2578 2107 2627 quod
2127 2579 2250 2618 facere
2271 2593 2343 2619 no-

1376 2634 1522 2671 luerunt
1541 2632 1702 2669 Fabiani.
1728 2628 1975 2666 PERIZON.

1427 2696 1482 2730 17.
1510 2685 1548 2719 In
1566 2683 1667 2720 fabio
1683 2681 1936 2731 pulcherrimam
1952 2689 2085 2728 partem
2104 2680 2340 2734 omittendam]

1375 2735 1483 2783 Lego
1497 2764 1510 2777 ,
1535 2734 1748 2781 pulcherrime
1767 2741 1914 2779 partam.
1944 2731 1981 2767 &
2001 2729 2049 2767 ad
2069 2729 2266 2770 vidioriam
2285 2746 2343 2773 re·

1374 2786 1467 2822 fero.
1494 2785 1614 2822 LIPS.
1646 2787 1687 2820 In
1707 2782 1806 2819 Fabio
1821 2780 2078 2830 pulcherrimam
2095 2792 2225 2830 partem
2246 2797 2344 2822 omit-

1375 2836 1519 2873 tendam.
1565 2834 1709 2884 Lipsius
1738 2832 1936 2882 legendum
1970 2831 2094 2868 censet
2126 2833 2342 2882 pulcherrime

360 2905 474 2931 mano
505 2893 693 2935 adscribit,
726 2892 760 2928 id
793 2890 921 2927 Livius
944 2887 1026 2925 Lib.
1058 2900 1113 2924 11.
1140 2886 1317 2934 peditatui
1368 2897 1532 2935 partam;
1571 2895 1610 2924 ut
1639 2887 1817 2922 referatur
1843 2882 1890 2920 ad
1918 2883 2109 2920 vinariam.
2145 2885 2340 2925 VORST,

356 2943 529 2982 attribuit.
582 2944 797 2990 Equitatum
829 2941 928 2978 enim
959 2939 1141 2976 strenuam
1164 2949 1315 2985 operam
1369 2937 1685 2975 Emendationem
1715 2934 1829 2984 Lipfii
1857 2933 2035 2983 probabat
2056 2934 2247 2982 Guyetus;
2278 2937 2338 2974 sed

353 2994 523 3034 navasse.
561 2994 766 3041 peditatum
797 2992 898 3041 sequi
924 2987 1098 3028 noluisse:
1137 2988 1241 3037 quod
1269 2989 1317 3026 est
1369 3000 1449 3026 non
1478 2988 1585 3026 MSS.

357 3045 621 3088 verosimilius,
650 3053 799 3093 propter
820 3043 942 3092 legem
972 3041 1173 3089 agrariam,
1201 3051 1314 3089 quarn

1423 3039 1480 3078 18.
1506 3041 1625 3076 Totam
1649 3040 1753 3089 fugae
1777 3035 2021 3087 proponendam
2049 3034 2215 3085 reddidit]
2262 3038 2341 3074 Ve-

2286 3096 2343 3127 te·
