<?xml version="1.0" encoding="UTF-8"?>
<!DOCTYPE html PUBLIC "-//W3C//DTD XHTML 1.0 Transitional//EN"
    "http://www.w3.org/TR/xhtml1/DTD/xhtml1-transitional.dtd">
<html xmlns="http://www.w3.org/1999/xhtml" xml:lang="en" lang="en">
 <head>
  <title>
</title>
<meta http-equiv="Content-Type" content="text/html;charset=utf-8" />
  <meta name='ocr-system' content='tesseract 3.04.00' />
  <meta name='ocr-capabilities' content='ocr_page ocr_carea ocr_par ocr_line ocrx_word'/>
</head>
<body>
  <div class='ocr_page' id='page_1' title='image "./librinovemfactor00valeuoft_0160.png"; bbox 0 0 2516 3509; ppageno 0'>
   <div class='ocr_carea' id='block_1_1' title="bbox 375 111 2144 200">
    <p class='ocr_par' dir='ltr' id='par_1_1' title="bbox 375 111 2144 200">
     <span class='ocr_line' id='line_1_1' title="bbox 375 111 2144 200; baseline -0.019 1"><span class='ocrx_word' id='word_1_1' title='bbox 375 147 480 200; x_wconf 62' lang='lat'><strong>108</strong></span> <span class='ocrx_word' id='word_1_2' title='bbox 635 120 1042 188; x_wconf 73' lang='lat' dir='ltr'>VALERII</span> <span class='ocrx_word' id='word_1_3' title='bbox 1116 113 1495 174; x_wconf 79' lang='lat' dir='ltr'><strong>MAXIMI</strong></span> <span class='ocrx_word' id='word_1_4' title='bbox 1538 116 1668 175; x_wconf 70' lang='lat' dir='ltr'><strong>Lu.</strong></span> <span class='ocrx_word' id='word_1_5' title='bbox 1704 115 1748 172; x_wconf 91' lang='lat' dir='ltr'><strong>I.</strong></span> <span class='ocrx_word' id='word_1_6' title='bbox 1792 113 1941 173; x_wconf 70' lang='lat' dir='ltr'><strong>CAp.</strong></span> <span class='ocrx_word' id='word_1_7' title='bbox 1982 111 2144 171; x_wconf 86' lang='lat' dir='ltr'>VIII.</span> 
     </span>
    </p>
   </div>
   <div class='ocr_carea' id='block_1_2' title="bbox 368 215 2372 374">
    <p class='ocr_par' dir='ltr' id='par_1_2' title="bbox 368 215 2372 374">
     <span class='ocr_line' id='line_1_2' title="bbox 369 215 2371 294; baseline -0.014 -3"><span class='ocrx_word' id='word_1_8' title='bbox 369 247 445 294; x_wconf 88' lang='lat' dir='ltr'><strong>tris</strong></span> <span class='ocrx_word' id='word_1_9' title='bbox 463 240 559 286; x_wconf 78' lang='lat' dir='ltr'><strong>suae</strong></span> <span class='ocrx_word' id='word_1_10' title='bbox 581 244 711 279; x_wconf 86' lang='lat' dir='ltr'><strong>utero</strong></span> <span class='ocrx_word' id='word_1_11' title='bbox 731 223 925 290; x_wconf 77' lang='lat' dir='ltr'><strong>elapsus,</strong></span> <span class='ocrx_word' id='word_1_12' title='bbox 959 222 1198 286; x_wconf 83' lang='lat' dir='ltr'><strong>inopinato</strong></span> <span class='ocrx_word' id='word_1_13' title='bbox 1222 220 1382 284; x_wconf 84' lang='lat' dir='ltr'><strong>vagitu</strong></span> <span class='ocrx_word' id='word_1_14' title='bbox 1408 218 1487 266; x_wconf 89' lang='lat' dir='ltr'><strong>suo</strong></span> <span class='ocrx_word' id='word_1_15' title='bbox 1505 219 1676 267; x_wconf 66' lang='lat' dir='ltr'><strong>lectum</strong></span> <span class='ocrx_word' id='word_1_16' title='bbox 1699 218 1890 266; x_wconf 88' lang='lat' dir='ltr'><strong>ferentes</strong></span> <span class='ocrx_word' id='word_1_17' title='bbox 1914 215 2153 264; x_wconf 74' lang='lat' dir='ltr'><strong>consistere</strong></span> <span class='ocrx_word' id='word_1_18' title='bbox 2182 216 2371 280; x_wconf 72' lang='lat' dir='ltr'><strong>coegit,</strong></span> 
     </span>
     <span class='ocr_line' id='line_1_3' title="bbox 368 296 2372 374; baseline -0.014 -5"><span class='ocrx_word' id='word_1_19' title='bbox 368 324 630 374; x_wconf 89' lang='lat' dir='ltr'><strong>novumque</strong></span> <span class='ocrx_word' id='word_1_20' title='bbox 649 304 956 371; x_wconf 66' lang='lat' dir='ltr'><strong>spectaculum</strong></span> <span class='ocrx_word' id='word_1_21' title='bbox 973 302 1143 368; x_wconf 77' lang='lat' dir='ltr'>patriae</span> <span class='ocrx_word' id='word_1_22' title='bbox 1161 298 1369 364; x_wconf 83' lang='lat' dir='ltr'><strong>praebuit</strong></span> <span class='ocrx_word' id='word_1_23' title='bbox 1383 332 1398 358; x_wconf 82' lang='grc'>,</span> <span class='ocrx_word' id='word_1_24' title='bbox 1421 305 1465 336; x_wconf 84' lang='lat'><strong>95</strong></span> <span class='ocrx_word' id='word_1_25' title='bbox 1491 311 1671 346; x_wconf 86' lang='lat' dir='ltr'><strong>tantum</strong></span> <span class='ocrx_word' id='word_1_26' title='bbox 1695 315 1788 345; x_wconf 88' lang='lat' dir='ltr'><strong>non</strong></span> <span class='ocrx_word' id='word_1_27' title='bbox 1808 314 1865 344; x_wconf 84' lang='lat' dir='ltr'><strong>ex</strong></span> <span class='ocrx_word' id='word_1_28' title='bbox 1883 296 1979 362; x_wconf 87' lang='lat' dir='ltr'><strong>ipso</strong></span> <span class='ocrx_word' id='word_1_29' title='bbox 2002 296 2236 361; x_wconf 80' lang='lat' dir='ltr'><strong>genitricis</strong></span> <span class='ocrx_word' id='word_1_30' title='bbox 2254 313 2372 362; x_wconf 86' lang='lat' dir='ltr'><strong>rogo</strong></span> 
     </span>
    </p>
   </div>
   <div class='ocr_carea' id='block_1_3' title="bbox 154 612 435 775">
    <p class='ocr_par' dir='ltr' id='par_1_3' title="bbox 154 612 435 775">
     <span class='ocr_line' id='line_1_4' title="bbox 154 612 394 646; baseline -0.033 1"><span class='ocrx_word' id='word_1_31' title='bbox 154 612 352 646; x_wconf 58' lang='lat' dir='ltr'><strong>moderin.</strong></span> <span class='ocrx_word' id='word_1_32' title='bbox 387 631 394 639; x_wconf 93' lang='lat'><strong>.</strong></span> 
     </span>
     <span class='ocr_line' id='line_1_5' title="bbox 154 632 435 687; baseline -0.021 -1"><span class='ocrx_word' id='word_1_33' title='bbox 154 657 184 687; x_wconf 76' lang='lat' dir='ltr'><strong>d.</strong></span> <span class='ocrx_word' id='word_1_34' title='bbox 205 666 229 686; x_wconf 88' lang='lat'><strong>1.</strong></span> <span class='ocrx_word' id='word_1_35' title='bbox 253 654 332 686; x_wconf 84' lang='lat' dir='ltr'><strong>Plin.</strong></span> <span class='ocrx_word' id='word_1_36' title='bbox 367 632 435 678; x_wconf 61' lang='lat'>11³1·</span> 
     </span>
     <span class='ocr_line' id='line_1_6' title="bbox 157 693 356 728; baseline -0.015 0"><span class='ocrx_word' id='word_1_37' title='bbox 157 707 225 728; x_wconf 74' lang='lat'><strong>111.</strong></span> <span class='ocrx_word' id='word_1_38' title='bbox 249 701 299 726; x_wconf 86' lang='lat'><strong>28.</strong></span> <span class='ocrx_word' id='word_1_39' title='bbox 322 693 356 725; x_wconf 85' lang='lat'>&amp;</span> 
     </span>
     <span class='ocr_line' id='line_1_7' title="bbox 155 747 295 775; baseline -0.007 -5"><span class='ocrx_word' id='word_1_40' title='bbox 155 748 226 771; x_wconf 75' lang='lat' dir='ltr'><strong>vir.</strong></span> <span class='ocrx_word' id='word_1_41' title='bbox 245 747 295 775; x_wconf 86' lang='lat'><strong>50-</strong></span> 
     </span>
    </p>
   </div>
   <div class='ocr_carea' id='block_1_4' title="bbox 157 881 360 1083">
    <p class='ocr_par' dir='ltr' id='par_1_4' title="bbox 157 881 360 1083">
     <span class='ocr_line' id='line_1_8' title="bbox 157 881 344 915; baseline -0.016 0"><span class='ocrx_word' id='word_1_42' title='bbox 157 883 228 915; x_wconf 88' lang='lat' dir='ltr'><strong>Cic.</strong></span> <span class='ocrx_word' id='word_1_43' title='bbox 243 892 288 914; x_wconf 83' lang='lat'><strong>11.</strong></span> <span class='ocrx_word' id='word_1_44' title='bbox 303 881 344 913; x_wconf 82' lang='lat' dir='ltr'><strong>de</strong></span> 
     </span>
     <span class='ocr_line' id='line_1_9' title="bbox 159 923 360 957; baseline -0.03 0"><span class='ocrx_word' id='word_1_45' title='bbox 159 929 216 957; x_wconf 87' lang='lat' dir='ltr'><strong>Or.</strong></span> <span class='ocrx_word' id='word_1_46' title='bbox 231 931 278 955; x_wconf 80' lang='lat'><strong>86.</strong></span> <span class='ocrx_word' id='word_1_47' title='bbox 293 923 360 955; x_wconf 81' lang='lat' dir='ltr'><strong>Sui-</strong></span> 
     </span>
     <span class='ocr_line' id='line_1_10' title="bbox 159 965 358 998; baseline -0.01 0"><span class='ocrx_word' id='word_1_48' title='bbox 159 968 227 998; x_wconf 86' lang='lat' dir='ltr'><strong>das.</strong></span> <span class='ocrx_word' id='word_1_49' title='bbox 243 965 358 998; x_wconf 71' lang='lat' dir='ltr'><strong>Phaed.</strong></span> 
     </span>
     <span class='ocr_line' id='line_1_11' title="bbox 161 1010 335 1050; baseline -0.011 -10"><span class='ocrx_word' id='word_1_50' title='bbox 161 1010 273 1050; x_wconf 79' lang='lat' dir='ltr'><strong>Qiint.</strong></span> <span class='ocrx_word' id='word_1_51' title='bbox 299 1011 335 1039; x_wconf 89' lang='lat' dir='ltr'><strong>L.</strong></span> 
     </span>
     <span class='ocr_line' id='line_1_12' title="bbox 164 1060 311 1083; baseline 0.014 -2"><span class='ocrx_word' id='word_1_52' title='bbox 164 1061 258 1083; x_wconf 70' lang='lat' dir='ltr'><strong>xvxi.</strong></span> <span class='ocrx_word' id='word_1_53' title='bbox 281 1060 311 1083; x_wconf 86' lang='lat'><strong>2.</strong></span> 
     </span>
    </p>
   </div>
   <div class='ocr_carea' id='block_1_5' title="bbox 368 386 1001 441">
    <p class='ocr_par' dir='ltr' id='par_1_5' title="bbox 368 386 1001 441">
     <span class='ocr_line' id='line_1_13' title="bbox 368 386 1001 441; baseline -0.016 0"><span class='ocrx_word' id='word_1_54' title='bbox 368 397 523 441; x_wconf 87' lang='lat' dir='ltr'><strong>lucem</strong></span> <span class='ocrx_word' id='word_1_55' title='bbox 541 390 589 436; x_wconf 66' lang='grc'><strong>86</strong></span> <span class='ocrx_word' id='word_1_56' title='bbox 612 405 748 436; x_wconf 83' lang='lat' dir='ltr'><strong>cunas</strong></span> <span class='ocrx_word' id='word_1_57' title='bbox 766 386 1001 434; x_wconf 84' lang='lat' dir='ltr'><strong>affecutus.</strong></span> 
     </span>
    </p>
   </div>
   <div class='ocr_carea' id='block_1_6' title="bbox 1070 377 2380 443">
    <p class='ocr_par' dir='ltr' id='par_1_6' title="bbox 1070 377 2380 443">
     <span class='ocr_line' id='line_1_14' title="bbox 1070 377 2380 443; baseline -0.005 -11"><span class='ocrx_word' id='word_1_58' title='bbox 1070 381 1250 432; x_wconf 86' lang='lat' dir='ltr'><strong>Eodem</strong></span> <span class='ocrx_word' id='word_1_59' title='bbox 1282 380 1403 427; x_wconf 88' lang='lat' dir='ltr'><strong>enim</strong></span> <span class='ocrx_word' id='word_1_60' title='bbox 1433 393 1671 427; x_wconf 84' lang='lat' dir='ltr'><strong>momento</strong></span> <span class='ocrx_word' id='word_1_61' title='bbox 1706 379 1953 443; x_wconf 74' lang='lat' dir='ltr'><strong>temporis,</strong></span> <span class='ocrx_word' id='word_1_62' title='bbox 1988 378 2125 425; x_wconf 84' lang='lat' dir='ltr'><strong>altera</strong></span> <span class='ocrx_word' id='word_1_63' title='bbox 2146 379 2243 440; x_wconf 82' lang='lat' dir='ltr'><strong>jam</strong></span> <span class='ocrx_word' id='word_1_64' title='bbox 2276 377 2380 425; x_wconf 79' lang='lat' dir='ltr'><strong>fato</strong></span> 
     </span>
    </p>
   </div>
   <div class='ocr_carea' id='block_1_7' title="bbox 368 458 2375 603">
    <p class='ocr_par' dir='ltr' id='par_1_7' title="bbox 368 458 2375 603">
     <span class='ocr_line' id='line_1_15' title="bbox 368 458 1572 531; baseline -0.012 -14"><span class='ocrx_word' id='word_1_65' title='bbox 368 468 525 517; x_wconf 68' lang='lat' dir='ltr'><strong>fun&amp;a</strong></span> <span class='ocrx_word' id='word_1_66' title='bbox 543 468 690 531; x_wconf 79' lang='lat' dir='ltr'><strong>parit,</strong></span> <span class='ocrx_word' id='word_1_67' title='bbox 725 466 836 512; x_wconf 82' lang='lat' dir='ltr'><strong>alter</strong></span> <span class='ocrx_word' id='word_1_68' title='bbox 859 478 961 511; x_wconf 82' lang='lat' dir='ltr'><strong>ante</strong></span> <span class='ocrx_word' id='word_1_69' title='bbox 981 463 1120 510; x_wconf 86' lang='lat' dir='ltr'><strong>elatus</strong></span> <span class='ocrx_word' id='word_1_70' title='bbox 1134 496 1149 521; x_wconf 79' lang='lat'>‚</span> <span class='ocrx_word' id='word_1_71' title='bbox 1184 476 1321 525; x_wconf 79' lang='lat' dir='ltr'><strong>quam</strong></span> <span class='ocrx_word' id='word_1_72' title='bbox 1344 471 1472 505; x_wconf 85' lang='lat' dir='ltr'><strong>natus</strong></span> <span class='ocrx_word' id='word_1_73' title='bbox 1494 458 1572 503; x_wconf 79' lang='lat' dir='ltr'><strong>est.</strong></span> 
     </span>
     <span class='ocr_line' id='line_1_16' title="bbox 435 535 2375 603; baseline -0.007 -6"><span class='ocrx_word' id='word_1_74' title='bbox 435 550 632 597; x_wconf 85' lang='lat' dir='ltr'><strong>Divinae</strong></span> <span class='ocrx_word' id='word_1_75' title='bbox 649 547 857 595; x_wconf 75' lang='lat' dir='ltr'>fortunae</span> <span class='ocrx_word' id='word_1_76' title='bbox 875 546 1041 594; x_wconf 83' lang='lat' dir='ltr'><strong>vulnus</strong></span> <span class='ocrx_word' id='word_1_77' title='bbox 1078 544 1117 577; x_wconf 80' lang='lat'><strong>9⁶</strong></span> <span class='ocrx_word' id='word_1_78' title='bbox 1141 536 1511 600; x_wconf 79' lang='lat' dir='ltr'><strong>Pheraeo-Jasoni</strong></span> <span class='ocrx_word' id='word_1_79' title='bbox 1533 535 1718 599; x_wconf 81' lang='lat' dir='ltr'><strong>quidam</strong></span> <span class='ocrx_word' id='word_1_80' title='bbox 1737 538 1870 583; x_wconf 82' lang='lat' dir='ltr'><strong>exitii</strong></span> <span class='ocrx_word' id='word_1_81' title='bbox 1900 542 1995 602; x_wconf 78' lang='lat' dir='ltr'><strong>ejus</strong></span> <span class='ocrx_word' id='word_1_82' title='bbox 2026 539 2222 603; x_wconf 81' lang='lat' dir='ltr'><strong>cupidus</strong></span> <span class='ocrx_word' id='word_1_83' title='bbox 2253 539 2375 586; x_wconf 88' lang='lat' dir='ltr'><strong>intu-</strong></span> 
     </span>
    </p>
   </div>
   <div class='ocr_carea' id='block_1_8' title="bbox 505 613 2379 688">
    <p class='ocr_par' dir='ltr' id='par_1_8' title="bbox 505 613 2379 688">
     <span class='ocr_line' id='line_1_17' title="bbox 505 613 2379 688; baseline -0.006 -11"><span class='ocrx_word' id='word_1_84' title='bbox 505 631 634 677; x_wconf 78' lang='lat' dir='ltr'><strong>Nam</strong></span> <span class='ocrx_word' id='word_1_85' title='bbox 657 645 764 675; x_wconf 91' lang='lat' dir='ltr'><strong>cum</strong></span> <span class='ocrx_word' id='word_1_86' title='bbox 788 629 905 674; x_wconf 88' lang='lat' dir='ltr'><strong>inter</strong></span> <span class='ocrx_word' id='word_1_87' title='bbox 922 625 1096 672; x_wconf 87' lang='lat' dir='ltr'><strong>infidias</strong></span> <span class='ocrx_word' id='word_1_88' title='bbox 1125 621 1277 688; x_wconf 82' lang='lat' dir='ltr'><strong>gladio</strong></span> <span class='ocrx_word' id='word_1_89' title='bbox 1309 636 1415 666; x_wconf 87' lang='lat' dir='ltr'><strong>eum</strong></span> <span class='ocrx_word' id='word_1_90' title='bbox 1449 613 1752 682; x_wconf 64' lang='lat' dir='ltr'><strong>percussisset,</strong></span> <span class='ocrx_word' id='word_1_91' title='bbox 1787 618 2041 678; x_wconf 76' lang='lat' dir='ltr'><strong>vomicam,</strong></span> <span class='ocrx_word' id='word_1_92' title='bbox 2076 635 2189 682; x_wconf 83' lang='lat' dir='ltr'><strong>quae</strong></span> <span class='ocrx_word' id='word_1_93' title='bbox 2209 618 2233 666; x_wconf 72' lang='lat' dir='ltr'><strong>a</strong></span> <span class='ocrx_word' id='word_1_94' title='bbox 2253 619 2379 666; x_wconf 88' lang='lat' dir='ltr'><strong>nullo</strong></span> 
     </span>
    </p>
   </div>
   <div class='ocr_carea' id='block_1_9' title="bbox 369 694 2382 856">
    <p class='ocr_par' dir='ltr' id='par_1_9' title="bbox 369 694 2382 856">
     <span class='ocr_line' id='line_1_18' title="bbox 369 694 2306 770; baseline -0.009 -10"><span class='ocrx_word' id='word_1_95' title='bbox 369 708 654 760; x_wconf 86' lang='lat' dir='ltr'><strong>medicorum</strong></span> <span class='ocrx_word' id='word_1_96' title='bbox 674 709 810 755; x_wconf 70' lang='lat' dir='ltr'><strong>fitnari</strong></span> <span class='ocrx_word' id='word_1_97' title='bbox 832 717 1070 770; x_wconf 74' lang='lat' dir='ltr'><strong>potuerat,</strong></span> <span class='ocrx_word' id='word_1_98' title='bbox 1105 704 1167 748; x_wconf 81' lang='lat' dir='ltr'><strong>ita</strong></span> <span class='ocrx_word' id='word_1_99' title='bbox 1190 702 1342 764; x_wconf 75' lang='lat' dir='ltr'><strong>rupit,</strong></span> <span class='ocrx_word' id='word_1_100' title='bbox 1377 712 1430 745; x_wconf 88' lang='lat' dir='ltr'><strong>ut</strong></span> <span class='ocrx_word' id='word_1_101' title='bbox 1451 697 1687 744; x_wconf 85' lang='lat' dir='ltr'><strong>hominem</strong></span> <span class='ocrx_word' id='word_1_102' title='bbox 1710 694 1922 758; x_wconf 83' lang='lat' dir='ltr'><strong>pestifero</strong></span> <span class='ocrx_word' id='word_1_103' title='bbox 1946 697 2064 742; x_wconf 82' lang='lat' dir='ltr'><strong>malo</strong></span> <span class='ocrx_word' id='word_1_104' title='bbox 2084 696 2306 743; x_wconf 80' lang='lat' dir='ltr'><strong>liberaret.</strong></span> 
     </span>
     <span class='ocr_line' id='line_1_19' title="bbox 439 772 2382 856; baseline -0.008 -16"><span class='ocrx_word' id='word_1_105' title='bbox 439 796 596 856; x_wconf 84' lang='lat' dir='ltr'><strong>Aeque</strong></span> <span class='ocrx_word' id='word_1_106' title='bbox 627 791 711 837; x_wconf 86' lang='lat' dir='ltr'><strong>diis</strong></span> <span class='ocrx_word' id='word_1_107' title='bbox 740 785 1074 836; x_wconf 83' lang='lat' dir='ltr'><strong>immortalibus</strong></span> <span class='ocrx_word' id='word_1_108' title='bbox 1107 795 1323 849; x_wconf 80' lang='lat' dir='ltr'><strong>acceptus</strong></span> <span class='ocrx_word' id='word_1_109' title='bbox 1353 778 1636 840; x_wconf 81' lang='lat' dir='ltr'><strong>Simonides,</strong></span> <span class='ocrx_word' id='word_1_110' title='bbox 1682 783 1722 812; x_wconf 86' lang='lat'><strong>9⁷</strong></span> <span class='ocrx_word' id='word_1_111' title='bbox 1744 779 1875 842; x_wconf 73' lang='lat' dir='ltr'><strong>cujus</strong></span> <span class='ocrx_word' id='word_1_112' title='bbox 1905 772 2014 822; x_wconf 75' lang='lat' dir='ltr'><strong>salus</strong></span> <span class='ocrx_word' id='word_1_113' title='bbox 2042 776 2098 823; x_wconf 84' lang='lat' dir='ltr'><strong>ab</strong></span> <span class='ocrx_word' id='word_1_114' title='bbox 2125 777 2382 825; x_wconf 82' lang='lat' dir='ltr'><strong>imminenti</strong></span> 
     </span>
    </p>
   </div>
   <div class='ocr_carea' id='block_1_10' title="bbox 2240 854 2390 900">
    <p class='ocr_par' dir='ltr' id='par_1_10' title="bbox 2240 854 2390 900">
     <span class='ocr_line' id='line_1_20' title="bbox 2240 854 2390 900; baseline -0.007 0"><span class='ocrx_word' id='word_1_115' title='bbox 2240 854 2390 900; x_wconf 76' lang='lat' dir='ltr'><strong>exitio</strong></span> 
     </span>
    </p>
   </div>
   <div class='ocr_carea' id='block_1_11' title="bbox 375 983 2395 1056">
    <p class='ocr_par' dir='ltr' id='par_1_11' title="bbox 375 983 2395 1056">
     <span class='ocr_line' id='line_1_21' title="bbox 375 983 2395 1056; baseline -0.01 -15"><span class='ocrx_word' id='word_1_116' title='bbox 375 1018 452 1056; x_wconf 64' lang='lat' dir='ltr'><strong>que.</strong></span> <span class='ocrx_word' id='word_1_117' title='bbox 501 1001 616 1052; x_wconf 80' lang='lat' dir='ltr'><strong>Quasi</strong></span> <span class='ocrx_word' id='word_1_118' title='bbox 635 998 916 1049; x_wconf 79' lang='lat' dir='ltr'><strong>intelligendum</strong></span> <span class='ocrx_word' id='word_1_119' title='bbox 935 995 1033 1035; x_wconf 82' lang='lat' dir='ltr'><strong>esset.</strong></span> <span class='ocrx_word' id='word_1_120' title='bbox 1084 995 1187 1046; x_wconf 78' lang='lat' dir='ltr'><strong>Origo</strong></span> <span class='ocrx_word' id='word_1_121' title='bbox 1210 992 1357 1043; x_wconf 78' lang='lat' dir='ltr'><strong>Gorgiae</strong></span> <span class='ocrx_word' id='word_1_122' title='bbox 1406 988 1608 1038; x_wconf 81' lang='lat' dir='ltr'><strong>telligentia</strong></span> <span class='ocrx_word' id='word_1_123' title='bbox 1627 986 1884 1038; x_wconf 81' lang='lat' dir='ltr'><strong>hujuscemodi</strong></span> <span class='ocrx_word' id='word_1_124' title='bbox 1912 985 2058 1023; x_wconf 89' lang='lat' dir='ltr'><strong>dicendi</strong></span> <span class='ocrx_word' id='word_1_125' title='bbox 2086 984 2228 1034; x_wconf 82' lang='lat' dir='ltr'><strong>generis</strong></span> <span class='ocrx_word' id='word_1_126' title='bbox 2255 983 2395 1021; x_wconf 74' lang='lat' dir='ltr'><strong>abhor-</strong></span> 
     </span>
    </p>
   </div>
   <div class='ocr_carea' id='block_1_12' title="bbox 373 1053 937 1105">
    <p class='ocr_par' dir='ltr' id='par_1_12' title="bbox 373 1053 937 1105">
     <span class='ocr_line' id='line_1_22' title="bbox 373 1053 937 1105; baseline -0.016 -12"><span class='ocrx_word' id='word_1_127' title='bbox 373 1054 525 1105; x_wconf 79' lang='lat' dir='ltr'><strong>praelmit</strong></span> <span class='ocrx_word' id='word_1_128' title='bbox 546 1068 668 1090; x_wconf 62' lang='lat' dir='ltr'><strong>novum</strong></span> <span class='ocrx_word' id='word_1_129' title='bbox 691 1053 937 1102; x_wconf 63' lang='lat' dir='ltr'><strong>speHaculum,</strong></span> 
     </span>
    </p>
   </div>
   <div class='ocr_carea' id='block_1_13' title="bbox 379 1148 1359 1254">
    <p class='ocr_par' dir='ltr' id='par_1_13' title="bbox 379 1148 1359 1254">
     <span class='ocr_line' id='line_1_23' title="bbox 379 1148 1359 1201; baseline -0.016 -6"><span class='ocrx_word' id='word_1_130' title='bbox 379 1154 528 1195; x_wconf 75' lang='lat' dir='ltr'><strong>edidiffe</strong></span> <span class='ocrx_word' id='word_1_131' title='bbox 556 1169 678 1190; x_wconf 68' lang='lat' dir='ltr'><strong>novum</strong></span> <span class='ocrx_word' id='word_1_132' title='bbox 692 1153 927 1201; x_wconf 65' lang='lat' dir='ltr'><strong>spefiaculum.</strong></span> <span class='ocrx_word' id='word_1_133' title='bbox 978 1150 1050 1185; x_wconf 85' lang='lat' dir='ltr'><strong>Pro</strong></span> <span class='ocrx_word' id='word_1_134' title='bbox 1076 1149 1135 1197; x_wconf 75' lang='lat' dir='ltr'><strong>qui</strong></span> <span class='ocrx_word' id='word_1_135' title='bbox 1164 1148 1200 1182; x_wconf 83' lang='lat' dir='ltr'><strong>in</strong></span> <span class='ocrx_word' id='word_1_136' title='bbox 1214 1148 1359 1192; x_wconf 69' lang='lat' dir='ltr'><strong>funere,</strong></span> 
     </span>
     <span class='ocr_line' id='line_1_24' title="bbox 381 1203 930 1254; baseline -0.015 -8"><span class='ocrx_word' id='word_1_137' title='bbox 381 1207 490 1246; x_wconf 81' lang='lat' dir='ltr'><strong>multi</strong></span> <span class='ocrx_word' id='word_1_138' title='bbox 513 1206 621 1243; x_wconf 87' lang='lat' dir='ltr'>MSS.</span> <span class='ocrx_word' id='word_1_139' title='bbox 647 1203 734 1254; x_wconf 80' lang='lat' dir='ltr'><strong>quod</strong></span> <span class='ocrx_word' id='word_1_140' title='bbox 752 1205 788 1238; x_wconf 88' lang='lat' dir='ltr'><strong>in</strong></span> <span class='ocrx_word' id='word_1_141' title='bbox 799 1205 930 1249; x_wconf 78' lang='lat' dir='ltr'><strong>funere.</strong></span> 
     </span>
    </p>
   </div>
   <div class='ocr_carea' id='block_1_14' title="bbox 376 1035 2390 1145">
    <p class='ocr_par' dir='ltr' id='par_1_14' title="bbox 376 1035 2390 1145">
     <span class='ocr_line' id='line_1_25' title="bbox 942 1035 2390 1103; baseline -0.008 -19"><span class='ocrx_word' id='word_1_142' title='bbox 942 1050 1024 1103; x_wconf 50' lang='lat' dir='ltr'><strong>⁴qui</strong></span> <span class='ocrx_word' id='word_1_143' title='bbox 1041 1049 1157 1098; x_wconf 48' lang='lat' dir='ltr'><strong>coegit.</strong></span> <span class='ocrx_word' id='word_1_144' title='bbox 1207 1045 1257 1082; x_wconf 86' lang='lat' dir='ltr'><strong>Et</strong></span> <span class='ocrx_word' id='word_1_145' title='bbox 1283 1045 1358 1080; x_wconf 91' lang='lat' dir='ltr'><strong>hoc</strong></span> <span class='ocrx_word' id='word_1_146' title='bbox 1409 1050 1501 1079; x_wconf 80' lang='lat' dir='ltr'><strong>rent.</strong></span> <span class='ocrx_word' id='word_1_147' title='bbox 1554 1043 1634 1078; x_wconf 76' lang='lat' dir='ltr'><strong>Non</strong></span> <span class='ocrx_word' id='word_1_148' title='bbox 1653 1051 1784 1076; x_wconf 75' lang='lat' dir='ltr'><strong>tantum</strong></span> <span class='ocrx_word' id='word_1_149' title='bbox 1805 1039 1906 1075; x_wconf 84' lang='lat' dir='ltr'><strong>enim</strong></span> <span class='ocrx_word' id='word_1_150' title='bbox 1928 1038 1975 1074; x_wconf 84' lang='lat' dir='ltr'><strong>est</strong></span> <span class='ocrx_word' id='word_1_151' title='bbox 2005 1038 2108 1086; x_wconf 88' lang='lat' dir='ltr'><strong>quod</strong></span> <span class='ocrx_word' id='word_1_152' title='bbox 2128 1037 2272 1073; x_wconf 78' lang='lat' dir='ltr'><strong>Graece</strong></span> <span class='ocrx_word' id='word_1_153' title='bbox 2301 1035 2390 1073; x_wconf 83' lang='lat' dir='ltr'><strong>dici-</strong></span> 
     </span>
     <span class='ocr_line' id='line_1_26' title="bbox 376 1095 1469 1145; baseline -0.016 0"><span class='ocrx_word' id='word_1_154' title='bbox 376 1106 498 1145; x_wconf 83' lang='lat' dir='ltr'><strong>modo</strong></span> <span class='ocrx_word' id='word_1_155' title='bbox 514 1105 626 1142; x_wconf 89' lang='lat' dir='ltr'><strong>video</strong></span> <span class='ocrx_word' id='word_1_156' title='bbox 644 1103 734 1140; x_wconf 84' lang='lat' dir='ltr'><strong>illud</strong></span> <span class='ocrx_word' id='word_1_157' title='bbox 753 1099 965 1138; x_wconf 74' lang='lat' dir='ltr'><strong>intellexiste</strong></span> <span class='ocrx_word' id='word_1_158' title='bbox 978 1097 1191 1135; x_wconf 82' lang='lat' dir='ltr'><strong>Ascenfium</strong></span> <span class='ocrx_word' id='word_1_159' title='bbox 1213 1097 1251 1132; x_wconf 84' lang='lat'>&amp;</span> <span class='ocrx_word' id='word_1_160' title='bbox 1270 1095 1357 1131; x_wconf 86' lang='lat' dir='ltr'><strong>ideo</strong></span> <span class='ocrx_word' id='word_1_161' title='bbox 1410 1099 1469 1128; x_wconf 81' lang='lat' dir='ltr'><strong>tur</strong></span> 
     </span>
    </p>
   </div>
   <div class='ocr_carea' id='block_1_15' title="bbox 1413 1091 1888 1191">
    <p class='ocr_par' dir='ltr' id='par_1_15' title="bbox 1413 1091 1888 1191">
     <span class='ocr_line' id='line_1_27' title="bbox 1653 1091 1888 1136; baseline 0 -9"><span class='ocrx_word' id='word_1_162' title='bbox 1653 1091 1691 1128; x_wconf 87' lang='lat' dir='ltr'><strong>id</strong></span> <span class='ocrx_word' id='word_1_163' title='bbox 1712 1091 1759 1128; x_wconf 77' lang='lat' dir='ltr'><strong>est</strong></span> <span class='ocrx_word' id='word_1_164' title='bbox 1772 1092 1888 1136; x_wconf 85' lang='lat' dir='ltr'><strong>ferme.</strong></span> 
     </span>
     <span class='ocr_line' id='line_1_28' title="bbox 1413 1141 1770 1191; baseline 0 -14"><span class='ocrx_word' id='word_1_165' title='bbox 1413 1141 1488 1180; x_wconf 86' lang='lat' dir='ltr'><strong>fluo</strong></span> <span class='ocrx_word' id='word_1_166' title='bbox 1507 1142 1684 1191; x_wconf 86' lang='lat' dir='ltr'><strong>adjiciunt</strong></span> <span class='ocrx_word' id='word_1_167' title='bbox 1695 1141 1770 1190; x_wconf 70' lang='lat' dir='ltr'><strong>sed.</strong></span> 
     </span>
    </p>
   </div>
   <div class='ocr_carea' id='block_1_16' title="bbox 1496 1115 1628 1123">
    <p class='ocr_par' dir='ltr' id='par_1_16' title="bbox 1496 1115 1628 1123">
     <span class='ocr_line' id='line_1_29' title="bbox 1496 1115 1628 1123; baseline 0 0"><span class='ocrx_word' id='word_1_168' title='bbox 1496 1115 1628 1123; x_wconf 95' lang='lat' dir='ltr'><strong> </strong></span> 
     </span>
    </p>
   </div>
   <div class='ocr_carea' id='block_1_17' title="bbox 1826 1085 2392 1188">
    <p class='ocr_par' dir='ltr' id='par_1_17' title="bbox 1826 1085 2392 1188">
     <span class='ocr_line' id='line_1_30' title="bbox 1948 1085 2391 1136; baseline -0.007 -11"><span class='ocrx_word' id='word_1_169' title='bbox 1948 1088 2002 1125; x_wconf 79' lang='lat' dir='ltr'><strong>Ita</strong></span> <span class='ocrx_word' id='word_1_170' title='bbox 2022 1088 2100 1136; x_wconf 88' lang='lat' dir='ltr'><strong>post</strong></span> <span class='ocrx_word' id='word_1_171' title='bbox 2126 1087 2251 1124; x_wconf 88' lang='lat' dir='ltr'><strong>lucem</strong></span> <span class='ocrx_word' id='word_1_172' title='bbox 2268 1085 2391 1135; x_wconf 84' lang='lat' dir='ltr'><strong>super-</strong></span> 
     </span>
     <span class='ocr_line' id='line_1_31' title="bbox 1826 1139 2392 1188; baseline -0.009 -11"><span class='ocrx_word' id='word_1_173' title='bbox 1826 1141 1926 1188; x_wconf 80' lang='lat' dir='ltr'><strong>Ergo</strong></span> <span class='ocrx_word' id='word_1_174' title='bbox 1944 1139 2019 1176; x_wconf 85' lang='lat' dir='ltr'><strong>hoc</strong></span> <span class='ocrx_word' id='word_1_175' title='bbox 2039 1139 2125 1176; x_wconf 79' lang='lat' dir='ltr'><strong>dicit</strong></span> <span class='ocrx_word' id='word_1_176' title='bbox 2138 1140 2244 1184; x_wconf 84' lang='lat' dir='ltr'><strong>ferme</strong></span> <span class='ocrx_word' id='word_1_177' title='bbox 2260 1151 2301 1172; x_wconf 86' lang='lat' dir='ltr'><strong>ex</strong></span> <span class='ocrx_word' id='word_1_178' title='bbox 2323 1140 2392 1185; x_wconf 74' lang='lat' dir='ltr'><strong>ipsa</strong></span> 
     </span>
    </p>
   </div>
   <div class='ocr_carea' id='block_1_18' title="bbox 1405 1187 2394 1249">
    <p class='ocr_par' dir='ltr' id='par_1_18' title="bbox 1405 1187 2394 1249">
     <span class='ocr_line' id='line_1_32' title="bbox 1405 1187 2394 1249; baseline -0.004 -20"><span class='ocrx_word' id='word_1_179' title='bbox 1405 1196 1583 1242; x_wconf 76' lang='lat' dir='ltr'><strong>genitricis</strong></span> <span class='ocrx_word' id='word_1_180' title='bbox 1600 1207 1676 1249; x_wconf 66' lang='lat' dir='ltr'><strong>²·ng</strong></span> <span class='ocrx_word' id='word_1_181' title='bbox 1695 1195 1803 1228; x_wconf 68' lang='lat' dir='ltr'><strong>‘vitam</strong></span> <span class='ocrx_word' id='word_1_182' title='bbox 1814 1191 1972 1238; x_wconf 67' lang='lat' dir='ltr'><strong>afferatus</strong></span> <span class='ocrx_word' id='word_1_183' title='bbox 1984 1190 2090 1240; x_wconf 83' lang='lat' dir='ltr'><strong>,quia</strong></span> <span class='ocrx_word' id='word_1_184' title='bbox 2109 1200 2237 1238; x_wconf 79' lang='lat' dir='ltr'><strong>parum</strong></span> <span class='ocrx_word' id='word_1_185' title='bbox 2260 1187 2394 1225; x_wconf 48' lang='lat' dir='ltr'><strong>admo*</strong></span> 
     </span>
    </p>
   </div>
   <div class='ocr_carea' id='block_1_19' title="bbox 433 1241 2394 1308">
    <p class='ocr_par' dir='ltr' id='par_1_19' title="bbox 433 1241 2394 1308">
     <span class='ocr_line' id='line_1_33' title="bbox 433 1241 2394 1308; baseline -0.01 -14"><span class='ocrx_word' id='word_1_186' title='bbox 433 1271 492 1308; x_wconf 63' lang='lat'><strong>94.</strong></span> <span class='ocrx_word' id='word_1_187' title='bbox 530 1259 663 1293; x_wconf 84' lang='lat' dir='ltr'><strong>Matris</strong></span> <span class='ocrx_word' id='word_1_188' title='bbox 696 1253 813 1303; x_wconf 84' lang='lat' dir='ltr'><strong>utero]</strong></span> <span class='ocrx_word' id='word_1_189' title='bbox 854 1254 1001 1290; x_wconf 77' lang='lat' dir='ltr'><strong>Omnes</strong></span> <span class='ocrx_word' id='word_1_190' title='bbox 1029 1255 1212 1300; x_wconf 87' lang='lat' dir='ltr'><strong>quantum</strong></span> <span class='ocrx_word' id='word_1_191' title='bbox 1245 1245 1359 1283; x_wconf 87' lang='lat' dir='ltr'><strong>video</strong></span> <span class='ocrx_word' id='word_1_192' title='bbox 1414 1242 1504 1280; x_wconf 82' lang='lat' dir='ltr'><strong>dum</strong></span> <span class='ocrx_word' id='word_1_193' title='bbox 1525 1243 1662 1288; x_wconf 71' lang='lat' dir='ltr'><strong>absint,</strong></span> <span class='ocrx_word' id='word_1_194' title='bbox 1692 1244 1783 1293; x_wconf 85' lang='lat' dir='ltr'><strong>quin</strong></span> <span class='ocrx_word' id='word_1_195' title='bbox 1812 1253 1905 1290; x_wconf 82' lang='lat' dir='ltr'><strong>rogo</strong></span> <span class='ocrx_word' id='word_1_196' title='bbox 1926 1241 2160 1290; x_wconf 82' lang='lat' dir='ltr'><strong>injiceretur,</strong></span> <span class='ocrx_word' id='word_1_197' title='bbox 2191 1247 2394 1287; x_wconf 77' lang='lat' dir='ltr'><strong>antequam</strong></span> 
     </span>
    </p>
   </div>
   <div class='ocr_carea' id='block_1_20' title="bbox 380 1305 1366 1563">
    <p class='ocr_par' dir='ltr' id='par_1_20' title="bbox 384 1305 1363 1457">
     <span class='ocr_line' id='line_1_34' title="bbox 384 1305 1362 1357; baseline -0.015 -9"><span class='ocrx_word' id='word_1_198' title='bbox 384 1311 424 1348; x_wconf 82' lang='lat'>&amp;</span> <span class='ocrx_word' id='word_1_199' title='bbox 443 1308 561 1357; x_wconf 69' lang='lat' dir='ltr'><strong>scripti</strong></span> <span class='ocrx_word' id='word_1_200' title='bbox 581 1309 618 1345; x_wconf 86' lang='lat'>&amp;</span> <span class='ocrx_word' id='word_1_201' title='bbox 638 1305 731 1344; x_wconf 82' lang='lat' dir='ltr'><strong>Edd.</strong></span> <span class='ocrx_word' id='word_1_202' title='bbox 759 1306 878 1340; x_wconf 72' lang='lat' dir='ltr'><strong>masris</strong></span> <span class='ocrx_word' id='word_1_203' title='bbox 890 1307 975 1352; x_wconf 81' lang='lat' dir='ltr'><strong>suae</strong></span> <span class='ocrx_word' id='word_1_204' title='bbox 991 1312 1082 1337; x_wconf 70' lang='lat' dir='ltr'><strong>utero</strong></span> <span class='ocrx_word' id='word_1_205' title='bbox 1096 1327 1106 1343; x_wconf 79' lang='lat'>,</span> <span class='ocrx_word' id='word_1_206' title='bbox 1134 1310 1248 1348; x_wconf 73' lang='lat' dir='ltr'><strong>quare</strong></span> <span class='ocrx_word' id='word_1_207' title='bbox 1275 1309 1362 1346; x_wconf 77' lang='lat' dir='ltr'><strong>pro-</strong></span> 
     </span>
     <span class='ocr_line' id='line_1_35' title="bbox 385 1348 1363 1402; baseline -0.014 -4"><span class='ocrx_word' id='word_1_208' title='bbox 385 1372 528 1398; x_wconf 83' lang='lat' dir='ltr'><strong>nomen</strong></span> <span class='ocrx_word' id='word_1_209' title='bbox 555 1357 643 1396; x_wconf 86' lang='lat' dir='ltr'><strong>illud</strong></span> <span class='ocrx_word' id='word_1_210' title='bbox 669 1356 858 1394; x_wconf 80' lang='lat' dir='ltr'><strong>revocavi.</strong></span> <span class='ocrx_word' id='word_1_211' title='bbox 929 1353 1092 1402; x_wconf 87' lang='lat' dir='ltr'><strong>Sequens</strong></span> <span class='ocrx_word' id='word_1_212' title='bbox 1112 1354 1174 1399; x_wconf 76' lang='lat' dir='ltr'><strong>suo</strong></span> <span class='ocrx_word' id='word_1_213' title='bbox 1201 1349 1298 1387; x_wconf 89' lang='lat' dir='ltr'><strong>deest</strong></span> <span class='ocrx_word' id='word_1_214' title='bbox 1324 1348 1363 1385; x_wconf 88' lang='lat' dir='ltr'><strong>in</strong></span> 
     </span>
     <span class='ocr_line' id='line_1_36' title="bbox 385 1405 1106 1457; baseline -0.015 -8"><span class='ocrx_word' id='word_1_215' title='bbox 385 1412 509 1449; x_wconf 77' lang='lat' dir='ltr'><strong>tribus.</strong></span> <span class='ocrx_word' id='word_1_216' title='bbox 561 1410 680 1446; x_wconf 85' lang='lat' dir='ltr'><strong>Porro</strong></span> <span class='ocrx_word' id='word_1_217' title='bbox 699 1407 864 1457; x_wconf 85' lang='lat' dir='ltr'><strong>quinque</strong></span> <span class='ocrx_word' id='word_1_218' title='bbox 877 1409 968 1454; x_wconf 83' lang='lat' dir='ltr'><strong>stare</strong></span> <span class='ocrx_word' id='word_1_219' title='bbox 984 1405 1106 1455; x_wconf 78' lang='lat' dir='ltr'><strong>co&#39;e&#39;git.</strong></span> 
     </span>
    </p>

    <p class='ocr_par' dir='ltr' id='par_1_21' title="bbox 380 1451 1366 1563">
     <span class='ocr_line' id='line_1_37' title="bbox 436 1451 1363 1511; baseline -0.014 -14"><span class='ocrx_word' id='word_1_220' title='bbox 436 1476 497 1511; x_wconf 76' lang='lat'><strong>95.</strong></span> <span class='ocrx_word' id='word_1_221' title='bbox 526 1465 611 1496; x_wconf 65' lang='lat' dir='ltr'><strong>Nm.</strong></span> <span class='ocrx_word' id='word_1_222' title='bbox 635 1469 766 1494; x_wconf 81' lang='lat' dir='ltr'><strong>tantum</strong></span> <span class='ocrx_word' id='word_1_223' title='bbox 795 1472 837 1493; x_wconf 86' lang='lat' dir='ltr'><strong>ex</strong></span> <span class='ocrx_word' id='word_1_224' title='bbox 864 1459 933 1505; x_wconf 79' lang='lat' dir='ltr'><strong>ipso</strong></span> <span class='ocrx_word' id='word_1_225' title='bbox 948 1454 1122 1506; x_wconf 74' lang='lat' dir='ltr'><strong>genitricis</strong></span> <span class='ocrx_word' id='word_1_226' title='bbox 1145 1466 1221 1501; x_wconf 73' lang='lat' dir='ltr'><strong>rogo</strong></span> <span class='ocrx_word' id='word_1_227' title='bbox 1240 1451 1363 1492; x_wconf 75' lang='lat' dir='ltr'><strong>lucem,</strong></span> 
     </span>
     <span class='ocr_line' id='line_1_38' title="bbox 380 1502 1366 1563; baseline -0.013 -14"><span class='ocrx_word' id='word_1_228' title='bbox 380 1513 442 1563; x_wconf 64' lang='lat' dir='ltr'><strong>fed</strong></span> <span class='ocrx_word' id='word_1_229' title='bbox 461 1514 562 1549; x_wconf 79' lang='lat' dir='ltr'><strong>etiam</strong></span> <span class='ocrx_word' id='word_1_230' title='bbox 584 1524 683 1546; x_wconf 80' lang='lat' dir='ltr'><strong>cunas</strong></span> <span class='ocrx_word' id='word_1_231' title='bbox 702 1506 876 1556; x_wconf 61' lang='lat' dir='ltr'><strong>affectatus]</strong></span> <span class='ocrx_word' id='word_1_232' title='bbox 901 1509 944 1544; x_wconf 89' lang='lat' dir='ltr'><strong>In</strong></span> <span class='ocrx_word' id='word_1_233' title='bbox 964 1505 1114 1543; x_wconf 82' lang='lat' dir='ltr'><strong>Susiano</strong></span> <span class='ocrx_word' id='word_1_234' title='bbox 1133 1503 1231 1540; x_wconf 77' lang='grc'><strong>16616</strong></span> <span class='ocrx_word' id='word_1_235' title='bbox 1253 1502 1366 1538; x_wconf 85' lang='lat' dir='ltr'><strong>omit-</strong></span> 
     </span>
    </p>
   </div>
   <div class='ocr_carea' id='block_1_21' title="bbox 1415 1289 2400 1389">
    <p class='ocr_par' dir='ltr' id='par_1_22' title="bbox 1415 1289 2400 1389">
     <span class='ocr_line' id='line_1_39' title="bbox 1415 1289 2395 1350; baseline -0.005 -19"><span class='ocrx_word' id='word_1_236' title='bbox 1415 1305 1507 1350; x_wconf 85' lang='lat' dir='ltr'><strong>puer</strong></span> <span class='ocrx_word' id='word_1_237' title='bbox 1526 1295 1693 1342; x_wconf 85' lang='lat' dir='ltr'><strong>vagitum</strong></span> <span class='ocrx_word' id='word_1_238' title='bbox 1714 1293 1860 1337; x_wconf 80' lang='lat' dir='ltr'><strong>ederet,</strong></span> <span class='ocrx_word' id='word_1_239' title='bbox 1888 1293 1927 1330; x_wconf 70' lang='grc'><strong>86</strong></span> <span class='ocrx_word' id='word_1_240' title='bbox 1945 1292 2043 1329; x_wconf 63' lang='lat' dir='ltr'><strong>reue</strong></span> <span class='ocrx_word' id='word_1_241' title='bbox 2072 1290 2237 1341; x_wconf 89' lang='lat' dir='ltr'><strong>quidem.</strong></span> <span class='ocrx_word' id='word_1_242' title='bbox 2290 1289 2395 1337; x_wconf 83' lang='lat' dir='ltr'><strong>Quid</strong></span> 
     </span>
     <span class='ocr_line' id='line_1_40' title="bbox 1416 1339 2400 1389; baseline -0.006 -7"><span class='ocrx_word' id='word_1_243' title='bbox 1416 1357 1516 1382; x_wconf 83' lang='lat' dir='ltr'><strong>enim</strong></span> <span class='ocrx_word' id='word_1_244' title='bbox 1546 1346 1594 1382; x_wconf 85' lang='lat' dir='ltr'><strong>est</strong></span> <span class='ocrx_word' id='word_1_245' title='bbox 1612 1347 1717 1389; x_wconf 83' lang='lat' dir='ltr'><strong>ferme</strong></span> <span class='ocrx_word' id='word_1_246' title='bbox 1744 1342 1857 1380; x_wconf 78' lang='lat' dir='ltr'><strong>cecidit</strong></span> <span class='ocrx_word' id='word_1_247' title='bbox 1880 1369 1892 1386; x_wconf 88' lang='lat'>‚</span> <span class='ocrx_word' id='word_1_248' title='bbox 1920 1342 1985 1380; x_wconf 89' lang='lat' dir='ltr'><strong>nifi</strong></span> <span class='ocrx_word' id='word_1_249' title='bbox 2007 1354 2139 1378; x_wconf 81' lang='lat' dir='ltr'><strong>tantum</strong></span> <span class='ocrx_word' id='word_1_250' title='bbox 2167 1356 2231 1376; x_wconf 83' lang='lat' dir='ltr'><strong>non</strong></span> <span class='ocrx_word' id='word_1_251' title='bbox 2257 1339 2400 1383; x_wconf 54' lang='lat' dir='ltr'><strong>reddit,</strong></span> 
     </span>
    </p>
   </div>
   <div class='ocr_carea' id='block_1_22' title="bbox 1411 1390 2395 1446">
    <p class='ocr_par' dir='ltr' id='par_1_23' title="bbox 1411 1390 2395 1446">
     <span class='ocr_line' id='line_1_41' title="bbox 1411 1390 2395 1446; baseline -0.003 -15"><span class='ocrx_word' id='word_1_252' title='bbox 1411 1407 1531 1446; x_wconf 81' lang='lat' dir='ltr'><strong>parum</strong></span> <span class='ocrx_word' id='word_1_253' title='bbox 1550 1395 1661 1442; x_wconf 78' lang='lat' dir='ltr'><strong>abfuit</strong></span> <span class='ocrx_word' id='word_1_254' title='bbox 1681 1397 1762 1445; x_wconf 75' lang='lat' dir='ltr'><strong>quin</strong></span> <span class='ocrx_word' id='word_1_255' title='bbox 1779 1393 1916 1430; x_wconf 80' lang='lat' dir='ltr'><strong>caderet.</strong></span> <span class='ocrx_word' id='word_1_256' title='bbox 1932 1393 2029 1431; x_wconf 83' lang='lat' dir='ltr'><strong>&amp;est</strong></span> <span class='ocrx_word' id='word_1_257' title='bbox 2048 1391 2232 1442; x_wconf 73' lang='lat' dir='ltr'><strong>peculiare</strong></span> <span class='ocrx_word' id='word_1_258' title='bbox 2254 1390 2395 1428; x_wconf 63' lang='lat' dir='ltr'><strong>dicium</strong></span> 
     </span>
    </p>
   </div>
   <div class='ocr_carea' id='block_1_23' title="bbox 1418 1440 2399 1548">
    <p class='ocr_par' dir='ltr' id='par_1_24' title="bbox 1418 1440 2399 1548">
     <span class='ocr_line' id='line_1_42' title="bbox 1418 1440 2398 1496; baseline -0.007 -12"><span class='ocrx_word' id='word_1_259' title='bbox 1418 1447 1582 1490; x_wconf 83' lang='lat' dir='ltr'><strong>Valerii,</strong></span> <span class='ocrx_word' id='word_1_260' title='bbox 1610 1458 1690 1496; x_wconf 87' lang='lat' dir='ltr'><strong>quo</strong></span> <span class='ocrx_word' id='word_1_261' title='bbox 1709 1446 1923 1495; x_wconf 85' lang='lat' dir='ltr'><strong>frequenter</strong></span> <span class='ocrx_word' id='word_1_262' title='bbox 1938 1445 2063 1481; x_wconf 80' lang='lat' dir='ltr'><strong>utitur.</strong></span> <span class='ocrx_word' id='word_1_263' title='bbox 2105 1445 2213 1481; x_wconf 88' lang='lat' dir='ltr'><strong>Haec</strong></span> <span class='ocrx_word' id='word_1_264' title='bbox 2232 1440 2304 1478; x_wconf 88' lang='lat' dir='ltr'><strong>ille.</strong></span> <span class='ocrx_word' id='word_1_265' title='bbox 2339 1441 2398 1478; x_wconf 75' lang='lat' dir='ltr'><strong>Ex</strong></span> 
     </span>
     <span class='ocr_line' id='line_1_43' title="bbox 1418 1491 2399 1548; baseline -0.006 -12"><span class='ocrx_word' id='word_1_266' title='bbox 1418 1498 1547 1548; x_wconf 89' lang='lat' dir='ltr'><strong>quibus</strong></span> <span class='ocrx_word' id='word_1_267' title='bbox 1575 1497 1723 1545; x_wconf 85' lang='lat' dir='ltr'><strong>colligas</strong></span> <span class='ocrx_word' id='word_1_268' title='bbox 1742 1496 1858 1545; x_wconf 88' lang='lat' dir='ltr'><strong>ipsum</strong></span> <span class='ocrx_word' id='word_1_269' title='bbox 1887 1510 1952 1531; x_wconf 82' lang='lat' dir='ltr'><strong>non</strong></span> <span class='ocrx_word' id='word_1_270' title='bbox 1971 1505 2103 1530; x_wconf 75' lang='lat' dir='ltr'><strong>tantum</strong></span> <span class='ocrx_word' id='word_1_271' title='bbox 2132 1492 2270 1530; x_wconf 89' lang='lat' dir='ltr'><strong>eodem</strong></span> <span class='ocrx_word' id='word_1_272' title='bbox 2295 1491 2399 1530; x_wconf 87' lang='lat' dir='ltr'><strong>sensu</strong></span> 
     </span>
    </p>
   </div>
   <div class='ocr_carea' id='block_1_24' title="bbox 389 1543 2399 1608">
    <p class='ocr_par' dir='ltr' id='par_1_25' title="bbox 389 1543 2399 1608">
     <span class='ocr_line' id='line_1_44' title="bbox 389 1543 2399 1608; baseline -0.011 -6"><span class='ocrx_word' id='word_1_273' title='bbox 389 1566 500 1608; x_wconf 82' lang='lat' dir='ltr'><strong>titur,</strong></span> <span class='ocrx_word' id='word_1_274' title='bbox 527 1567 611 1598; x_wconf 84' lang='lat' dir='ltr'><strong>Non</strong></span> <span class='ocrx_word' id='word_1_275' title='bbox 630 1572 771 1597; x_wconf 78' lang='lat' dir='ltr'><strong>tantum.</strong></span> <span class='ocrx_word' id='word_1_276' title='bbox 797 1557 993 1596; x_wconf 85' lang='lat' dir='ltr'><strong>conturbat</strong></span> <span class='ocrx_word' id='word_1_277' title='bbox 1013 1556 1114 1593; x_wconf 89' lang='lat' dir='ltr'><strong>enim</strong></span> <span class='ocrx_word' id='word_1_278' title='bbox 1135 1552 1366 1590; x_wconf 86' lang='lat' dir='ltr'><strong>sententiam.</strong></span> <span class='ocrx_word' id='word_1_279' title='bbox 1416 1545 1620 1597; x_wconf 75' lang='lat' dir='ltr'><strong>accepisse,</strong></span> <span class='ocrx_word' id='word_1_280' title='bbox 1648 1560 1725 1598; x_wconf 91' lang='lat' dir='ltr'><strong>quo</strong></span> <span class='ocrx_word' id='word_1_281' title='bbox 1754 1547 1872 1595; x_wconf 83' lang='lat' dir='ltr'><strong>accipi</strong></span> <span class='ocrx_word' id='word_1_282' title='bbox 1896 1545 1987 1582; x_wconf 86' lang='grc'><strong>10161</strong></span> <span class='ocrx_word' id='word_1_283' title='bbox 2014 1555 2146 1580; x_wconf 76' lang='lat' dir='ltr'><strong>tantum</strong></span> <span class='ocrx_word' id='word_1_284' title='bbox 2171 1559 2248 1580; x_wconf 81' lang='lat' dir='ltr'><strong>non.</strong></span> <span class='ocrx_word' id='word_1_285' title='bbox 2297 1543 2399 1580; x_wconf 87' lang='lat' dir='ltr'><strong>Vide</strong></span> 
     </span>
    </p>
   </div>
   <div class='ocr_carea' id='block_1_25' title="bbox 378 1602 1404 3092">
    <p class='ocr_par' dir='ltr' id='par_1_26' title="bbox 378 1602 1404 3092">
     <span class='ocr_line' id='line_1_45' title="bbox 389 1602 1369 1663; baseline -0.013 -10"><span class='ocrx_word' id='word_1_286' title='bbox 389 1615 440 1654; x_wconf 80' lang='lat' dir='ltr'><strong>Et</strong></span> <span class='ocrx_word' id='word_1_287' title='bbox 466 1613 649 1663; x_wconf 87' lang='lat' dir='ltr'><strong>reliquum</strong></span> <span class='ocrx_word' id='word_1_288' title='bbox 674 1610 797 1660; x_wconf 85' lang='lat' dir='ltr'><strong>purius</strong></span> <span class='ocrx_word' id='word_1_289' title='bbox 824 1610 914 1646; x_wconf 86' lang='lat' dir='ltr'><strong>item</strong></span> <span class='ocrx_word' id='word_1_290' title='bbox 943 1615 1040 1645; x_wconf 83' lang='lat' dir='ltr'><strong>extat</strong></span> <span class='ocrx_word' id='word_1_291' title='bbox 1058 1607 1095 1643; x_wconf 90' lang='lat' dir='ltr'><strong>in</strong></span> <span class='ocrx_word' id='word_1_292' title='bbox 1117 1602 1369 1651; x_wconf 77' lang='lat' dir='ltr'><strong>manuscriptis</strong></span> 
     </span>
     <span class='ocr_line' id='line_1_46' title="bbox 392 1655 1368 1710; baseline -0.016 -6"><span class='ocrx_word' id='word_1_293' title='bbox 392 1665 568 1704; x_wconf 74' lang='lat' dir='ltr'><strong>omnibus</strong></span> <span class='ocrx_word' id='word_1_294' title='bbox 586 1665 660 1700; x_wconf 82' lang='lat' dir='ltr'><strong>hoc</strong></span> <span class='ocrx_word' id='word_1_295' title='bbox 678 1661 819 1699; x_wconf 79' lang='lat' dir='ltr'><strong>modo:</strong></span> <span class='ocrx_word' id='word_1_296' title='bbox 835 1664 883 1696; x_wconf 82' lang='lat' dir='ltr'><strong>Ex</strong></span> <span class='ocrx_word' id='word_1_297' title='bbox 903 1662 971 1710; x_wconf 71' lang='lat' dir='ltr'><strong>ipsc)</strong></span> <span class='ocrx_word' id='word_1_298' title='bbox 984 1659 1159 1708; x_wconf 77' lang='lat' dir='ltr'><strong>genitricis</strong></span> <span class='ocrx_word' id='word_1_299' title='bbox 1171 1669 1248 1705; x_wconf 81' lang='lat' dir='ltr'><strong>rogo</strong></span> <span class='ocrx_word' id='word_1_300' title='bbox 1267 1655 1368 1689; x_wconf 84' lang='lat' dir='ltr'><strong>lucem</strong></span> 
     </span>
     <span class='ocr_line' id='line_1_47' title="bbox 395 1705 1369 1762; baseline -0.012 -10"><span class='ocrx_word' id='word_1_301' title='bbox 395 1727 442 1753; x_wconf 69' lang='lat'><strong>(9⁴</strong></span> <span class='ocrx_word' id='word_1_302' title='bbox 463 1731 562 1752; x_wconf 71' lang='lat' dir='ltr'><strong>mnas</strong></span> <span class='ocrx_word' id='word_1_303' title='bbox 580 1715 750 1762; x_wconf 72' lang='lat' dir='ltr'><strong>assecutus.</strong></span> <span class='ocrx_word' id='word_1_304' title='bbox 806 1714 915 1760; x_wconf 81' lang='lat' dir='ltr'><strong>Quae</strong></span> <span class='ocrx_word' id='word_1_305' title='bbox 944 1710 1056 1747; x_wconf 64' lang='grc'><strong>166110</strong></span> <span class='ocrx_word' id='word_1_306' title='bbox 1084 1705 1271 1756; x_wconf 77' lang='lat' dir='ltr'><strong>reprobari</strong></span> <span class='ocrx_word' id='word_1_307' title='bbox 1292 1716 1369 1742; x_wconf 89' lang='lat' dir='ltr'><strong>non</strong></span> 
     </span>
     <span class='ocr_line' id='line_1_48' title="bbox 397 1757 1371 1813; baseline -0.014 -7"><span class='ocrx_word' id='word_1_308' title='bbox 397 1768 518 1806; x_wconf 86' lang='lat' dir='ltr'><strong>debet.</strong></span> <span class='ocrx_word' id='word_1_309' title='bbox 544 1766 684 1803; x_wconf 85' lang='lat' dir='ltr'><strong>PlGH.</strong></span> <span class='ocrx_word' id='word_1_310' title='bbox 735 1767 788 1799; x_wconf 81' lang='lat' dir='ltr'><strong>Ex</strong></span> <span class='ocrx_word' id='word_1_311' title='bbox 807 1764 875 1812; x_wconf 78' lang='lat' dir='ltr'><strong>ipso</strong></span> <span class='ocrx_word' id='word_1_312' title='bbox 890 1762 1076 1813; x_wconf 76' lang='lat' dir='ltr'><strong>genitricis.</strong></span> <span class='ocrx_word' id='word_1_313' title='bbox 1103 1757 1189 1795; x_wconf 85' lang='lat' dir='ltr'><strong>Lib.</strong></span> <span class='ocrx_word' id='word_1_314' title='bbox 1206 1757 1304 1794; x_wconf 84' lang='lat' dir='ltr'><strong>Dan.</strong></span> <span class='ocrx_word' id='word_1_315' title='bbox 1333 1767 1371 1792; x_wconf 91' lang='lat' dir='ltr'><strong>e-</strong></span> 
     </span>
     <span class='ocr_line' id='line_1_49' title="bbox 398 1811 1371 1868; baseline -0.016 -11"><span class='ocrx_word' id='word_1_316' title='bbox 398 1819 542 1868; x_wconf 72' lang='lat' dir='ltr'><strong>gregie:</strong></span> <span class='ocrx_word' id='word_1_317' title='bbox 572 1819 715 1852; x_wconf 79' lang='lat' dir='ltr'><strong>Tantum</strong></span> <span class='ocrx_word' id='word_1_318' title='bbox 734 1828 800 1850; x_wconf 87' lang='lat' dir='ltr'><strong>non</strong></span> <span class='ocrx_word' id='word_1_319' title='bbox 817 1828 858 1848; x_wconf 87' lang='lat' dir='ltr'><strong>ex</strong></span> <span class='ocrx_word' id='word_1_320' title='bbox 876 1815 942 1862; x_wconf 77' lang='lat' dir='ltr'><strong>ipso</strong></span> <span class='ocrx_word' id='word_1_321' title='bbox 955 1811 1131 1860; x_wconf 70' lang='lat' dir='ltr'><strong>genitricis</strong></span> <span class='ocrx_word' id='word_1_322' title='bbox 1149 1821 1242 1857; x_wconf 76' lang='lat' dir='ltr'><strong>rogo.</strong></span> <span class='ocrx_word' id='word_1_323' title='bbox 1275 1818 1371 1856; x_wconf 83' lang='lat' dir='ltr'><strong>quo-</strong></span> 
     </span>
     <span class='ocr_line' id='line_1_50' title="bbox 395 1857 1371 1914; baseline -0.016 -5"><span class='ocrx_word' id='word_1_324' title='bbox 395 1870 516 1909; x_wconf 78' lang='lat' dir='ltr'><strong>modo</strong></span> <span class='ocrx_word' id='word_1_325' title='bbox 537 1868 756 1905; x_wconf 79' lang='lat' dir='ltr'><strong>creberrime</strong></span> <span class='ocrx_word' id='word_1_326' title='bbox 782 1864 947 1914; x_wconf 81' lang='lat' dir='ltr'><strong>loquitur</strong></span> <span class='ocrx_word' id='word_1_327' title='bbox 968 1861 1148 1899; x_wconf 85' lang='lat' dir='ltr'><strong>Valerius.</strong></span> <span class='ocrx_word' id='word_1_328' title='bbox 1177 1857 1371 1896; x_wconf 84' lang='lat' dir='ltr'><strong>COLER.</strong></span> 
     </span>
     <span class='ocr_line' id='line_1_51' title="bbox 394 1913 1371 1966; baseline -0.013 -9"><span class='ocrx_word' id='word_1_329' title='bbox 394 1924 541 1958; x_wconf 77' lang='lat' dir='ltr'><strong>Tantum</strong></span> <span class='ocrx_word' id='word_1_330' title='bbox 562 1934 625 1954; x_wconf 80' lang='lat' dir='ltr'><strong>non</strong></span> <span class='ocrx_word' id='word_1_331' title='bbox 645 1917 688 1954; x_wconf 71' lang='grc' dir='ltr'><strong>ἐκ</strong></span> <span class='ocrx_word' id='word_1_332' title='bbox 705 1918 773 1964; x_wconf 69' lang='lat' dir='ltr'><strong>ipso</strong></span> <span class='ocrx_word' id='word_1_333' title='bbox 785 1917 960 1966; x_wconf 82' lang='lat' dir='ltr'><strong>genitricis</strong></span> <span class='ocrx_word' id='word_1_334' title='bbox 977 1927 1054 1963; x_wconf 66' lang='lat' dir='ltr'><strong>rogo</strong></span> <span class='ocrx_word' id='word_1_335' title='bbox 1071 1913 1172 1947; x_wconf 74' lang='lat' dir='ltr'><strong>lucem</strong></span> <span class='ocrx_word' id='word_1_336' title='bbox 1193 1917 1238 1946; x_wconf 67' lang='lat'><strong>(9³</strong></span> <span class='ocrx_word' id='word_1_337' title='bbox 1260 1923 1371 1945; x_wconf 69' lang='lat' dir='ltr'><strong>cimas.</strong></span> 
     </span>
     <span class='ocr_line' id='line_1_52' title="bbox 400 1959 1376 2011; baseline -0.015 -1"><span class='ocrx_word' id='word_1_338' title='bbox 400 1974 455 2011; x_wconf 73' lang='lat' dir='ltr'><strong>&#39;lta</strong></span> <span class='ocrx_word' id='word_1_339' title='bbox 484 1971 581 2009; x_wconf 71' lang='grc'><strong>16616</strong></span> <span class='ocrx_word' id='word_1_340' title='bbox 609 1981 654 2006; x_wconf 79' lang='lat' dir='ltr'><strong>ex</strong></span> <span class='ocrx_word' id='word_1_341' title='bbox 679 1969 772 2005; x_wconf 80' lang='lat' dir='ltr'><strong>libro</strong></span> <span class='ocrx_word' id='word_1_342' title='bbox 799 1967 839 2004; x_wconf 87' lang='lat' dir='ltr'><strong>P.</strong></span> <span class='ocrx_word' id='word_1_343' title='bbox 869 1964 1035 2004; x_wconf 77' lang='lat' dir='ltr'><strong>Danielis</strong></span> <span class='ocrx_word' id='word_1_344' title='bbox 1063 1961 1229 2000; x_wconf 81' lang='lat' dir='ltr'><strong>Colerus.</strong></span> <span class='ocrx_word' id='word_1_345' title='bbox 1283 1959 1376 1996; x_wconf 86' lang='lat' dir='ltr'><strong>Vult</strong></span> 
     </span>
     <span class='ocr_line' id='line_1_53' title="bbox 378 2009 1375 2066; baseline -0.014 -5"><span class='ocrx_word' id='word_1_346' title='bbox 378 2024 503 2062; x_wconf 76' lang='grc'><strong>,6111111</strong></span> <span class='ocrx_word' id='word_1_347' title='bbox 532 2022 676 2063; x_wconf 81' lang='lat' dir='ltr'><strong>dicere,</strong></span> <span class='ocrx_word' id='word_1_348' title='bbox 704 2031 748 2056; x_wconf 84' lang='lat' dir='ltr'><strong>ex</strong></span> <span class='ocrx_word' id='word_1_349' title='bbox 777 2017 853 2066; x_wconf 81' lang='lat' dir='ltr'><strong>ipso</strong></span> <span class='ocrx_word' id='word_1_350' title='bbox 883 2018 960 2053; x_wconf 82' lang='lat' dir='ltr'><strong>fere</strong></span> <span class='ocrx_word' id='word_1_351' title='bbox 985 2026 1079 2063; x_wconf 81' lang='lat' dir='ltr'><strong>rogo</strong></span> <span class='ocrx_word' id='word_1_352' title='bbox 1110 2013 1236 2050; x_wconf 84' lang='lat' dir='ltr'><strong>matris</strong></span> <span class='ocrx_word' id='word_1_353' title='bbox 1251 2009 1375 2048; x_wconf 90' lang='lat' dir='ltr'><strong>lucem</strong></span> 
     </span>
     <span class='ocr_line' id='line_1_54' title="bbox 401 2063 1377 2119; baseline -0.015 -7"><span class='ocrx_word' id='word_1_354' title='bbox 401 2076 442 2112; x_wconf 68' lang='grc' dir='ltr'>ἃ</span> <span class='ocrx_word' id='word_1_355' title='bbox 461 2084 572 2111; x_wconf 83' lang='lat' dir='ltr'><strong>cunas</strong></span> <span class='ocrx_word' id='word_1_356' title='bbox 591 2071 767 2119; x_wconf 81' lang='lat' dir='ltr'><strong>adeptum</strong></span> <span class='ocrx_word' id='word_1_357' title='bbox 793 2066 863 2105; x_wconf 84' lang='lat' dir='ltr'><strong>effe</strong></span> <span class='ocrx_word' id='word_1_358' title='bbox 885 2068 1088 2115; x_wconf 85' lang='lat' dir='ltr'><strong>Gorgiam:</strong></span> <span class='ocrx_word' id='word_1_359' title='bbox 1117 2063 1220 2114; x_wconf 87' lang='lat' dir='ltr'><strong>quod</strong></span> <span class='ocrx_word' id='word_1_360' title='bbox 1246 2072 1377 2110; x_wconf 87' lang='lat' dir='ltr'><strong>parum</strong></span> 
     </span>
     <span class='ocr_line' id='line_1_55' title="bbox 405 2112 1381 2171; baseline -0.015 -8"><span class='ocrx_word' id='word_1_361' title='bbox 405 2125 544 2168; x_wconf 81' lang='lat' dir='ltr'><strong>abfuit,</strong></span> <span class='ocrx_word' id='word_1_362' title='bbox 573 2123 663 2171; x_wconf 83' lang='lat' dir='ltr'><strong>quin</strong></span> <span class='ocrx_word' id='word_1_363' title='bbox 683 2122 719 2158; x_wconf 82' lang='lat'>&amp;</span> <span class='ocrx_word' id='word_1_364' title='bbox 747 2119 819 2168; x_wconf 75' lang='lat' dir='ltr'><strong>ipse</strong></span> <span class='ocrx_word' id='word_1_365' title='bbox 838 2131 911 2157; x_wconf 85' lang='lat' dir='ltr'><strong>una</strong></span> <span class='ocrx_word' id='word_1_366' title='bbox 932 2130 1017 2155; x_wconf 85' lang='lat' dir='ltr'><strong>curn</strong></span> <span class='ocrx_word' id='word_1_367' title='bbox 1041 2123 1158 2153; x_wconf 81' lang='lat' dir='ltr'><strong>matre</strong></span> <span class='ocrx_word' id='word_1_368' title='bbox 1188 2125 1282 2162; x_wconf 79' lang='lat' dir='ltr'><strong>rogo</strong></span> <span class='ocrx_word' id='word_1_369' title='bbox 1308 2112 1381 2149; x_wconf 86' lang='lat' dir='ltr'><strong>im-</strong></span> 
     </span>
     <span class='ocr_line' id='line_1_56' title="bbox 405 2163 1382 2226; baseline -0.014 -13"><span class='ocrx_word' id='word_1_370' title='bbox 405 2183 632 2226; x_wconf 67' lang='lat' dir='ltr'><strong>poneretur,</strong></span> <span class='ocrx_word' id='word_1_371' title='bbox 659 2180 770 2221; x_wconf 84' lang='lat' dir='ltr'><strong>atque</strong></span> <span class='ocrx_word' id='word_1_372' title='bbox 796 2172 845 2208; x_wconf 86' lang='lat' dir='ltr'><strong>ita</strong></span> <span class='ocrx_word' id='word_1_373' title='bbox 866 2170 1010 2218; x_wconf 87' lang='lat' dir='ltr'><strong>periret.</strong></span> <span class='ocrx_word' id='word_1_374' title='bbox 1062 2166 1199 2204; x_wconf 80' lang='lat' dir='ltr'><strong>Aldina</strong></span> <span class='ocrx_word' id='word_1_375' title='bbox 1226 2166 1264 2202; x_wconf 87' lang='lat'>&amp;</span> <span class='ocrx_word' id='word_1_376' title='bbox 1290 2163 1382 2200; x_wconf 85' lang='lat' dir='ltr'><strong>aliae</strong></span> 
     </span>
     <span class='ocr_line' id='line_1_57' title="bbox 409 2216 1382 2264; baseline -0.016 0"><span class='ocrx_word' id='word_1_377' title='bbox 409 2227 591 2264; x_wconf 81' lang='lat' dir='ltr'><strong>editiones</strong></span> <span class='ocrx_word' id='word_1_378' title='bbox 611 2221 975 2261; x_wconf 83' lang='lat' dir='ltr'><strong>vetereshabentnon</strong></span> <span class='ocrx_word' id='word_1_379' title='bbox 993 2229 1124 2255; x_wconf 72' lang='lat' dir='ltr'><strong>tantum</strong></span> <span class='ocrx_word' id='word_1_380' title='bbox 1144 2231 1185 2252; x_wconf 78' lang='lat' dir='ltr'><strong>ex</strong></span> <span class='ocrx_word' id='word_1_381' title='bbox 1205 2217 1274 2263; x_wconf 81' lang='lat' dir='ltr'><strong>ipso</strong></span> <span class='ocrx_word' id='word_1_382' title='bbox 1286 2216 1382 2264; x_wconf 78' lang='lat' dir='ltr'><strong>geni.</strong></span> 
     </span>
     <span class='ocr_line' id='line_1_58' title="bbox 409 2265 1383 2324; baseline -0.015 -9"><span class='ocrx_word' id='word_1_383' title='bbox 409 2279 505 2315; x_wconf 73' lang='lat' dir='ltr'><strong>tricis</strong></span> <span class='ocrx_word' id='word_1_384' title='bbox 531 2289 620 2324; x_wconf 61' lang='lat' dir='ltr'><strong>rogo.</strong></span> <span class='ocrx_word' id='word_1_385' title='bbox 672 2276 781 2322; x_wconf 86' lang='lat' dir='ltr'><strong>Quae</strong></span> <span class='ocrx_word' id='word_1_386' title='bbox 801 2272 894 2322; x_wconf 78' lang='lat' dir='ltr'><strong>quia</strong></span> <span class='ocrx_word' id='word_1_387' title='bbox 913 2272 1035 2308; x_wconf 83' lang='lat' dir='ltr'><strong>minus</strong></span> <span class='ocrx_word' id='word_1_388' title='bbox 1057 2265 1262 2306; x_wconf 84' lang='lat' dir='ltr'><strong>commoda</strong></span> <span class='ocrx_word' id='word_1_389' title='bbox 1280 2266 1383 2308; x_wconf 86' lang='lat' dir='ltr'><strong>sunt,</strong></span> 
     </span>
     <span class='ocr_line' id='line_1_59' title="bbox 412 2316 1384 2370; baseline -0.016 -3"><span class='ocrx_word' id='word_1_390' title='bbox 412 2331 453 2366; x_wconf 69' lang='grc' dir='ltr'><strong>δε</strong></span> <span class='ocrx_word' id='word_1_391' title='bbox 471 2329 491 2366; x_wconf 74' lang='lat' dir='ltr'><strong>a</strong></span> <span class='ocrx_word' id='word_1_392' title='bbox 512 2327 595 2365; x_wconf 87' lang='lat' dir='ltr'><strong>cod.</strong></span> <span class='ocrx_word' id='word_1_393' title='bbox 618 2324 705 2363; x_wconf 85' lang='lat' dir='ltr'><strong>Sufii</strong></span> <span class='ocrx_word' id='word_1_394' title='bbox 725 2339 790 2360; x_wconf 82' lang='lat' dir='ltr'><strong>non</strong></span> <span class='ocrx_word' id='word_1_395' title='bbox 807 2334 939 2359; x_wconf 82' lang='lat' dir='ltr'><strong>tantum</strong></span> <span class='ocrx_word' id='word_1_396' title='bbox 957 2321 1065 2370; x_wconf 79' lang='lat' dir='ltr'><strong>plane</strong></span> <span class='ocrx_word' id='word_1_397' title='bbox 1092 2318 1208 2355; x_wconf 86' lang='lat' dir='ltr'><strong>abest:</strong></span> <span class='ocrx_word' id='word_1_398' title='bbox 1235 2316 1384 2363; x_wconf 82' lang='lat' dir='ltr'><strong>Pighius</strong></span> 
     </span>
     <span class='ocr_line' id='line_1_60' title="bbox 411 2368 1384 2426; baseline -0.015 -9"><span class='ocrx_word' id='word_1_399' title='bbox 411 2379 514 2417; x_wconf 81' lang='lat' dir='ltr'><strong>idem</strong></span> <span class='ocrx_word' id='word_1_400' title='bbox 540 2376 681 2426; x_wconf 86' lang='lat' dir='ltr'><strong>prorsus</strong></span> <span class='ocrx_word' id='word_1_401' title='bbox 708 2373 995 2424; x_wconf 79' lang='lat' dir='ltr'><strong>expungendum</strong></span> <span class='ocrx_word' id='word_1_402' title='bbox 1024 2370 1178 2420; x_wconf 83' lang='lat' dir='ltr'><strong>putavit.</strong></span> <span class='ocrx_word' id='word_1_403' title='bbox 1238 2368 1384 2404; x_wconf 88' lang='lat' dir='ltr'><strong>Verum</strong></span> 
     </span>
     <span class='ocr_line' id='line_1_61' title="bbox 413 2416 1386 2469; baseline -0.015 -1"><span class='ocrx_word' id='word_1_404' title='bbox 413 2430 547 2467; x_wconf 58' lang='lat' dir='ltr'><strong>rectius</strong></span> <span class='ocrx_word' id='word_1_405' title='bbox 582 2424 743 2469; x_wconf 75' lang='grc'><strong>16611161,</strong></span> <span class='ocrx_word' id='word_1_406' title='bbox 778 2425 805 2461; x_wconf 85' lang='lat' dir='ltr'><strong>fi</strong></span> <span class='ocrx_word' id='word_1_407' title='bbox 840 2424 994 2461; x_wconf 88' lang='lat' dir='ltr'><strong>vocibus</strong></span> <span class='ocrx_word' id='word_1_408' title='bbox 1020 2421 1170 2458; x_wconf 85' lang='lat' dir='ltr'><strong>retentis</strong></span> <span class='ocrx_word' id='word_1_409' title='bbox 1195 2429 1238 2455; x_wconf 85' lang='lat' dir='ltr'><strong>ac</strong></span> <span class='ocrx_word' id='word_1_410' title='bbox 1267 2416 1386 2454; x_wconf 88' lang='lat' dir='ltr'><strong>modo</strong></span> 
     </span>
     <span class='ocr_line' id='line_1_62' title="bbox 408 2468 1388 2529; baseline -0.016 -10"><span class='ocrx_word' id='word_1_411' title='bbox 408 2478 635 2529; x_wconf 70' lang='lat' dir='ltr'><strong>transpositis</strong></span> <span class='ocrx_word' id='word_1_412' title='bbox 651 2472 836 2523; x_wconf 77' lang='lat' dir='ltr'><strong>scripsisset</strong></span> <span class='ocrx_word' id='word_1_413' title='bbox 861 2485 992 2510; x_wconf 69' lang='lat' dir='ltr'><strong>tamum</strong></span> <span class='ocrx_word' id='word_1_414' title='bbox 1011 2487 1096 2515; x_wconf 72' lang='lat' dir='ltr'><strong>non3</strong></span> <span class='ocrx_word' id='word_1_415' title='bbox 1123 2468 1323 2515; x_wconf 81' lang='lat' dir='ltr'><strong>quomodo</strong></span> <span class='ocrx_word' id='word_1_416' title='bbox 1343 2479 1388 2504; x_wconf 76' lang='lat' dir='ltr'><strong>ex</strong></span> 
     </span>
     <span class='ocr_line' id='line_1_63' title="bbox 412 2518 1390 2575; baseline -0.017 -5"><span class='ocrx_word' id='word_1_417' title='bbox 412 2532 474 2570; x_wconf 71' lang='lat' dir='ltr'><strong>lib.</strong></span> <span class='ocrx_word' id='word_1_418' title='bbox 499 2532 539 2568; x_wconf 89' lang='lat' dir='ltr'><strong>P.</strong></span> <span class='ocrx_word' id='word_1_419' title='bbox 559 2531 655 2568; x_wconf 87' lang='lat' dir='ltr'><strong>Dan.</strong></span> <span class='ocrx_word' id='word_1_420' title='bbox 684 2524 923 2575; x_wconf 87' lang='lat' dir='ltr'><strong>postmodum</strong></span> <span class='ocrx_word' id='word_1_421' title='bbox 953 2522 1104 2559; x_wconf 74' lang='lat' dir='ltr'><strong>restituit</strong></span> <span class='ocrx_word' id='word_1_422' title='bbox 1124 2520 1290 2556; x_wconf 85' lang='lat' dir='ltr'><strong>Colerus.</strong></span> <span class='ocrx_word' id='word_1_423' title='bbox 1343 2518 1390 2555; x_wconf 92' lang='lat' dir='ltr'><strong>Il-</strong></span> 
     </span>
     <span class='ocr_line' id='line_1_64' title="bbox 415 2569 1389 2626; baseline -0.014 -6"><span class='ocrx_word' id='word_1_424' title='bbox 415 2583 481 2621; x_wconf 71' lang='lat' dir='ltr'><strong>lud</strong></span> <span class='ocrx_word' id='word_1_425' title='bbox 499 2596 563 2619; x_wconf 78' lang='lat' dir='ltr'><strong>nen</strong></span> <span class='ocrx_word' id='word_1_426' title='bbox 580 2590 733 2621; x_wconf 82' lang='lat' dir='ltr'><strong>tantum,</strong></span> <span class='ocrx_word' id='word_1_427' title='bbox 761 2575 866 2626; x_wconf 89' lang='lat' dir='ltr'><strong>quod</strong></span> <span class='ocrx_word' id='word_1_428' title='bbox 883 2573 1035 2624; x_wconf 84' lang='lat' dir='ltr'><strong>quidam</strong></span> <span class='ocrx_word' id='word_1_429' title='bbox 1056 2571 1204 2609; x_wconf 83' lang='lat' dir='ltr'><strong>codices</strong></span> <span class='ocrx_word' id='word_1_430' title='bbox 1229 2569 1389 2612; x_wconf 82' lang='lat' dir='ltr'><strong>habent,</strong></span> 
     </span>
     <span class='ocr_line' id='line_1_65' title="bbox 418 2619 1391 2677; baseline -0.018 -5"><span class='ocrx_word' id='word_1_431' title='bbox 418 2635 533 2672; x_wconf 78' lang='lat' dir='ltr'><strong>etiam</strong></span> <span class='ocrx_word' id='word_1_432' title='bbox 560 2630 649 2669; x_wconf 89' lang='lat' dir='ltr'><strong>illud</strong></span> <span class='ocrx_word' id='word_1_433' title='bbox 675 2628 841 2677; x_wconf 86' lang='lat' dir='ltr'><strong>peperit,</strong></span> <span class='ocrx_word' id='word_1_434' title='bbox 867 2634 909 2662; x_wconf 84' lang='lat' dir='ltr'><strong>ut</strong></span> <span class='ocrx_word' id='word_1_435' title='bbox 934 2636 1025 2662; x_wconf 85' lang='lat' dir='ltr'><strong>mox</strong></span> <span class='ocrx_word' id='word_1_436' title='bbox 1054 2635 1123 2671; x_wconf 86' lang='lat' dir='ltr'><strong>pro</strong></span> <span class='ocrx_word' id='word_1_437' title='bbox 1145 2619 1391 2667; x_wconf 66' lang='lat' dir='ltr'><strong>&amp;legeretur</strong></span> 
     </span>
     <span class='ocr_line' id='line_1_66' title="bbox 405 2671 1392 2733; baseline -0.02 -10"><span class='ocrx_word' id='word_1_438' title='bbox 405 2685 470 2733; x_wconf 72' lang='lat' dir='ltr'><strong>sed</strong></span> <span class='ocrx_word' id='word_1_439' title='bbox 489 2686 605 2721; x_wconf 82' lang='lat' dir='ltr'><strong>etiam.</strong></span> <span class='ocrx_word' id='word_1_440' title='bbox 653 2680 708 2718; x_wconf 84' lang='lat' dir='ltr'><strong>Ita</strong></span> <span class='ocrx_word' id='word_1_441' title='bbox 727 2679 827 2716; x_wconf 90' lang='lat' dir='ltr'><strong>enim</strong></span> <span class='ocrx_word' id='word_1_442' title='bbox 847 2676 988 2719; x_wconf 83' lang='lat' dir='ltr'><strong>Aldus,</strong></span> <span class='ocrx_word' id='word_1_443' title='bbox 1016 2675 1095 2710; x_wconf 87' lang='lat' dir='ltr'><strong>Non</strong></span> <span class='ocrx_word' id='word_1_444' title='bbox 1112 2683 1246 2709; x_wconf 84' lang='lat' dir='ltr'><strong>tantum</strong></span> <span class='ocrx_word' id='word_1_445' title='bbox 1263 2684 1304 2705; x_wconf 85' lang='lat' dir='ltr'><strong>ex</strong></span> <span class='ocrx_word' id='word_1_446' title='bbox 1323 2671 1392 2718; x_wconf 82' lang='lat' dir='ltr'><strong>ipso</strong></span> 
     </span>
     <span class='ocr_line' id='line_1_67' title="bbox 411 2720 1393 2786; baseline -0.014 -14"><span class='ocrx_word' id='word_1_447' title='bbox 411 2736 589 2786; x_wconf 71' lang='lat' dir='ltr'><strong>genitricis</strong></span> <span class='ocrx_word' id='word_1_448' title='bbox 617 2745 695 2783; x_wconf 75' lang='lat' dir='ltr'><strong>rogo</strong></span> <span class='ocrx_word' id='word_1_449' title='bbox 722 2732 843 2772; x_wconf 78' lang='lat' dir='ltr'><strong>lucem,</strong></span> <span class='ocrx_word' id='word_1_450' title='bbox 871 2726 934 2777; x_wconf 80' lang='lat' dir='ltr'><strong>sed</strong></span> <span class='ocrx_word' id='word_1_451' title='bbox 963 2727 1065 2762; x_wconf 80' lang='lat' dir='ltr'><strong>etiam</strong></span> <span class='ocrx_word' id='word_1_452' title='bbox 1093 2737 1193 2760; x_wconf 80' lang='lat' dir='ltr'><strong>cunas</strong></span> <span class='ocrx_word' id='word_1_453' title='bbox 1221 2720 1393 2768; x_wconf 81' lang='lat' dir='ltr'><strong>assecutus.</strong></span> 
     </span>
     <span class='ocr_line' id='line_1_68' title="bbox 421 2772 1392 2828; baseline -0.019 -3"><span class='ocrx_word' id='word_1_454' title='bbox 421 2785 618 2824; x_wconf 74' lang='lat' dir='ltr'><strong>VORST.</strong></span> <span class='ocrx_word' id='word_1_455' title='bbox 683 2780 867 2820; x_wconf 83' lang='lat' dir='ltr'><strong>Probabat</strong></span> <span class='ocrx_word' id='word_1_456' title='bbox 891 2787 1044 2828; x_wconf 87' lang='lat' dir='ltr'><strong>quoque</strong></span> <span class='ocrx_word' id='word_1_457' title='bbox 1068 2775 1167 2812; x_wconf 83' lang='lat' dir='ltr'><strong>hanc</strong></span> <span class='ocrx_word' id='word_1_458' title='bbox 1190 2772 1392 2809; x_wconf 58' lang='lat' dir='ltr'><strong>lectionem</strong></span> 
     </span>
     <span class='ocr_line' id='line_1_69' title="bbox 421 2824 1397 2881; baseline -0.017 -6"><span class='ocrx_word' id='word_1_459' title='bbox 421 2836 640 2875; x_wconf 72' lang='lat' dir='ltr'><strong>Perizonin</strong></span> <span class='ocrx_word' id='word_1_460' title='bbox 651 2833 817 2881; x_wconf 83' lang='lat' dir='ltr'><strong>margine</strong></span> <span class='ocrx_word' id='word_1_461' title='bbox 829 2830 909 2868; x_wconf 85' lang='lat' dir='ltr'><strong>libri</strong></span> <span class='ocrx_word' id='word_1_462' title='bbox 926 2829 975 2866; x_wconf 89' lang='lat' dir='ltr'><strong>sui</strong></span> <span class='ocrx_word' id='word_1_463' title='bbox 990 2856 1000 2872; x_wconf 88' lang='lat'>,</span> <span class='ocrx_word' id='word_1_464' title='bbox 1013 2828 1050 2865; x_wconf 86' lang='lat'><strong>&amp;</strong></span> <span class='ocrx_word' id='word_1_465' title='bbox 1066 2827 1145 2874; x_wconf 74' lang='lat' dir='ltr'><strong>jam</strong></span> <span class='ocrx_word' id='word_1_466' title='bbox 1162 2824 1228 2862; x_wconf 88' lang='lat' dir='ltr'><strong>suo</strong></span> <span class='ocrx_word' id='word_1_467' title='bbox 1246 2831 1397 2871; x_wconf 87' lang='lat' dir='ltr'><strong>tempo-</strong></span> 
     </span>
     <span class='ocr_line' id='line_1_70' title="bbox 421 2874 1397 2927; baseline -0.016 -1"><span class='ocrx_word' id='word_1_468' title='bbox 421 2900 462 2926; x_wconf 76' lang='lat' dir='ltr'><strong>re</strong></span> <span class='ocrx_word' id='word_1_469' title='bbox 482 2886 668 2926; x_wconf 88' lang='lat' dir='ltr'><strong>Oliverius</strong></span> <span class='ocrx_word' id='word_1_470' title='bbox 687 2883 854 2926; x_wconf 87' lang='lat' dir='ltr'><strong>notavit,</strong></span> <span class='ocrx_word' id='word_1_471' title='bbox 881 2879 1032 2927; x_wconf 83' lang='lat' dir='ltr'><strong>intelligi</strong></span> <span class='ocrx_word' id='word_1_472' title='bbox 1046 2880 1162 2924; x_wconf 86' lang='lat' dir='ltr'><strong>ferme.</strong></span> <span class='ocrx_word' id='word_1_473' title='bbox 1212 2875 1268 2912; x_wconf 85' lang='lat' dir='ltr'><strong>Ita</strong></span> <span class='ocrx_word' id='word_1_474' title='bbox 1295 2874 1397 2911; x_wconf 87' lang='lat' dir='ltr'><strong>enim</strong></span> 
     </span>
     <span class='ocr_line' id='line_1_71' title="bbox 422 2923 1400 2977; baseline -0.017 0"><span class='ocrx_word' id='word_1_475' title='bbox 422 2939 553 2977; x_wconf 67' lang='lat' dir='ltr'><strong>scribit.</strong></span> <span class='ocrx_word' id='word_1_476' title='bbox 624 2935 737 2973; x_wconf 86' lang='lat' dir='ltr'><strong>Multi</strong></span> <span class='ocrx_word' id='word_1_477' title='bbox 762 2934 858 2970; x_wconf 81' lang='lat' dir='ltr'><strong>hanc</strong></span> <span class='ocrx_word' id='word_1_478' title='bbox 882 2931 1062 2970; x_wconf 56' lang='lat' dir='ltr'><strong>lecturam</strong></span> <span class='ocrx_word' id='word_1_479' title='bbox 1089 2933 1298 2975; x_wconf 80' lang='lat' dir='ltr'><strong>corruptam</strong></span> <span class='ocrx_word' id='word_1_480' title='bbox 1328 2923 1400 2962; x_wconf 84' lang='lat' dir='ltr'><strong>effe</strong></span> 
     </span>
     <span class='ocr_line' id='line_1_72' title="bbox 428 2977 1403 3034; baseline -0.018 -6"><span class='ocrx_word' id='word_1_481' title='bbox 428 2990 672 3028; x_wconf 79' lang='lat' dir='ltr'><strong>existimantes</strong></span> <span class='ocrx_word' id='word_1_482' title='bbox 688 2986 836 3034; x_wconf 77' lang='lat' dir='ltr'><strong>legunt,</strong></span> <span class='ocrx_word' id='word_1_483' title='bbox 859 2999 923 3020; x_wconf 86' lang='lat' dir='ltr'><strong>non</strong></span> <span class='ocrx_word' id='word_1_484' title='bbox 940 2992 1071 3019; x_wconf 77' lang='lat' dir='ltr'><strong>tantum</strong></span> <span class='ocrx_word' id='word_1_485' title='bbox 1090 2994 1132 3015; x_wconf 85' lang='lat' dir='ltr'><strong>ex</strong></span> <span class='ocrx_word' id='word_1_486' title='bbox 1148 2980 1216 3029; x_wconf 82' lang='lat' dir='ltr'><strong>ipso</strong></span> <span class='ocrx_word' id='word_1_487' title='bbox 1228 2977 1403 3026; x_wconf 75' lang='lat' dir='ltr'><strong>genitricis</strong></span> 
     </span>
     <span class='ocr_line' id='line_1_73' title="bbox 430 3027 1404 3092; baseline -0.012 -15"><span class='ocrx_word' id='word_1_488' title='bbox 430 3055 504 3092; x_wconf 65' lang='lat' dir='ltr'><strong>:ogo</strong></span> <span class='ocrx_word' id='word_1_489' title='bbox 530 3042 652 3083; x_wconf 65' lang='lat' dir='ltr'><strong>larem,</strong></span> <span class='ocrx_word' id='word_1_490' title='bbox 671 3036 731 3086; x_wconf 71' lang='lat' dir='ltr'><strong>sed</strong></span> <span class='ocrx_word' id='word_1_491' title='bbox 759 3045 804 3074; x_wconf 68' lang='grc' dir='ltr'><strong>ω’</strong></span> <span class='ocrx_word' id='word_1_492' title='bbox 833 3047 931 3073; x_wconf 65' lang='lat' dir='ltr'><strong>crinas</strong></span> <span class='ocrx_word' id='word_1_493' title='bbox 956 3031 1126 3082; x_wconf 71' lang='lat' dir='ltr'><strong>afficutiss.</strong></span> <span class='ocrx_word' id='word_1_494' title='bbox 1176 3029 1256 3078; x_wconf 82' lang='lat' dir='ltr'><strong>Qui</strong></span> <span class='ocrx_word' id='word_1_495' title='bbox 1281 3028 1326 3066; x_wconf 85' lang='lat' dir='ltr'><strong>ab</strong></span> <span class='ocrx_word' id='word_1_496' title='bbox 1347 3027 1404 3066; x_wconf 81' lang='lat' dir='ltr'><strong>in-</strong></span> 
     </span>
    </p>
   </div>
   <div class='ocr_carea' id='block_1_26' title="bbox 1419 1593 2409 2006">
    <p class='ocr_par' dir='ltr' id='par_1_27' title="bbox 1419 1593 2409 2006">
     <span class='ocr_line' id='line_1_74' title="bbox 1419 1593 2400 1649; baseline -0.008 -11"><span class='ocrx_word' id='word_1_497' title='bbox 1419 1602 1523 1649; x_wconf 88' lang='lat' dir='ltr'><strong>supra</strong></span> <span class='ocrx_word' id='word_1_498' title='bbox 1542 1600 1611 1637; x_wconf 80' lang='lat' dir='ltr'><strong>Ex.</strong></span> <span class='ocrx_word' id='word_1_499' title='bbox 1638 1612 1694 1637; x_wconf 88' lang='lat'><strong>10.</strong></span> <span class='ocrx_word' id='word_1_500' title='bbox 1730 1599 1821 1636; x_wconf 90' lang='lat' dir='ltr'><strong>Hoc</strong></span> <span class='ocrx_word' id='word_1_501' title='bbox 1848 1608 1941 1634; x_wconf 90' lang='lat' dir='ltr'><strong>vero</strong></span> <span class='ocrx_word' id='word_1_502' title='bbox 1968 1596 2092 1633; x_wconf 89' lang='lat' dir='ltr'><strong>nescio</strong></span> <span class='ocrx_word' id='word_1_503' title='bbox 2118 1596 2155 1632; x_wconf 87' lang='lat' dir='ltr'><strong>in</strong></span> <span class='ocrx_word' id='word_1_504' title='bbox 2183 1593 2313 1644; x_wconf 84' lang='lat' dir='ltr'><strong>quibus</strong></span> <span class='ocrx_word' id='word_1_505' title='bbox 2339 1594 2400 1631; x_wconf 88' lang='lat' dir='ltr'><strong>hic</strong></span> 
     </span>
     <span class='ocr_line' id='line_1_75' title="bbox 1421 1644 2401 1700; baseline -0.007 -11"><span class='ocrx_word' id='word_1_506' title='bbox 1421 1652 1562 1700; x_wconf 84' lang='lat' dir='ltr'><strong>legatur</strong></span> <span class='ocrx_word' id='word_1_507' title='bbox 1589 1651 1698 1688; x_wconf 87' lang='lat' dir='ltr'><strong>MSS.</strong></span> <span class='ocrx_word' id='word_1_508' title='bbox 1736 1650 1779 1687; x_wconf 92' lang='lat' dir='ltr'><strong>In</strong></span> <span class='ocrx_word' id='word_1_509' title='bbox 1813 1646 2070 1685; x_wconf 81' lang='lat' dir='ltr'><strong>collationibus</strong></span> <span class='ocrx_word' id='word_1_510' title='bbox 2099 1647 2199 1684; x_wconf 88' lang='lat' dir='ltr'><strong>enim</strong></span> <span class='ocrx_word' id='word_1_511' title='bbox 2222 1644 2401 1682; x_wconf 81' lang='lat' dir='ltr'><strong>Gudianis</strong></span> 
     </span>
     <span class='ocr_line' id='line_1_76' title="bbox 1422 1697 2402 1740; baseline -0.007 0"><span class='ocrx_word' id='word_1_512' title='bbox 1422 1703 1536 1740; x_wconf 79' lang='lat' dir='ltr'><strong>video</strong></span> <span class='ocrx_word' id='word_1_513' title='bbox 1556 1702 1654 1739; x_wconf 88' lang='lat' dir='ltr'><strong>notis</strong></span> <span class='ocrx_word' id='word_1_514' title='bbox 1671 1700 1921 1738; x_wconf 87' lang='lat' dir='ltr'><strong>numeralibus</strong></span> <span class='ocrx_word' id='word_1_515' title='bbox 1939 1698 2061 1736; x_wconf 86' lang='lat' dir='ltr'><strong>notari</strong></span> <span class='ocrx_word' id='word_1_516' title='bbox 2077 1712 2142 1734; x_wconf 82' lang='lat' dir='ltr'><strong>non</strong></span> <span class='ocrx_word' id='word_1_517' title='bbox 2159 1706 2293 1733; x_wconf 71' lang='lat' dir='ltr'><strong>tantum</strong></span> <span class='ocrx_word' id='word_1_518' title='bbox 2315 1727 2322 1739; x_wconf 96' lang='lat'>,</span> <span class='ocrx_word' id='word_1_519' title='bbox 2360 1697 2402 1733; x_wconf 84' lang='lat' dir='ltr'><strong>in</strong></span> 
     </span>
     <span class='ocr_line' id='line_1_77' title="bbox 1424 1747 2402 1801; baseline -0.005 -11"><span class='ocrx_word' id='word_1_520' title='bbox 1424 1753 1532 1791; x_wconf 87' lang='lat' dir='ltr'><strong>MSS.</strong></span> <span class='ocrx_word' id='word_1_521' title='bbox 1548 1753 1642 1801; x_wconf 81' lang='lat' dir='ltr'><strong>legi,</strong></span> <span class='ocrx_word' id='word_1_522' title='bbox 1654 1751 1714 1789; x_wconf 90' lang='lat' dir='ltr'><strong>sed</strong></span> <span class='ocrx_word' id='word_1_523' title='bbox 1733 1764 1811 1789; x_wconf 90' lang='lat' dir='ltr'><strong>non</strong></span> <span class='ocrx_word' id='word_1_524' title='bbox 1830 1750 1998 1788; x_wconf 88' lang='lat' dir='ltr'><strong>additum</strong></span> <span class='ocrx_word' id='word_1_525' title='bbox 2011 1748 2057 1785; x_wconf 90' lang='lat' dir='ltr'><strong>est</strong></span> <span class='ocrx_word' id='word_1_526' title='bbox 2069 1759 2114 1785; x_wconf 86' lang='lat' dir='ltr'><strong>ex</strong></span> <span class='ocrx_word' id='word_1_527' title='bbox 2131 1747 2273 1798; x_wconf 87' lang='lat' dir='ltr'><strong>quibus.</strong></span> <span class='ocrx_word' id='word_1_528' title='bbox 2291 1748 2402 1795; x_wconf 85' lang='lat' dir='ltr'><strong>Quos</strong></span> 
     </span>
     <span class='ocr_line' id='line_1_78' title="bbox 1425 1797 2404 1853; baseline -0.008 -11"><span class='ocrx_word' id='word_1_529' title='bbox 1425 1815 1497 1853; x_wconf 80' lang='lat' dir='ltr'><strong>ego</strong></span> <span class='ocrx_word' id='word_1_530' title='bbox 1515 1803 1592 1840; x_wconf 75' lang='lat' dir='ltr'><strong>Vidi</strong></span> <span class='ocrx_word' id='word_1_531' title='bbox 1604 1831 1613 1847; x_wconf 96' lang='lat'>,</span> <span class='ocrx_word' id='word_1_532' title='bbox 1634 1804 1746 1840; x_wconf 80' lang='lat' dir='ltr'><strong>etiam</strong></span> <span class='ocrx_word' id='word_1_533' title='bbox 1765 1817 1830 1838; x_wconf 83' lang='lat' dir='ltr'><strong>non</strong></span> <span class='ocrx_word' id='word_1_534' title='bbox 1853 1811 1987 1838; x_wconf 76' lang='lat' dir='ltr'><strong>tantum</strong></span> <span class='ocrx_word' id='word_1_535' title='bbox 2004 1799 2163 1843; x_wconf 74' lang='lat' dir='ltr'><strong>habent3</strong></span> <span class='ocrx_word' id='word_1_536' title='bbox 2191 1797 2251 1835; x_wconf 83' lang='lat' dir='ltr'><strong>sed</strong></span> <span class='ocrx_word' id='word_1_537' title='bbox 2268 1809 2404 1846; x_wconf 84' lang='lat' dir='ltr'><strong>quem-</strong></span> 
     </span>
     <span class='ocr_line' id='line_1_79' title="bbox 1424 1848 2406 1897; baseline -0.008 -5"><span class='ocrx_word' id='word_1_538' title='bbox 1424 1854 1632 1892; x_wconf 82' lang='lat' dir='ltr'><strong>admodum</strong></span> <span class='ocrx_word' id='word_1_539' title='bbox 1654 1855 1693 1892; x_wconf 87' lang='lat'>&amp;</span> <span class='ocrx_word' id='word_1_540' title='bbox 1711 1853 1873 1890; x_wconf 81' lang='lat' dir='ltr'><strong>Gudiani</strong></span> <span class='ocrx_word' id='word_1_541' title='bbox 1900 1853 1951 1889; x_wconf 79' lang='lat' dir='ltr'><strong>ita</strong></span> <span class='ocrx_word' id='word_1_542' title='bbox 1972 1852 2010 1889; x_wconf 84' lang='lat'>&amp;</span> <span class='ocrx_word' id='word_1_543' title='bbox 2030 1849 2163 1887; x_wconf 88' lang='lat' dir='ltr'><strong>Leidd.</strong></span> <span class='ocrx_word' id='word_1_544' title='bbox 2190 1848 2323 1897; x_wconf 78' lang='lat' dir='ltr'><strong>partim</strong></span> <span class='ocrx_word' id='word_1_545' title='bbox 2340 1848 2406 1897; x_wconf 76' lang='lat' dir='ltr'><strong>sed</strong></span> 
     </span>
     <span class='ocr_line' id='line_1_80' title="bbox 1424 1900 2409 1954; baseline -0.006 -12"><span class='ocrx_word' id='word_1_546' title='bbox 1424 1915 1493 1950; x_wconf 63' lang='lat' dir='ltr'><strong>cy,</strong></span> <span class='ocrx_word' id='word_1_547' title='bbox 1514 1905 1575 1954; x_wconf 83' lang='lat' dir='ltr'><strong>sed</strong></span> <span class='ocrx_word' id='word_1_548' title='bbox 1593 1907 1695 1941; x_wconf 82' lang='lat' dir='ltr'><strong>etiam</strong></span> <span class='ocrx_word' id='word_1_549' title='bbox 1712 1933 1723 1947; x_wconf 94' lang='lat'><em>,</em></span> <span class='ocrx_word' id='word_1_550' title='bbox 1737 1904 1853 1941; x_wconf 64' lang='lat' dir='ltr'><strong>vel&amp;</strong></span> <span class='ocrx_word' id='word_1_551' title='bbox 1874 1915 1974 1939; x_wconf 80' lang='lat' dir='ltr'><strong>cunas</strong></span> <span class='ocrx_word' id='word_1_552' title='bbox 1988 1930 1997 1944; x_wconf 88' lang='lat'><em>,</em></span> <span class='ocrx_word' id='word_1_553' title='bbox 2016 1901 2120 1951; x_wconf 86' lang='lat' dir='ltr'><strong>quod</strong></span> <span class='ocrx_word' id='word_1_554' title='bbox 2140 1900 2253 1939; x_wconf 84' lang='lat' dir='ltr'><strong>etiam</strong></span> <span class='ocrx_word' id='word_1_555' title='bbox 2275 1907 2352 1936; x_wconf 86' lang='lat' dir='ltr'><strong>erat</strong></span> <span class='ocrx_word' id='word_1_556' title='bbox 2369 1900 2409 1937; x_wconf 86' lang='lat' dir='ltr'><strong>in</strong></span> 
     </span>
     <span class='ocr_line' id='line_1_81' title="bbox 1425 1949 2407 2006; baseline -0.01 -10"><span class='ocrx_word' id='word_1_557' title='bbox 1425 1967 1585 2006; x_wconf 82' lang='lat' dir='ltr'><strong>utroque</strong></span> <span class='ocrx_word' id='word_1_558' title='bbox 1604 1954 1864 2005; x_wconf 67' lang='lat' dir='ltr'><strong>Ultrajeffino.</strong></span> <span class='ocrx_word' id='word_1_559' title='bbox 1917 1953 2029 1989; x_wconf 88' lang='lat' dir='ltr'><strong>Multi</strong></span> <span class='ocrx_word' id='word_1_560' title='bbox 2049 1952 2162 1989; x_wconf 81' lang='lat' dir='ltr'><strong>etiam</strong></span> <span class='ocrx_word' id='word_1_561' title='bbox 2179 1949 2317 1988; x_wconf 87' lang='lat' dir='ltr'><strong>habent</strong></span> <span class='ocrx_word' id='word_1_562' title='bbox 2327 1952 2407 1996; x_wconf 83' lang='lat' dir='ltr'><strong>fato</strong></span> 
     </span>
    </p>
   </div>
   <div class='ocr_carea' id='block_1_27' title="bbox 1421 2002 2084 2058">
    <p class='ocr_par' dir='ltr' id='par_1_28' title="bbox 1421 2002 2084 2058">
     <span class='ocr_line' id='line_1_82' title="bbox 1421 2002 2084 2058; baseline -0.012 -11"><span class='ocrx_word' id='word_1_563' title='bbox 1421 2010 1540 2056; x_wconf 63' lang='lat' dir='ltr'><strong>sun&amp;</strong></span> <span class='ocrx_word' id='word_1_564' title='bbox 1554 2009 1669 2058; x_wconf 77' lang='lat' dir='ltr'><strong>periit.</strong></span> <span class='ocrx_word' id='word_1_565' title='bbox 1697 2015 1738 2044; x_wconf 87' lang='lat' dir='ltr'><strong>ut</strong></span> <span class='ocrx_word' id='word_1_566' title='bbox 1757 2005 1805 2043; x_wconf 86' lang='lat' dir='ltr'><strong>est</strong></span> <span class='ocrx_word' id='word_1_567' title='bbox 1824 2005 1863 2042; x_wconf 89' lang='lat' dir='ltr'><strong>in</strong></span> <span class='ocrx_word' id='word_1_568' title='bbox 1879 2002 1949 2041; x_wconf 88' lang='lat' dir='ltr'><strong>Ed.</strong></span> <span class='ocrx_word' id='word_1_569' title='bbox 1976 2004 2084 2050; x_wconf 88' lang='lat' dir='ltr'><strong>Mog.</strong></span> 
     </span>
    </p>
   </div>
   <div class='ocr_carea' id='block_1_28' title="bbox 1430 2051 2425 3070">
    <p class='ocr_par' dir='ltr' id='par_1_29' title="bbox 1430 2051 2425 3070">
     <span class='ocr_line' id='line_1_83' title="bbox 1479 2051 2409 2109; baseline -0.006 -13"><span class='ocrx_word' id='word_1_570' title='bbox 1479 2060 1539 2109; x_wconf 85' lang='lat'><strong>96.</strong></span> <span class='ocrx_word' id='word_1_571' title='bbox 1566 2058 1712 2096; x_wconf 81' lang='lat' dir='ltr'><strong>Pheraeo</strong></span> <span class='ocrx_word' id='word_1_572' title='bbox 1730 2053 1871 2105; x_wconf 73' lang='lat' dir='ltr'><strong>Jasoni]</strong></span> <span class='ocrx_word' id='word_1_573' title='bbox 1905 2055 1964 2091; x_wconf 76' lang='lat' dir='ltr'><strong>Sic</strong></span> <span class='ocrx_word' id='word_1_574' title='bbox 1991 2054 2070 2090; x_wconf 84' lang='lat' dir='ltr'><strong>Cic.</strong></span> <span class='ocrx_word' id='word_1_575' title='bbox 2095 2051 2156 2090; x_wconf 84' lang='lat' dir='ltr'><strong>lib.</strong></span> <span class='ocrx_word' id='word_1_576' title='bbox 2189 2064 2219 2090; x_wconf 83' lang='grc' dir='ltr'><strong>Ι.</strong></span> <span class='ocrx_word' id='word_1_577' title='bbox 2247 2051 2293 2090; x_wconf 84' lang='lat' dir='ltr'><strong>de</strong></span> <span class='ocrx_word' id='word_1_578' title='bbox 2321 2052 2409 2090; x_wconf 78' lang='lat' dir='ltr'><strong>Nat.</strong></span> 
     </span>
     <span class='ocr_line' id='line_1_84' title="bbox 1430 2103 2412 2149; baseline -0.008 0"><span class='ocrx_word' id='word_1_579' title='bbox 1430 2112 1615 2149; x_wconf 85' lang='lat' dir='ltr'><strong>Deorum.</strong></span> <span class='ocrx_word' id='word_1_580' title='bbox 1692 2108 1764 2146; x_wconf 88' lang='lat' dir='ltr'><strong>Sed</strong></span> <span class='ocrx_word' id='word_1_581' title='bbox 1790 2106 2002 2144; x_wconf 83' lang='lat' dir='ltr'><strong>Plutarchus</strong></span> <span class='ocrx_word' id='word_1_582' title='bbox 2029 2103 2256 2140; x_wconf 66' lang='lat' dir='ltr'><strong>Prometheum</strong></span> <span class='ocrx_word' id='word_1_583' title='bbox 2285 2110 2412 2141; x_wconf 86' lang='lat' dir='ltr'><strong>vocat.</strong></span> 
     </span>
     <span class='ocr_line' id='line_1_85' title="bbox 1433 2153 2414 2203; baseline -0.012 -3"><span class='ocrx_word' id='word_1_584' title='bbox 1433 2161 1672 2200; x_wconf 85' lang='lat' dir='ltr'><strong>CORRAD.</strong></span> <span class='ocrx_word' id='word_1_585' title='bbox 1733 2160 1886 2196; x_wconf 62' lang='lat' dir='ltr'><strong>Divinae</strong></span> <span class='ocrx_word' id='word_1_586' title='bbox 1914 2159 2074 2203; x_wconf 82' lang='lat' dir='ltr'><strong>fortunae</strong></span> <span class='ocrx_word' id='word_1_587' title='bbox 2108 2155 2233 2190; x_wconf 56' lang='lat' dir='ltr'><strong>vulnus</strong></span> <span class='ocrx_word' id='word_1_588' title='bbox 2263 2153 2414 2190; x_wconf 66' lang='lat' dir='ltr'><strong>Pheraeo</strong></span> 
     </span>
     <span class='ocr_line' id='line_1_86' title="bbox 1431 2203 2414 2261; baseline -0.008 -12"><span class='ocrx_word' id='word_1_589' title='bbox 1431 2213 1569 2261; x_wconf 70' lang='lat' dir='ltr'><strong>Jasoni.</strong></span> <span class='ocrx_word' id='word_1_590' title='bbox 1600 2211 1702 2248; x_wconf 80' lang='lat' dir='ltr'><strong>Felix</strong></span> <span class='ocrx_word' id='word_1_591' title='bbox 1723 2211 1761 2248; x_wconf 85' lang='lat'>&amp;</span> <span class='ocrx_word' id='word_1_592' title='bbox 1781 2210 1826 2247; x_wconf 86' lang='lat' dir='ltr'><strong>ab</strong></span> <span class='ocrx_word' id='word_1_593' title='bbox 1845 2207 1925 2257; x_wconf 89' lang='lat' dir='ltr'><strong>ipfis</strong></span> <span class='ocrx_word' id='word_1_594' title='bbox 1937 2207 2018 2246; x_wconf 83' lang='lat' dir='ltr'><strong>Diis</strong></span> <span class='ocrx_word' id='word_1_595' title='bbox 2036 2203 2249 2255; x_wconf 60' lang='lat' dir='ltr'><strong>profeeium</strong></span> <span class='ocrx_word' id='word_1_596' title='bbox 2269 2204 2414 2242; x_wconf 84' lang='lat' dir='ltr'><strong>vulnus.</strong></span> 
     </span>
     <span class='ocr_line' id='line_1_87' title="bbox 1433 2256 2415 2310; baseline -0.009 -10"><span class='ocrx_word' id='word_1_597' title='bbox 1433 2263 1543 2310; x_wconf 81' lang='lat' dir='ltr'><strong>Jason</strong></span> <span class='ocrx_word' id='word_1_598' title='bbox 1570 2263 1629 2299; x_wconf 87' lang='lat' dir='ltr'><strong>ille</strong></span> <span class='ocrx_word' id='word_1_599' title='bbox 1659 2262 1822 2298; x_wconf 71' lang='lat' dir='ltr'><strong>Pheraeus</strong></span> <span class='ocrx_word' id='word_1_600' title='bbox 1854 2259 2009 2302; x_wconf 77' lang='lat' dir='ltr'><strong>dicitur,</strong></span> <span class='ocrx_word' id='word_1_601' title='bbox 2036 2257 2123 2307; x_wconf 85' lang='lat' dir='ltr'><strong>quia</strong></span> <span class='ocrx_word' id='word_1_602' title='bbox 2146 2256 2348 2293; x_wconf 88' lang='lat' dir='ltr'><strong>Pherarum</strong></span> <span class='ocrx_word' id='word_1_603' title='bbox 2375 2256 2415 2293; x_wconf 85' lang='lat' dir='ltr'><strong>in</strong></span> 
     </span>
     <span class='ocr_line' id='line_1_88' title="bbox 1436 2306 2418 2361; baseline -0.008 -10"><span class='ocrx_word' id='word_1_604' title='bbox 1436 2311 1624 2352; x_wconf 84' lang='lat' dir='ltr'><strong>Theffalia</strong></span> <span class='ocrx_word' id='word_1_605' title='bbox 1643 2320 1820 2361; x_wconf 88' lang='lat' dir='ltr'><strong>tyrannus</strong></span> <span class='ocrx_word' id='word_1_606' title='bbox 1842 2311 1912 2347; x_wconf 70' lang='lat' dir='ltr'><strong>fuit</strong></span> <span class='ocrx_word' id='word_1_607' title='bbox 1924 2338 1934 2354; x_wconf 90' lang='lat'>,</span> <span class='ocrx_word' id='word_1_608' title='bbox 1958 2309 2004 2347; x_wconf 88' lang='lat' dir='ltr'><strong>de</strong></span> <span class='ocrx_word' id='word_1_609' title='bbox 2022 2320 2100 2359; x_wconf 87' lang='lat' dir='ltr'><strong>quo</strong></span> <span class='ocrx_word' id='word_1_610' title='bbox 2119 2308 2157 2344; x_wconf 90' lang='lat'>&amp;</span> <span class='ocrx_word' id='word_1_611' title='bbox 2176 2306 2271 2345; x_wconf 86' lang='lat' dir='ltr'><strong>infra</strong></span> <span class='ocrx_word' id='word_1_612' title='bbox 2286 2319 2343 2351; x_wconf 84' lang='lat' dir='ltr'><strong>1x,</strong></span> <span class='ocrx_word' id='word_1_613' title='bbox 2359 2317 2418 2344; x_wconf 84' lang='lat'><strong>10.</strong></span> 
     </span>
     <span class='ocr_line' id='line_1_89' title="bbox 1437 2357 2418 2412; baseline -0.008 -10"><span class='ocrx_word' id='word_1_614' title='bbox 1437 2372 1509 2402; x_wconf 80' lang='lat' dir='ltr'><strong>ext.</strong></span> <span class='ocrx_word' id='word_1_615' title='bbox 1529 2377 1562 2401; x_wconf 86' lang='lat'><strong>2.</strong></span> <span class='ocrx_word' id='word_1_616' title='bbox 1581 2362 1720 2412; x_wconf 85' lang='lat' dir='ltr'><strong>aliquid</strong></span> <span class='ocrx_word' id='word_1_617' title='bbox 1739 2367 2038 2405; x_wconf 84' lang='lat' dir='ltr'><strong>commemorat,</strong></span> <span class='ocrx_word' id='word_1_618' title='bbox 2057 2357 2309 2407; x_wconf 63' lang='lat' dir='ltr'><strong>Thessaliamque</strong></span> <span class='ocrx_word' id='word_1_619' title='bbox 2329 2369 2418 2394; x_wconf 90' lang='lat' dir='ltr'><strong>eum</strong></span> 
     </span>
     <span class='ocr_line' id='line_1_90' title="bbox 1437 2407 2417 2462; baseline -0.01 -9"><span class='ocrx_word' id='word_1_620' title='bbox 1437 2423 1562 2453; x_wconf 82' lang='lat' dir='ltr'><strong>vocat.</strong></span> <span class='ocrx_word' id='word_1_621' title='bbox 1596 2413 1771 2462; x_wconf 86' lang='lat' dir='ltr'><strong>Ejusdem</strong></span> <span class='ocrx_word' id='word_1_622' title='bbox 1792 2412 2027 2449; x_wconf 85' lang='lat' dir='ltr'><strong>mentionem</strong></span> <span class='ocrx_word' id='word_1_623' title='bbox 2048 2409 2189 2446; x_wconf 85' lang='lat' dir='ltr'><strong>faciunt</strong></span> <span class='ocrx_word' id='word_1_624' title='bbox 2208 2409 2246 2444; x_wconf 68' lang='grc' dir='ltr'><strong>δε</strong></span> <span class='ocrx_word' id='word_1_625' title='bbox 2265 2407 2417 2445; x_wconf 78' lang='lat' dir='ltr'><strong>Diodo-</strong></span> 
     </span>
     <span class='ocr_line' id='line_1_91' title="bbox 1438 2457 2418 2504; baseline -0.011 1"><span class='ocrx_word' id='word_1_626' title='bbox 1438 2478 1497 2504; x_wconf 84' lang='lat' dir='ltr'><strong>rus</strong></span> <span class='ocrx_word' id='word_1_627' title='bbox 1517 2466 1585 2504; x_wconf 85' lang='lat' dir='ltr'><strong>Sic.</strong></span> <span class='ocrx_word' id='word_1_628' title='bbox 1601 2466 1625 2502; x_wconf 85' lang='lat' dir='ltr'><strong>l.</strong></span> <span class='ocrx_word' id='word_1_629' title='bbox 1644 2477 1702 2501; x_wconf 77' lang='lat' dir='ltr'><strong>xv.</strong></span> <span class='ocrx_word' id='word_1_630' title='bbox 1724 2464 1762 2499; x_wconf 85' lang='lat'>&amp;</span> <span class='ocrx_word' id='word_1_631' title='bbox 1780 2474 1866 2498; x_wconf 76' lang='lat' dir='ltr'><strong>xvi.</strong></span> <span class='ocrx_word' id='word_1_632' title='bbox 1894 2461 2070 2498; x_wconf 83' lang='lat' dir='ltr'><strong>Isocrates</strong></span> <span class='ocrx_word' id='word_1_633' title='bbox 2089 2460 2157 2496; x_wconf 89' lang='lat' dir='ltr'><strong>Or.</strong></span> <span class='ocrx_word' id='word_1_634' title='bbox 2177 2457 2225 2495; x_wconf 85' lang='lat' dir='ltr'><strong>ad</strong></span> <span class='ocrx_word' id='word_1_635' title='bbox 2239 2458 2418 2495; x_wconf 87' lang='lat' dir='ltr'><strong>Phil.Xe-</strong></span> 
     </span>
     <span class='ocr_line' id='line_1_92' title="bbox 1439 2509 2417 2566; baseline -0.011 -10"><span class='ocrx_word' id='word_1_636' title='bbox 1439 2517 1597 2566; x_wconf 87' lang='lat' dir='ltr'><strong>nophon</strong></span> <span class='ocrx_word' id='word_1_637' title='bbox 1617 2515 1709 2553; x_wconf 88' lang='lat' dir='ltr'><strong>Hist.</strong></span> <span class='ocrx_word' id='word_1_638' title='bbox 1733 2513 1821 2560; x_wconf 86' lang='lat' dir='ltr'><strong>Cyr.</strong></span> <span class='ocrx_word' id='word_1_639' title='bbox 1840 2511 1864 2549; x_wconf 93' lang='lat' dir='ltr'><strong>l.</strong></span> <span class='ocrx_word' id='word_1_640' title='bbox 1884 2524 1945 2549; x_wconf 77' lang='lat' dir='ltr'><strong>vr.</strong></span> <span class='ocrx_word' id='word_1_641' title='bbox 1971 2510 2182 2559; x_wconf 82' lang='lat' dir='ltr'><strong>Polyaenus</strong></span> <span class='ocrx_word' id='word_1_642' title='bbox 2201 2509 2225 2546; x_wconf 92' lang='lat' dir='ltr'><strong>l.</strong></span> <span class='ocrx_word' id='word_1_643' title='bbox 2245 2521 2306 2546; x_wconf 84' lang='lat' dir='ltr'><strong>vr.</strong></span> <span class='ocrx_word' id='word_1_644' title='bbox 2331 2509 2417 2546; x_wconf 87' lang='lat' dir='ltr'><strong>Plu-</strong></span> 
     </span>
     <span class='ocr_line' id='line_1_93' title="bbox 1439 2560 2420 2612; baseline -0.011 -6"><span class='ocrx_word' id='word_1_645' title='bbox 1439 2568 1585 2605; x_wconf 86' lang='lat' dir='ltr'><strong>tarchus</strong></span> <span class='ocrx_word' id='word_1_646' title='bbox 1613 2568 1651 2604; x_wconf 87' lang='lat' dir='ltr'><strong>in</strong></span> <span class='ocrx_word' id='word_1_647' title='bbox 1670 2563 1862 2612; x_wconf 79' lang='lat' dir='ltr'><strong>Apophth·.</strong></span> <span class='ocrx_word' id='word_1_648' title='bbox 1890 2564 1928 2600; x_wconf 87' lang='lat'>&amp;</span> <span class='ocrx_word' id='word_1_649' title='bbox 1945 2562 2072 2599; x_wconf 80' lang='lat' dir='ltr'><strong>Praec.</strong></span> <span class='ocrx_word' id='word_1_650' title='bbox 2101 2560 2175 2609; x_wconf 90' lang='lat' dir='ltr'><strong>pol.</strong></span> <span class='ocrx_word' id='word_1_651' title='bbox 2205 2560 2319 2597; x_wconf 87' lang='lat' dir='ltr'><strong>Corn.</strong></span> <span class='ocrx_word' id='word_1_652' title='bbox 2340 2560 2420 2596; x_wconf 90' lang='lat' dir='ltr'><strong>Ne-</strong></span> 
     </span>
     <span class='ocr_line' id='line_1_94' title="bbox 1441 2610 2418 2667; baseline -0.01 -11"><span class='ocrx_word' id='word_1_653' title='bbox 1441 2631 1508 2667; x_wconf 91' lang='lat' dir='ltr'><strong>pos</strong></span> <span class='ocrx_word' id='word_1_654' title='bbox 1527 2630 1619 2662; x_wconf 55' lang='lat' dir='ltr'><strong>xm«,</strong></span> <span class='ocrx_word' id='word_1_655' title='bbox 1637 2629 1673 2663; x_wconf 74' lang='grc'><strong>4,</strong></span> <span class='ocrx_word' id='word_1_656' title='bbox 1685 2628 1717 2652; x_wconf 83' lang='lat' dir='ltr'><strong>z.</strong></span> <span class='ocrx_word' id='word_1_657' title='bbox 1737 2615 1802 2652; x_wconf 77' lang='lat' dir='ltr'><strong>Ait</strong></span> <span class='ocrx_word' id='word_1_658' title='bbox 1821 2614 1952 2662; x_wconf 85' lang='lat' dir='ltr'><strong>Nepos</strong></span> <span class='ocrx_word' id='word_1_659' title='bbox 1970 2612 2143 2659; x_wconf 84' lang='lat' dir='ltr'><strong>Jasonem</strong></span> <span class='ocrx_word' id='word_1_660' title='bbox 2161 2619 2334 2659; x_wconf 88' lang='lat' dir='ltr'><strong>tempore</strong></span> <span class='ocrx_word' id='word_1_661' title='bbox 2345 2610 2418 2647; x_wconf 91' lang='lat' dir='ltr'><strong>Ti-</strong></span> 
     </span>
     <span class='ocr_line' id='line_1_95' title="bbox 1442 2659 2424 2714; baseline -0.008 -7"><span class='ocrx_word' id='word_1_662' title='bbox 1442 2669 1586 2707; x_wconf 82' lang='lat' dir='ltr'><strong>mothei</strong></span> <span class='ocrx_word' id='word_1_663' title='bbox 1605 2667 1779 2706; x_wconf 85' lang='lat' dir='ltr'><strong>omnium</strong></span> <span class='ocrx_word' id='word_1_664' title='bbox 1797 2664 2089 2714; x_wconf 75' lang='lat' dir='ltr'><strong>potentissimum</strong></span> <span class='ocrx_word' id='word_1_665' title='bbox 2110 2659 2213 2699; x_wconf 79' lang='lat' dir='ltr'><strong>fuisse</strong></span> <span class='ocrx_word' id='word_1_666' title='bbox 2225 2689 2236 2705; x_wconf 89' lang='lat'>‚</span> <span class='ocrx_word' id='word_1_667' title='bbox 2254 2672 2424 2710; x_wconf 64' lang='lat' dir='ltr'><strong>cumque,</strong></span> 
     </span>
     <span class='ocr_line' id='line_1_96' title="bbox 1443 2711 2424 2757; baseline -0.006 0"><span class='ocrx_word' id='word_1_668' title='bbox 1443 2720 1600 2757; x_wconf 74' lang='lat' dir='ltr'><strong>Athenis</strong></span> <span class='ocrx_word' id='word_1_669' title='bbox 1628 2716 1786 2755; x_wconf 79' lang='lat' dir='ltr'><strong>caussam</strong></span> <span class='ocrx_word' id='word_1_670' title='bbox 1815 2716 1954 2753; x_wconf 88' lang='lat' dir='ltr'><strong>diceret</strong></span> <span class='ocrx_word' id='word_1_671' title='bbox 1972 2713 2224 2756; x_wconf 83' lang='lat' dir='ltr'><strong>Timotheus,</strong></span> <span class='ocrx_word' id='word_1_672' title='bbox 2252 2711 2299 2749; x_wconf 90' lang='lat' dir='ltr'><strong>ad</strong></span> <span class='ocrx_word' id='word_1_673' title='bbox 2329 2723 2424 2751; x_wconf 81' lang='grc'><strong>611111,</strong></span> 
     </span>
     <span class='ocr_line' id='line_1_97' title="bbox 1445 2763 2423 2808; baseline -0.01 0"><span class='ocrx_word' id='word_1_674' title='bbox 1445 2769 1726 2808; x_wconf 89' lang='lat' dir='ltr'><strong>defendendum</strong></span> <span class='ocrx_word' id='word_1_675' title='bbox 1746 2765 1894 2805; x_wconf 86' lang='lat' dir='ltr'><strong>veniffe.</strong></span> <span class='ocrx_word' id='word_1_676' title='bbox 1947 2765 2053 2804; x_wconf 90' lang='lat' dir='ltr'><strong>Idem</strong></span> <span class='ocrx_word' id='word_1_677' title='bbox 2073 2775 2160 2806; x_wconf 77' lang='lat' dir='ltr'>XVI,</span> <span class='ocrx_word' id='word_1_678' title='bbox 2180 2776 2214 2807; x_wconf 73' lang='grc' dir='ltr'><strong>ς,</strong></span> <span class='ocrx_word' id='word_1_679' title='bbox 2237 2775 2267 2800; x_wconf 92' lang='grc'><strong>1.</strong></span> <span class='ocrx_word' id='word_1_680' title='bbox 2295 2763 2333 2799; x_wconf 85' lang='lat'>&amp;</span> <span class='ocrx_word' id='word_1_681' title='bbox 2351 2769 2423 2804; x_wconf 46' lang='lat' dir='ltr'><strong>ffl-</strong></span> 
     </span>
     <span class='ocr_line' id='line_1_98' title="bbox 1446 2811 2425 2866; baseline -0.008 -9"><span class='ocrx_word' id='word_1_682' title='bbox 1446 2819 1603 2857; x_wconf 78' lang='lat' dir='ltr'><strong>Iexanclri</strong></span> <span class='ocrx_word' id='word_1_683' title='bbox 1620 2820 1784 2862; x_wconf 76' lang='lat' dir='ltr'><strong>Pheraei,</strong></span> <span class='ocrx_word' id='word_1_684' title='bbox 1806 2818 2042 2866; x_wconf 86' lang='lat' dir='ltr'><strong>pluriumque</strong></span> <span class='ocrx_word' id='word_1_685' title='bbox 2061 2811 2272 2852; x_wconf 75' lang='lat' dir='ltr'><strong>Thessaliae</strong></span> <span class='ocrx_word' id='word_1_686' title='bbox 2297 2820 2425 2861; x_wconf 65' lang='lat' dir='ltr'><strong>tyran-</strong></span> 
     </span>
     <span class='ocr_line' id='line_1_99' title="bbox 1450 2864 2425 2920; baseline -0.009 -11"><span class='ocrx_word' id='word_1_687' title='bbox 1450 2883 1586 2910; x_wconf 89' lang='lat' dir='ltr'><strong>norum</strong></span> <span class='ocrx_word' id='word_1_688' title='bbox 1602 2899 1611 2915; x_wconf 93' lang='lat'>‚</span> <span class='ocrx_word' id='word_1_689' title='bbox 1648 2871 1668 2909; x_wconf 72' lang='lat' dir='ltr'><strong>a</strong></span> <span class='ocrx_word' id='word_1_690' title='bbox 1698 2870 1827 2920; x_wconf 87' lang='lat' dir='ltr'><strong>quibus</strong></span> <span class='ocrx_word' id='word_1_691' title='bbox 1853 2866 2046 2907; x_wconf 77' lang='lat' dir='ltr'><strong>Thessalos</strong></span> <span class='ocrx_word' id='word_1_692' title='bbox 2070 2865 2223 2902; x_wconf 85' lang='lat' dir='ltr'><strong>liberare</strong></span> <span class='ocrx_word' id='word_1_693' title='bbox 2250 2864 2425 2902; x_wconf 86' lang='lat' dir='ltr'><strong>studuerit</strong></span> 
     </span>
     <span class='ocr_line' id='line_1_100' title="bbox 1451 2914 2424 2971; baseline -0.009 -10"><span class='ocrx_word' id='word_1_694' title='bbox 1451 2922 1668 2971; x_wconf 86' lang='lat' dir='ltr'><strong>Pelopidas,</strong></span> <span class='ocrx_word' id='word_1_695' title='bbox 1689 2921 1925 2958; x_wconf 87' lang='lat' dir='ltr'><strong>mentionem</strong></span> <span class='ocrx_word' id='word_1_696' title='bbox 1949 2918 2046 2955; x_wconf 87' lang='lat' dir='ltr'><strong>facit.</strong></span> <span class='ocrx_word' id='word_1_697' title='bbox 2072 2915 2269 2954; x_wconf 82' lang='lat' dir='ltr'><strong>VORST.</strong></span> <span class='ocrx_word' id='word_1_698' title='bbox 2299 2914 2424 2953; x_wconf 63' lang='lat' dir='ltr'><strong>Oeco-</strong></span> 
     </span>
     <span class='ocr_line' id='line_1_101' title="bbox 1455 2964 2424 3017; baseline -0.009 -6"><span class='ocrx_word' id='word_1_699' title='bbox 1455 2974 1576 3011; x_wconf 88' lang='lat' dir='ltr'><strong>decim</strong></span> <span class='ocrx_word' id='word_1_700' title='bbox 1606 2973 1715 3012; x_wconf 90' lang='lat' dir='ltr'><strong>MSS.</strong></span> <span class='ocrx_word' id='word_1_701' title='bbox 1741 2970 1900 3010; x_wconf 76' lang='lat' dir='ltr'><strong>Phedreo.</strong></span> <span class='ocrx_word' id='word_1_702' title='bbox 1932 2969 2066 3017; x_wconf 82' lang='lat' dir='ltr'><strong>Ultraj.</strong></span> <span class='ocrx_word' id='word_1_703' title='bbox 2090 2967 2197 3015; x_wconf 87' lang='lat' dir='ltr'><strong>prim.</strong></span> <span class='ocrx_word' id='word_1_704' title='bbox 2227 2964 2424 3003; x_wconf 69' lang='lat' dir='ltr'><strong>Phaedrim.</strong></span> 
     </span>
     <span class='ocr_line' id='line_1_102' title="bbox 1456 3015 2425 3070; baseline -0.012 -6"><span class='ocrx_word' id='word_1_705' title='bbox 1456 3024 1528 3065; x_wconf 83' lang='lat' dir='ltr'><strong>Sed</strong></span> <span class='ocrx_word' id='word_1_706' title='bbox 1550 3025 1665 3066; x_wconf 29' lang='lat' dir='ltr'><strong>Lei-d..</strong></span> <span class='ocrx_word' id='word_1_707' title='bbox 1685 3024 1770 3064; x_wconf 77' lang='grc'><strong>16111.</strong></span> <span class='ocrx_word' id='word_1_708' title='bbox 1798 3022 1892 3063; x_wconf 83' lang='lat' dir='ltr'><strong>clare</strong></span> <span class='ocrx_word' id='word_1_709' title='bbox 1911 3028 1952 3061; x_wconf 81' lang='grc'><strong>111</strong></span> <span class='ocrx_word' id='word_1_710' title='bbox 1979 3019 2146 3070; x_wconf 77' lang='lat' dir='ltr'><strong>oportuit</strong></span> <span class='ocrx_word' id='word_1_711' title='bbox 2163 3016 2330 3060; x_wconf 60' lang='lat' dir='ltr'><strong>Pheraeo,</strong></span> <span class='ocrx_word' id='word_1_712' title='bbox 2357 3015 2425 3057; x_wconf 70' lang='lat' dir='ltr'><strong>nisi</strong></span> 
     </span>
    </p>
   </div>
   <div class='ocr_carea' id='block_1_29' title="bbox 2326 3066 2437 3117">
    <p class='ocr_par' dir='ltr' id='par_1_30' title="bbox 2326 3066 2437 3117">
     <span class='ocr_line' id='line_1_103' title="bbox 2326 3066 2437 3117; baseline 0.018 -13"><span class='ocrx_word' id='word_1_713' title='bbox 2326 3066 2437 3117; x_wconf 62' lang='lat' dir='ltr'><strong>quoda</strong></span> 
     </span>
    </p>
   </div>
   <div class='ocr_carea' id='block_1_30' title="bbox 2497 0 2516 71">
    <p class='ocr_par' dir='ltr' id='par_1_31' title="bbox 2497 0 2516 71">
     <span class='ocr_line' id='line_1_104' title="bbox 2497 0 2516 71; textangle 90"><span class='ocrx_word' id='word_1_714' title='bbox 2497 38 2516 71; x_wconf 57' lang='lat'><strong>*⁴2</strong></span> <span class='ocrx_word' id='word_1_715' title='bbox 2497 0 2516 32; x_wconf 46' lang='grc' dir='ltr'><em>Ἄ</em></span> 
     </span>
    </p>
   </div>
  </div>
 </body>
</html>
