2516 3509
273 103 448 182 '375
919 85 1351 146 EPIT

1444 83 1790 146 OME

340 203 561 260 Silvium,
605 195 868 262 Agrippam
903 189 1131 246 Silvium3
1181 184 1540 252 posterioresque
1573 185 1711 235 duces
1745 188 1951 236 Metium
1986 187 2263 251 Suffenum,
2298 188 2349 238 &t

341 292 356 324 5
394 282 629 342 Tutorem
665 275 900 323 Cloelium
922 283 1138 320 vocatos.

1210 268 1319 314 Nec
1355 266 1563 314 contenti
1598 267 1667 314 his
1699 267 1755 314 ad
1791 269 1978 318 Sabinos
2012 270 2352 336 transgrediun-

339 371 444 420 tur,
495 360 543 406 &
578 359 747 405 Titum
783 353 1008 411 Tatium,
1052 350 1264 397 Numam
1300 346 1616 409 Pompilium,
1651 346 1700 392 ὃς
1736 361 1907 410 patrem
1940 350 2034 410 ejus
2071 346 2092 375 ⁶
2117 351 2349 413 Pompum

341 441 656 506 Pompilium5
696 439 790 502 ejus
824 435 1020 498 denique
1052 429 1250 495 regionis
1286 427 1515 491 principes
1550 440 1813 474 enumerant
1834 461 1850 486 ,
1884 434 1902 465 7
1937 429 2224 476 Pirtilianum
2259 431 2351 477 La-

343 522 542 570 vianium
573 555 587 580 ,
632 516 651 546 8
699 515 919 565 Volesum
967 509 1240 568 Valesium,
1289 507 1494 554 Metium
1545 506 1805 564 Curtium,
1855 505 2012 551 Allum
2047 507 2352 556 Funnifillati-

343 613 468 645 CUm.

543 602 563 633 9
601 594 675 640 Ex
709 590 875 638 Tuscis
908 590 1100 635 recitant
1123 621 1138 646 ,
1187 587 1375 632 Lartem
1412 583 1716 641 Porsennam3
1752 584 1808 631 ab
1847 584 2110 646 Aequicolis
2136 620 2151 644 ‚
2199 588 2354 651 Septi.»

345 692 474 723 mum
511 671 730 720 Modium
768 670 970 733 primum
1006 682 1160 730 regem
1195 679 1354 710 eorum
1377 697 1391 722 ,
1428 662 1722 710 &Sertorem
1748 662 1965 723 Rcfium‚
2005 670 2045 690 ιο
2069 666 2145 727 qui
2180 668 2354 729 primus

351 757 420 819 jus
455 752 612 799 feciale
648 750 860 796 instituit.
929 749 984 794 In
1019 747 1144 792 hunc
1179 742 1371 790 modum
1410 742 1627 789 Varronis
1662 741 1878 789 sententia
1909 743 2152 790 subruitur,

415 833 656 879 Romanos
702 843 855 875 autem
898 826 1206 873 arbitrandum
1253 821 1316 868 est
1351 823 1549 867 maxime
1592 821 1646 867 ab
1685 820 1871 866 Albanis
1905 820 1952 867 &
1989 821 2164 869 Sabinis
2202 825 2355 872 multi-

351 914 670 984 plicandorum
706 912 948 959 nominum
985 905 1362 956 consuetudinem
1399 903 1608 951 traxisse:
1657 904 1873 969 qnoniam
1910 903 1964 950 ab
1996 903 2080 950 filis
2117 907 2206 952 orti
2241 906 2357 955 sunt·

354 1124 593 1176 tiquiffirnas,
623 1125 660 1163 ὅ(
680 1123 915 1162 nobilissimas
945 1122 1026 1161 fuit.
1056 1120 1141 1160 Post
1164 1119 1329 1171 Sylviam

357 1179 497 1214 etenim
531 1178 568 1227 in
600 1177 804 1215 Numitore
840 1174 1077 1212 deficientem
1121 1173 1198 1220 ejus
1230 1171 1333 1220 regni

358 1229 607 1277 principatum
630 1230 666 1265 ὃ(
686 1225 934 1275 gubernacula
956 1225 1076 1263 tenuit
1098 1224 1161 1260 sub
1183 1224 1336 1266 Numa,

358 1285 396 1317 cx*
422 1281 538 1317 Tullo
567 1278 728 1318 Hostilio
757 1279 919 1327 regibus3
959 1279 995 1315 ὅ(
1026 1276 1180 1313 demum
1210 1273 1305 1311 Alba
1323 1301 1333 1318 ‚

359 1330 423 1369 sub
444 1331 602 1368 Suffetio
630 1330 811 1368 dictatore
840 1328 982 1372 diruta,
1010 1326 1146 1365 Cloelii
1168 1327 1335 1363 Romam

362 1381 383 1419 ὲ
417 1383 534 1420 Tullo
567 1393 653 1430 rege
688 1392 775 1418 cum
805 1379 912 1419 omni
942 1380 1010 1416 alia
1043 1377 1236 1415 nobilitate
1266 1385 1337 1414 tra-

364 1432 467 1470 ducii
504 1434 614 1471 etiam
652 1433 764 1476 sunt,
811 1440 921 1480 atque
955 1430 1049 1468 inter
1081 1437 1200 1477 patres
1227 1426 1337 1471 ledii,

364 1485 465 1522 Sicut
479 1485 606 1522 Livius
620 1513 629 1528 ,
648 1481 851 1532 Dionysius
869 1483 906 1519 &
920 1480 979 1519 alii
997 1481 1176 1529 scripsere.
1198 1479 1339 1516 PIGH.

367 1536 478 1573 Leid.
520 1545 602 1573 tert.
644 1536 819 1571 cleolmm.
858 1532 962 1570 Harl.
995 1532 1167 1579 Cleofium.
1205 1529 1340 1580 UltraJ.

364 1587 474 1636 prim.
503 1587 630 1624 &Pan
659 1587 765 1634 prim.
793 1586 946 1621 Clelium.
972 1584 1084 1621 ceteri
1102 1581 1267 1619 Clodium.

417 1639 452 1674 6.
482 1640 673 1686 Pompejum
689 1634 906 1687 Pompilium]
938 1636 986 1673 V.
1004 1647 1036 1672 c.
1068 1641 1221 1683 Pompum
1245 1636 1339 1669 Pom-

363 1689 498 1737 pilium.
550 1690 591 1726 In
623 1689 761 1732 Livio,
801 1686 1011 1734 Dionysio,
1049 1685 1204 1723 Valerio
1235 1685 1340 1721 Max.

368 1747 512 1788 patrem
538 1741 690 1777 Numae
722 1739 815 1786 regis
840 1738 1082 1785 Pomponem
1110 1735 1340 1783 Pompilium

2113 989 2147 1010 ¹¹
2189 986 2364 1034 Omnia

1387 1120 1576 1157 Graecum
1604 1117 1693 1156 illud
1720 1129 1864 1155 nomen
1885 1121 2005 1158 Laius.
2034 1117 2226 1154 Lauranius
2263 1117 2363 1166 apud

1387 1170 1535 1219 Quintil
1577 1171 1622 1207 L.
1653 1182 1708 1207 xx.
1737 1169 1869 1218 p.618.
1900 1177 1990 1205 extr.
2017 1168 2261 1206 PERIZON.
2282 1169 2363 1208 Par.

1388 1224 1496 1271 prim.
1530 1223 1744 1269 Postulanum
1772 1225 1987 1256 Lauzanum.
2017 1220 2118 1256 Harl.
2161 1220 2228 1257 Bit.
2253 1221 2364 1268 prim.

1387 1275 1594 1310 Putolanum
1616 1277 1821 1308 Lauranum.
1843 1269 1947 1308 Leid.
1973 1270 2090 1320 quint.
2120 1271 2206 1307 sext.
2227 1271 2361 1321 Ultraj.

1389 1326 1495 1373 prim.
1523 1326 1733 1360 Putulanum
1764 1327 1968 1359 Lauranum.
2008 1321 2115 1359 Leid.
2143 1330 2225 1360 tert.
2257 1326 2363 1360 Pum-

1387 1379 1503 1412 lanum
1535 1378 1736 1422 Lausanum.

1440 1428 1474 1464 8.
1504 1427 1671 1473 Volefium
1705 1422 1911 1473 Valentium]
1947 1424 1997 1461 V.
2031 1435 2062 1460 c.
2104 1424 2259 1468 Volesum
2291 1427 2363 1459 Va-

1390 1479 1543 1526 lenfium.
1603 1478 1840 1515 Praenomen
1877 1477 1952 1513 hoc
1985 1482 2083 1512 extat
2108 1475 2155 1510 ita
2185 1486 2368 1524 quoque,

1395 1532 1547 1577 Volesus.
1573 1529 1610 1565 in
1640 1527 1878 1577 antiquissimi
1897 1526 2048 1564 termini
2067 1527 2270 1563 marmorei
2296 1526 2367 1564 fra·

1391 1591 1550 1629 gmento
1575 1581 1724 1618 Romae
1753 1579 1850 1628 apud
1879 1576 2068 1615 iiiaffeios.

1500 1683 1538 1720 P.
1570 1675 1764 1720 VALESWS.
1793 1693 1940 1719 vom-251.
1970 1693 2000 1718 F.
2031 1691 2258 1717 POPLICOLA.

367 1790 591 1839 appellatum
614 1790 793 1838 legimus,
813 1788 1057 1826 inPlutarcho
1078 1795 1203 1824 autem
1227 1786 1341 1822 Pom·
1393 1786 1538 1823 Verum
1581 1785 1617 1821 in
1653 1783 1900 1820 marmoribus
1928 1782 2146 1830 Capitolinis
2162 1810 2170 1825 ,
2211 1784 2374 1829 Wlufiff.

364 1842 525 1889 ponium
548 1840 789 1889 Pompilium.
841 1841 969 1887 Atque
997 1838 1089 1875 haec
1116 1837 1273 1874 varietas
1300 1835 1342 1872 li·
1396 1848 1473 1873 non
1500 1838 1652 1882 Volesus,
1681 1835 1852 1871 scribitur.
1891 1834 2050 1871 Priscum
2076 1832 2183 1872 valde
2204 1834 2240 1869 in
2264 1834 2366 1870 Sabi·

364 1892 573 1930 brariorum
604 1891 851 1941 negligentiae
877 1887 1096 1937 imputanda
1117 1888 1177 1925 est.
1233 1887 1343 1923 Cere·
1397 1888 1450 1924 nis
1473 1888 1561 1929 fuit,
1586 1888 1623 1923 ὃς
1644 1885 1744 1934 genti
1768 1885 1948 1931 Valefiae,
1984 1896 2080 1934 quae
2109 1884 2242 1920 deinde
2276 1887 2371 1921 Vtile.

369 1956 452 1981 rum
486 1943 740 1992 praenominis
773 1940 916 1991 antiqui
944 1941 1107 1977 formam
1145 1938 1260 1985 magis
1290 1948 1346 1974 re·
1397 1954 1449 1975 rra
1480 1934 1575 1975 diei-a
1599 1937 1669 1980 est,
1699 1935 1757 1972 vel
1785 1945 1870 1972 ante
1897 1937 2062 1972 Romam
2091 1935 2282 1972 conditam
2313 1938 2366 1973 fa-

371 1996 491 2032 tinent
520 1995 578 2032 illa
602 2023 612 2040 ‚
647 1995 837 2042 Pompus,
874 1990 934 2029 vel
966 1991 1148 2039 Pompo:
1193 1989 1345 2026 tertium
1401 1989 1565 2026 miliare:
1603 2000 1679 2036 quo
1714 1988 1803 2023 irem
1835 1987 1913 2022 usus
1936 1987 1983 2022 est
2014 1986 2122 2034 primi
2152 1986 2367 2033 Poplicolae

373 2047 609 2094 Pomponius
631 2072 641 2088 ‚
684 2044 909 2093 gentilitium
946 2054 1090 2080 nomen
1123 2040 1245 2090 potius
1277 2039 1348 2083 est,
1400 2049 1514 2089 parer.
1571 2040 1671 2076 Hinc
1701 2045 1850 2085 apparet
1879 2037 2040 2084 primum
2068 2038 2217 2084 Volesos,
2246 2038 2371 2085 postea

375 2109 488 2147 quarn
522 2108 765 2147 praenomen.
802 2093 942 2132 PIGH.
1403 2094 1545 2137 Volusos
1573 2089 1689 2127 dielos
1711 2086 1781 2125 effe
1805 2088 1977 2134 Valefios:
2002 2087 2132 2126 &hoc
2161 2089 2248 2125 loco
2281 2089 2372 2125 Vole-

429 2160 461 2187 7.
493 2150 703 2185 Pisttlianum
726 2143 940 2193 Lamianum]
969 2143 1012 2180 ln
1033 2141 1248 2192 quibusdam
1272 2152 1349 2177 ma·
1395 2146 1471 2192 sum
1502 2142 1671 2188 Valefium
1707 2139 1907 2187 legendnm
1939 2137 2019 2176 effe.
2079 2140 2154 2176 Hic
2180 2141 2281 2176 enim
2313 2140 2372 2177 ilie

376 2200 586 2247 nuscriptis‚
613 2200 831 2235 Pirtt'lianum
853 2197 1059 2232 Laviam'um
1083 2221 1094 2236 ,
1133 2194 1169 2229 in
1199 2191 1354 2230 Sambu-
1406 2194 1550 2231 videtur
1578 2190 1648 2229 effe
1682 2192 1849 2239 princeps
1883 2191 2000 2238 gentis
2033 2193 2208 2232 Valeriae,
2258 2203 2372 2239 quem

377 2250 410 2288 ci
438 2250 532 2289 libro
563 2252 778 2298 Postulanum
808 2248 998 2284 Lavianum
1033 2244 1226 2281 habemus.
1283 2242 1354 2280 Sed
1407 2257 1491 2282 curn
1523 2246 1574 2282 T.
1608 2243 1725 2282 Tatio
1755 2253 1840 2290 rege
1872 2243 2036 2278 Romam
2067 2240 2276 2278 transtuliffe
2310 2243 2377 2280 010⁴

382 2313 504 2352 aeque
531 2302 681 2339 Obscura
709 2301 825 2343 hat-‘Q
854 2299 1002 2339 immo,
1033 2304 1074 2332 ut
1095 2295 1218 2332 Verrii
1250 2293 1355 2331 Flac·
1407 2295 1588 2334 micilium
1613 2323 1623 2339 ‚
1658 2292 1807 2331 tradunt
1838 2293 2040 2341 Dionysius
2070 2291 2307 2330 Halicarnasi.
2339 2296 2378 2331 ὃς

381 2364 422 2390 ci
455 2353 573 2390 verbis
613 2352 735 2390 dicam
758 2380 767 2395 ,
812 2351 1057 2387 intermortua
1085 2375 1094 2390 ‚
1144 2347 1181 2383 δε
1218 2345 1354 2394 sepulta

384 2404 462 2452 jam
495 2405 576 2442 sunt
602 2402 794 2441 vocabula.
823 2401 992 2437 PlGH.
1029 2399 1262 2434 Pirtillianum
1291 2400 1356 2432 La-

387 2457 540 2493 vianum.
581 2455 766 2502 Corrupta
794 2452 886 2488 haec
917 2451 998 2487 MS.
1023 2450 1235 2486 Pacilianam
1267 2452 1357 2483 Lau.

384 2520 518 2544 ranum.
570 2504 743 2543 Sambuci
779 2501 870 2539 liber
909 2501 1122 2547 Postulanum
1154 2501 1359 2535 Laxianum.

390 2556 432 2594 F.
464 2559 624 2594 Petillum
657 2557 839 2599 Lajanium
862 2580 872 2595 ‚
908 2551 969 2588 vel
1008 2551 1228 2586 Paetulanum
1259 2553 1361 2596 Laja-

394 2610 500 2647 nium.
543 2609 691 2646 Notum
719 2606 767 2643 est
794 2603 960 2641 librarios
988 2601 1093 2648 saepe
1124 2599 1266 2637 duobus
1295 2612 1362 2637 no-

398 2660 560 2698 minibus
594 2655 728 2696 dediffe
765 2653 939 2693 eamdem
970 2652 1134 2689 formam
1156 2678 1166 2694 ,
1198 2650 1246 2687 fic
1277 2661 1363 2688 cum

396 2712 612 2750 invenirent
647 2710 851 2751 Laianium,
885 2703 1058 2742 videntur
1085 2713 1130 2739 ex
1160 2703 1284 2738 Petilio
1312 2710 1366 2739 et-

396 2763 473 2800 iam
508 2760 631 2800 fecisse
664 2760 882 2796 Petillanum.
927 2752 1014 2792 effet
1052 2760 1176 2790 autem
1207 2754 1365 2789 Paetula-

399 2828 461 2851 ms
486 2842 496 2858 ,
537 2822 576 2850 ut
610 2812 791 2850 Vibulanus
828 2820 849 2846 a
878 2809 980 2843 Paeto
1007 2802 1104 2842 unde
1131 2814 1218 2852 gens
1251 2805 1369 2840 Paeti-

395 2867 462 2902 Iia.
514 2864 678 2900 Fuerunt
707 2870 834 2899 autem
862 2857 982 2895 multa
1019 2856 1096 2904 ejus
1125 2857 1271 2892 formae
1300 2866 1370 2892 no-

405 2917 528 2959 mina,
552 2924 591 2951 ut
612 2921 712 2961 patet
731 2924 776 2949 ex
795 2908 964 2960 gentibus
983 2905 1136 2944 Pedania
1149 2908 1220 2949 &c
1247 2905 1294 2942 fic
1308 2909 1372 2942 La-

1405 2347 1631 2385 Plutarchus.
1682 2345 1880 2381 Proximus
1904 2344 2030 2387 locus,
2065 2345 2202 2380 „Altum
2231 2346 2380 2391 snmus?-

1408 2401 1574 2435 leaeicum.
1611 2396 1700 2434 nihil
1735 2395 1844 2432 habet
1886 2391 1998 2432 sanis
2026 2395 2066 2432 In
2100 2392 2199 2431 v.⁴c.
2242 2398 2377 2435 &illum

1408 2444 1685 2497 Fumiifilaticum
1735 2446 1904 2493 Suspicor
1931 2446 2023 2482 duos
2050 2444 2110 2482 hic
2134 2447 2322 2484 nominari
2344 2449 2382 2484 ὃ(

1411 2501 1545 2539 adduci
1573 2512 1640 2549 pro
1671 2498 1870 2546 exemplo,
1903 2497 2036 2533 scilicet
2063 2499 2309 2544 praenomine
2341 2500 2378 2535 ὃς

1412 2553 1580 2590 nomine.
1620 2551 1735 2591 tAllus
1766 2550 1864 2586 enim
1885 2559 2114 2596 praenomen
2134 2549 2289 2595 priscum
2314 2549 2384 2594 est,

1415 2604 1515 2642 unde
1535 2614 1625 2652 gens
1646 2602 1761 2643 ιΛὶίὶα
1782 2609 2004 2647 nuncupata.
2049 2600 2299 2646 Reperiuntur
2319 2612 2382 2638 ve-

1417 2655 1593 2692 tustiffimi
1621 2652 1770 2690 nummi
1791 2651 1955 2699 argentei
1983 2662 2068 2688 cum
2088 2651 2271 2698 Apollinis
2292 2652 2389 2700 capi-

1417 2715 1478 2748 te,
1516 2707 1554 2744 &
1582 2705 1663 2753 biga
1696 2704 1842 2741 Dianae
1865 2730 1874 2746 ‚
1904 2714 2017 2751 quam
2045 2702 2144 2739 cervi
2165 2702 2286 2751 juncti
2312 2710 2385 2739 tra-

1417 2758 1535 2801 hunt,
1562 2756 1735 2803 inscripto
1762 2753 1872 2790 ritulo
1902 2765 1938 2791 c.
1964 2765 2069 2790 Atti.
2120 2753 2178 2789 Sic
2208 2754 2319 2790 etiam
2343 2754 2388 2791 ab

1421 2810 1532 2848 Aulo
1568 2806 1815 2855 praenomine
1844 2815 1932 2852 gens
1958 2807 2084 2845 vraha
2112 2816 2254 2841 nomen
2283 2817 2389 2842 acce-

1422 2861 1497 2908 pit,
1524 2868 1637 2908 atque
1664 2857 1756 2895 aliae
1785 2855 1923 2892 multae
1954 2856 1998 2893 ab
2026 2856 2112 2892 aliis.
2155 2855 2232 2892 Nisi
2263 2856 2390 2893 fortas-

1421 2911 1458 2948 se
1485 2910 1663 2959 quispiam
1690 2909 1752 2946 hic
1777 2909 1910 2943 Tallum
1936 2909 2121 2943 Turanium
2148 2906 2280 2944 adferri
2302 2906 2387 2943 velit

394 2970 513 3018 janius
541 2965 588 3002 est
608 2975 751 3001 nornen
769 2962 887 3011 gentis
908 2972 927 2997 a
948 2961 1101 3002 Lajano,
1132 2958 1169 2994 &
1188 2957 1263 2995 hoc
1287 2968 1375 2994 ean-
1426 2962 1570 3010 opinari
1592 2989 1602 3006 ,
1645 2972 1757 3009 quem
1799 2959 1910 2996 etiam
1949 2970 2035 2996 curn
2075 2958 2126 2996 T.
2150 2958 2266 2996 Tatio
2302 2967 2388 3004 rege

409 3018 498 3060 aem
534 3015 644 3056 habet
672 3015 857 3066 originem
895 3022 939 3051 ac
971 3011 1068 3051 Laia
1102 3017 1203 3063 gens..

1264 3007 1377 3047 Forte
1428 3014 1596 3057 Romam
1637 3010 1658 3050 ὲ
1684 3010 1822 3050 Sabinis
1859 3009 2066 3049 habitatum
2097 3008 2215 3047 scribit
2241 3008 2389 3054 Diony-

2326 3058 2403 3104 sies
