2516 3509
447 76 566 133 DE
629 74 1051 136 PIETATE
1114 83 1220 143 IN
1284 39 1807 150 PARENTES.
1994 92 2103 166 469

112 210 166 246 tu
198 188 355 240 mortis
390 184 606 233 refertum
629 217 646 244 ,
688 197 843 232 totum
877 185 959 234 fibi
994 191 1134 254 pietas
1167 195 1456 244 vacuefecit:
1502 198 1724 264 uniusque
1753 201 1950 265 parentis
1983 200 2105 266 aspe-

113 276 210 324 &us
241 268 414 318 bellum
449 277 581 313 atrox
611 262 786 311 salutari
821 281 931 328 pace
966 273 1173 320 mutavit.

179 348 352 399 Eadem
388 345 528 410 pietas
561 342 731 390 viribus
765 342 848 391 suis
886 345 1220 398 inflammatum
1267 351 1536 400 Africanum
1567 352 1842 417 superiorem
1864 390 1879 415 ‚
1926 365 1964 385 ¹²
2003 359 2104 407 vix-
2198 354 2231 392 z:

113 433 224 480 dum
269 443 406 475 annos
449 424 716 486 puerilitatis
759 425 978 489 egressum
1012 463 1028 488 ‚
1080 430 1135 478 ad
1178 447 1314 495 opem
1358 422 1491 495 patri·
1524 432 1571 478 in
1604 434 1701 479 acie
1734 433 1961 484 ferendam
1997 440 2102 486 viri-
2119 457 2202 486 Ann.
2227 453 2297 490 uxb.

118 512 148 559 li
193 511 357 560 robore
400 510 603 556 armavit.
672 509 917 556 Consulem
960 513 1082 559 enim
1131 529 1238 559 eum
1287 519 1327 550 ¹3
1375 513 1497 576 apud
1531 513 1755 559 Ticinum
1793 512 1986 562 fluvium
2029 517 2103 564 ad·
2126 498 2315 573 {ii'fiiiif

116 592 250 643 versis
293 593 497 658 auspiciis
541 608 648 639 cum
694 593 916 640 Annibale
961 607 1243 658 pugnantem
1279 597 1476 659 graviter
1520 596 1718 644 saucium
1753 599 1997 646 intercess'u
2031 599 2108 646 suo
2125 589 2194 652 §J
2218 593 2290 652 Ῠξῐ,

118 672 350 721 servavit:
396 687 541 736 neque
581 670 708 716 illum
762 684 840 717 aut
896 673 1050 718 aetatis
1104 671 1341 719 infirmitas
1370 708 1386 733 ,
1434 686 1511 720 aut
1565 675 1751 723 militiae
1805 678 2069 724 tirocinium
2094 662 2298 739 ’gie-benef.

122 765 197 800 aut
244 749 434 796 infelicis
478 750 637 815 proelii
679 749 815 794 etiam
858 764 1068 796 veterano
1113 750 1320 797 bellatori
1363 751 1744 814 pertimescendus
1792 755 1940 801 exitus
1974 756 2110 801 inter—

123 826 286 889 pellare
320 824 489 883 valuit,
525 842 617 887 quo
652 828 798 875 minus
850 834 888 865 ¹⁴⁴³
919 826 1093 889 duplici
1126 826 1273 890 gloria
1306 828 1579 891 conspicuus
1613 846 1855 890 coronam,
1897 840 1930 866 '⁵
1968 833 2113 895 impe-

126 1044 215 1083 bent
226 1050 265 1083 V
262 1044 429 1084 erecundia
449 1060 513 1082 nen
534 1043 745 1082 detrefiandi.
759 1044 871 1091 Quasi
887 1043 998 1082 vellet
1011 1073 1021 1089 ,
1032 1057 1098 1093 pu-

129 1096 243 1133 duiffe
263 1099 364 1135 illum
388 1099 465 1145 jam
482 1124 492 1139 ‚
519 1096 623 1146 quod
652 1095 738 1132 illud
758 1096 995 1132 ministerium
1019 1108 1097 1133 non

133 1146 425 1191 detrettaverat‚
454 1146 514 1183 sibi
554 1147 700 1194 imponi
730 1145 869 1183 siverat.
921 1147 1097 1183 Praefero

130 1197 251 1246 prius,
279 1210 321 1235 ac
340 1199 451 1245 longe
468 1197 633 1246 quidem.
687 1198 786 1234 Nam
806 1199 832 1234 is
854 1197 971 1234 sensus
992 1197 1099 1235 vide-

133 1254 193 1284 tur
212 1249 391 1296 postulare
409 1247 594 1284 detrettati.
623 1248 672 1283 Et
691 1247 799 1284 debet
826 1246 896 1284 effe
919 1259 1100 1285 verecun-

133 1298 213 1342 dia,
246 1311 339 1348 quae
361 1299 432 1335 sola
455 1299 591 1346 pietate
611 1309 694 1345 erga
714 1307 905 1345 parentem
929 1299 1098 1335 vincitur.

129 1349 262 1396 ,Qualis
285 1350 333 1387 est
353 1349 472 1397 pudor
491 1350 648 1385 oriturus
678 1359 722 1384 ex
744 1360 813 1391 eo,
836 1348 940 1397 quod
961 1350 997 1385 in
1019 1360 1100 1397 gra-

132 1400 223 1436 tiam
245 1400 368 1437 matris
399 1399 520 1448 abjicit
546 1399 747 1446 susceptum
776 1399 1013 1436 ministerium
1030 1428 1039 1443 ,
1062 1401 1099 1437 &

135 1450 328 1487 victoriam
345 1462 478 1499 ,quain
501 1450 536 1485 in
558 1449 725 1486 manibus
744 1450 879 1486 habere
893 1450 1100 1495 videbatur,

134 1501 281 1538 amittit.
339 1502 456 1539 Porro
485 1500 626 1548 aliquot
664 1500 781 1548 scripti
815 1500 950 1538 habent
988 1500 1101 1538 detra-

129 1549 252 1589 Hand).

190 1615 243 1640 11.
267 1602 380 1638 Pacius
399 1614 487 1638 metu
507 1603 621 1637 mortis
645 1601 818 1650 refertum]
850 1603 1097 1640 Metuendum

139 1653 237 1689 enim
271 1661 369 1695 erat,
396 1664 466 1695 ne,
495 1652 519 1688 si
549 1652 675 1689 urbem
708 1664 922 1701 oppugnare
957 1654 1098 1690 defiste-

138 1711 216 1747 ret,
233 1703 274 1740 ab
297 1702 376 1750 ipsis
398 1703 484 1745 illis,
499 1714 661 1751 quorum
683 1704 886 1752 imperator
909 1712 984 1740 erat
1003 1704 1098 1740 Vol-

135 1753 224 1798 scis,
254 1754 536 1790 interimeretur.
592 1754 726 1791 Cicero
756 1755 793 1791 in
815 1753 948 1791 Laelio
978 1755 1093 1802 ipsum

136 1802 200 1841 fibi
246 1811 409 1841 mortem
452 1801 663 1840 conscivisse
702 1804 829 1842 scribit.
868 1806 900 1840 V
917 1806 1096 1843 ORST.

138 1854 292 1902 Guyeto
311 1867 398 1890 metu
417 1857 531 1890 mortis
545 1882 555 1897 ‚
582 1854 773 1891 videbatur
791 1855 997 1892 insiticium.
1025 1856 1097 1893 Sed

136 1903 231 1941 bene
262 1905 432 1952 explicuit
459 1905 647 1947 Vorstius3
664 1906 714 1948 ,δε
739 1907 857 1943 nullus
880 1907 1096 1955 scriptorum

139 1955 311 1991 codicum
334 1956 427 1992 istius
448 1955 506 1991 vel
526 1956 723 1992 minimum
745 1957 844 1994 favet
863 1957 1062 2004 suspicioni.

191 2017 245 2042 12.
274 2009 346 2041 Vix
363 2004 439 2040 dum
457 2021 557 2041 annos
571 2006 754 2055 pubertatis
778 2008 968 2057 ingressum]
992 2008 1099 2044 Prae-

139 2054 222 2091 fero
250 2055 392 2091 calculis
424 2057 594 2093 omnibus
624 2057 869 2093 Wincheliani
909 2069 950 2094 ac
981 2058 1098 2095 Colo-

138 2104 270 2142 nienfis
300 2106 513 2152 exemplaris
543 2106 767 2149 leflionem3
799 2111 871 2144 Vix
895 2107 970 2143 dum
995 2124 1098 2145 annos

131 2158 339 2204 puerilitatis
356 2156 518 2204 egreffum.
557 2157 673 2203 Cujus
690 2158 809 2193 adhuc
834 2167 986 2195 manent
1007 2160 1098 2197 item

140 2207 286 2254 vestigia
320 2208 356 2243 in
378 2206 452 2242 aliis
470 2206 575 2242 libris.
628 2207 725 2242 Nam
754 2208 965 2255 Campensis
987 2211 1026 2246 ὃς
1046 2211 1100 2246 A-

135 2257 366 2301 trebatensls,
388 2258 593 2304 puerilitatis
623 2257 794 2305 ingressum
812 2285 821 2300 ‚
850 2259 1031 2304 produnt;
1062 2262 1099 2297 ὃς

139 2306 160 2344 ὲ
185 2318 336 2351 contra,
374 2307 539 2344 Susianus
561 2306 744 2354 pubertatis
770 2309 934 2357 egressum.
984 2310 1099 2347 Utro-

137 2357 249 2407 bique
272 2370 475 2406 perperam.
514 2359 568 2393 M.
596 2357 718 2393 Varro
736 2357 780 2394 de
799 2358 917 2396 liberis
937 2359 1096 2398 educan-

139 2409 192 2446 dis
206 2437 216 2451 ,
236 2409 419 2456 puerilitas
440 2409 550 2448 dixit,
580 2419 644 2454 pro
669 2409 842 2455 pueritia,
866 2411 967 2458 cujus
986 2411 1095 2450 verba

137 2459 226 2496 citat
246 2460 448 2496 Marcellus.
484 2460 593 2493 Velim
619 2472 667 2492 me
685 2459 824 2495 hercules
852 2459 1010 2509 (inquit)
1031 2465 1097 2510 ipse

137 2513 196 2557 usti
219 2524 335 2559 magno
362 2511 565 2557 puerilitatis
592 2511 769 2554 fbrmulam
800 2509 923 2546 audire.
956 2511 1094 2550 PIGH.

138 2559 288 2599 V'ixdum
308 2576 406 2596 annos
423 2561 629 2608 puerilitatis
648 2560 810 2608 egreffum.
835 2561 888 2598 Ita
907 2562 1053 2610 Pighius
1075 2563 1095 2601 ὲ

137 2612 220 2649 cod.
252 2611 511 2647 Wincheliano
552 2612 589 2646 &
620 2609 754 2647 Colon.
781 2611 977 2658 legendum
1009 2625 1095 2651 cen-

135 2665 198 2701 set.
251 2663 303 2698 At
322 2662 436 2699 Aldus
450 2690 459 2705 ‚
488 2659 637 2697 Vixdum
652 2675 753 2696 annos
769 2662 952 2710 pubertatis
972 2667 1096 2714 ingrefi

129 2717 216 2763 sum.
245 2713 301 2749 Sic
319 2714 356 2749 ὅ(
378 2712 629 2762 Chalcocond.
655 2712 834 2750 Martinus
853 2722 975 2751 autem
998 2717 1093 2753 Her-

136 2765 208 2812 bip.
235 2779 336 2800 annos
361 2765 564 2810 puerilitatis
591 2762 792 2811 ingreffiim:
828 2765 1025 2813 quomodo
1055 2768 1093 2805 &

135 2822 293 2864 uterque
314 2814 395 2850 cod.
418 2813 545 2849 Brand.
571 2813 679 2848 habet
694 2828 701 2851 ;
715 2813 752 2849 δε
772 2814 982 2861 Campensis
1001 2818 1090 2855 item

139 2874 248 2914 atque
267 2863 508 2902 Atrebatensis
521 2891 530 2906 ‚
559 2874 652 2911 quos
671 2863 821 2910 inspexit
842 2865 996 2914 Pighius.
1024 2867 1090 2905 Su-

134 2916 254 2954 fianus
275 2924 400 2951 contra
420 2916 457 2951 &
476 2913 780 2957 Pulmannianus,
803 2927 895 2964 quos
913 2917 1013 2954 idem
1032 2919 1092 2955 ΡΙ·-

137 2966 240 3017 ghius
275 2965 426 3014 inspexit
448 2992 458 3009 ,
489 2963 676 3014 pubertatis
711 2965 872 3014 egreffiim.
930 2967 1094 3008 Praefert

2047 926 2115 957 ΥΒ.-

1151 1054 1240 1092 ergo
1260 1043 1361 1081 idem
1381 1043 1440 1082 ine
1460 1044 1672 1093 puerilitatis
1695 1046 1733 1083 &
1754 1046 1929 1094 egreffiim:
1956 1059 2052 1097 quae
2076 1048 2115 1086 in

1152 1094 1295 1132 duobus
1322 1095 1430 1132 codd.
1464 1102 1504 1132 ut
1537 1095 1641 1139 dixi,
1681 1097 1718 1132 ὅ(
1748 1097 1946 1145 conjunfta
1972 1099 2116 1148 reperit.

1153 1145 1331 1182 Ceterum
1349 1147 1578 1195 puerilitatem
1598 1147 1635 1183 ὃς
1654 1158 1721 1194 pro
1748 1150 1895 1196 pueritia
1926 1151 2016 1197 poni
2046 1150 2114 1187 do·

1150 1204 1209 1232 cet
1227 1197 1344 1233 verbis
1366 1196 1565 1240 Varronis,
1593 1209 1686 1245 quae
1708 1198 1793 1235 citat
1816 1199 1984 1244 Nonius,
2004 1203 2116 1237 Velim

1150 1248 1262 1296 inquit
1283 1261 1331 1282 me
1350 1248 1492 1283 hercules
1510 1251 1576 1295 ipse
1593 1250 1653 1294 usu
1677 1262 1794 1297 magno
1815 1251 2021 1298 puerilitatis
2042 1254 2118 1298 for-

1151 1299 1276 1333 mulam
1295 1297 1421 1334 audire.
1449 1297 1643 1334 VORST.
1695 1299 1792 1335 Vide
1827 1301 1948 1338 Schot.
1979 1302 2063 1339 Obs.
2085 1315 2117 1340 1.

1151 1361 1185 1394 4.
1214 1348 1271 1384 Sic
1302 1351 1476 1385 Virilitas.
1505 1348 1610 1385 Ideni
1637 1347 1750 1397 jactat
1779 1349 1825 1385 de
1852 1351 1886 1386 se
1908 1351 2121 1390 Alexander

1152 1398 1248 1446 apud
1282 1399 1384 1436 Curt.
1414 1411 1498 1436 vm.
1527 1412 1556 1436 1.
1585 1410 1643 1445 24.
1683 1399 1909 1436 Debilitatum
1946 1401 2116 1451 (patrem)

1152 1449 1400 1499 vulnere,quod
1416 1452 1451 1485 in
1471 1466 1508 1486 ea
1526 1452 1781 1496 consternatione
1800 1462 1979 1501 acceperat,
1993 1454 2120 1501 jaiuiffe

1151 1515 1215 1536 mn
1242 1503 1355 1544 alias,
1382 1515 1480 1550 quam
1502 1501 1717 1547 simulatione
1745 1503 1860 1537 mortis
1888 1498 2063 1548 tutiorem,
2082 1507 2120 1551 se

1151 1562 1260 1600 corpus
1282 1557 1351 1599 ejus
1368 1552 1543 1600 protexisse
1560 1554 1664 1600 clypeo
1675 1554 1735 1600 suo
1748 1581 1758 1596 ,
1784 1557 1975 1603 ruentesque
1994 1558 2030 1590 in
2047 1570 2118 1592 eum

1143 1604 1207 1648 sua
1229 1616 1329 1637 manu
1345 1605 1468 1649 occisos.
1497 1603 1738 1639 PERIZON.
1766 1603 1953 1640 Pubertatis
1982 1605 2116 1643 habent

1151 1651 1256 1688 Leid.
1290 1653 1376 1688 sext.
1414 1652 1510 1699 Cop.
1539 1652 1641 1689 Med.
1678 1653 1745 1689 sec.
1774 1654 1944 1691 Venetae
1973 1657 2009 1692 ὃ(
2039 1657 2116 1705 post

1148 1701 1293 1738 secutae
1321 1702 1513 1739 editiones.
1543 1703 1650 1739 Leid.
1677 1703 1762 1750 sept.
1790 1705 1960 1753 ingreffiim
1982 1707 2028 1743 «Γ
2052 1718 2116 1756 pu-

1146 1751 1290 1787 hertatis
1308 1753 1473 1803 egreffiem.
1502 1753 1572 1789 Sed
1593 1764 1678 1790 Cum
1695 1756 1903 1801 puerilitatis
1921 1784 1929 1799 ‚
1946 1758 2117 1804 habeant,

1148 1803 1320 1851 ingreffum
1341 1813 1467 1841 tamen
1488 1804 1647 1841 retinent
1669 1804 1799 1853 Ultraj.
1822 1814 1986 1856 uterque.
2007 1809 2114 1846 Leid.

1150 1854 1267 1902 quint.
1304 1855 1417 1892 Periz.
1458 1856 1509 1892 Ut
1538 1855 1613 1891 fere
1642 1854 1804 1898 dubites,
1834 1868 1878 1894 an
1906 1870 1983 1895 non
2012 1874 2116 1896 annos

1145 1904 1331 1953 pubertatis
1356 1906 1530 1956 ingressum
1552 1933 1562 1949 ,
1595 1905 1722 1943 auctor
1751 1907 1933 1954 scripserit.
1960 1911 2117 1959 praeser-

1152 1955 1219 1990 tim
1243 1967 1327 1992 cum
1350 1958 1464 1993 rarior
1482 1957 1561 1993 usus
1578 1956 1618 1992 fit
1639 1955 1669 1994 Ξῖ
1685 1960 1893 2005 puerilitatis
1924 1971 1990 2007 pro
2018 1969 2116 1998 aeta-

1152 2012 1189 2041 te
1209 2007 1322 2053 puert'.
1376 2007 1473 2044 Narn
1506 2019 1619 2056 quein
1642 2006 1767 2045 locum
1793 2010 1938 2046 Nonius
1960 2024 2003 2049 ex
2024 2013 2117 2048 Var-

1151 2067 1244 2093 rone
1272 2057 1357 2094 citat
1381 2085 1391 2101 ,
1429 2057 1512 2095 satis
1540 2058 1729 2095 manifeste
1757 2059 1841 2096 illud
1871 2073 1948 2098 non
1977 2062 2116 2111 probat.

1152 2106 1262 2151 Imo,
1285 2107 1309 2144 fi
1341 2107 1430 2157 quid
1457 2109 1595 2153 sentio,
1622 2108 1736 2146 audire
1759 2113 1967 2159 puerilitatis
1988 2117 2116 2160 formu-

1151 2158 1241 2201 lam,
1271 2160 1388 2206 magis
1408 2171 1531 2197 mores
1560 2172 1759 2208 puerorum
1777 2189 1785 2203 ‚
1814 2173 1925 2209 quarn
1956 2174 2113 2202 aetatem

1150 2208 1302 2254 respicit.
1354 2212 1510 2245 Formula
1540 2211 1639 2246 enim
1662 2212 1895 2257 puerilitatis,
1925 2215 1992 2252 erit
2015 2214 2113 2265 quasi

1148 2256 1208 2293 lex
1237 2259 1274 2294 &
1295 2260 1552 2306 praescriptum
1575 2287 1587 2303 ,
1622 2260 1823 2297 secundum
1853 2264 1955 2310 quod
1984 2275 2111 2314 agant,

1150 2315 1328 2355 quatenus
1347 2309 1425 2345 sunt
1444 2310 1568 2357 pueri,
1595 2310 1697 2358 quod
1717 2311 1874 2350 modum
1899 2326 2013 2363 ponat
2033 2316 2113 2352 luli=

1150 2357 1214 2394 bus
1234 2359 1430 2407 &ineptiis
1448 2361 1625 2407 pueritiae
1649 2362 1812 2408 propriis.

1203 2421 1258 2457 13.
1286 2409 1407 2458 Apud
1435 2412 1582 2446 Ticinum
1602 2411 1769 2461 fluvium]
1799 2415 1911 2462 Apud
1935 2415 2107 2452 Trebiam

1149 2457 1234 2495 dicit
1253 2459 1344 2497 Plin.
1373 2462 1417 2497 L.
1446 2473 1522 2497 xvi.
1550 2475 1584 2508 4.
1614 2463 1854 2501 PERIZON.
1884 2466 1986 2502 MSS.
2014 2465 2106 2500 duo-

1148 2508 1268 2547 decim
1292 2511 1387 2559 apud
1414 2514 1560 2548 Ticinum
1572 2516 1710 2560 flumen.
1765 2515 1825 2551 De
1862 2528 1980 2552 errore
2003 2514 2105 2551 Plinii

1146 2559 1230 2647 <xgide
1258 2573 1355 2610 quae
1387 2570 1563 2600 notarunt
1582 2565 1663 2601 Viri
1689 2564 1788 2601 doeh·
1811 2564 1854 2601 ad
1877 2566 1966 2601 Flor.
1997 2564 2041 2600 L.
2063 2577 2108 2602 11.

1174 2639 1181 2647 .
1206 2624 1263 2648 10.

1201 2674 1255 2708 14.
1284 2665 1423 2712 Duplici
1435 2666 1548 2714 gloria
1565 2666 1746 2713 conspicuus
1764 2663 1926 2711 coronam]
1943 2663 2108 2708 Rec'lius2

1147 2715 1344 2762 conspicuam
1359 2743 1367 2753 .
1395 2714 1465 2763 legi
1485 2717 1621 2763 poterit
1638 2725 1679 2752 ut
1698 2716 1732 2750 in
1749 2714 2103 2761 Campenii.P1GH,

1145 2766 1277 2812 Duplici
1300 2767 1413 2815 gloria
1440 2769 1621 2815 conspicuus
1649 2779 1795 2800 coronam
1823 2777 2007 2802 mereretur.
2046 2765 2099 2804 Ita

1140 2813 1261 2862 legere
1283 2816 1434 2858 malim,
1461 2828 1571 2866 quam
1603 2823 1640 2851 ut
1659 2815 1801 2861 Pighius
1830 2827 1874 2852 ex
1907 2828 1981 2853 uno
2012 2816 2095 2855 cod.

1143 2865 1274 2913 Canip.
1301 2864 1454 2914 scripsit,
1479 2869 1682 2914 couspf'ruamv.
1739 2865 1885 2902 Rec‘tius
1905 2869 2002 2903 enini
2023 2867 2096 2913 ipse

1145 2915 1266 2962 Scipio
1294 2915 1426 2965 duplici
1454 2918 1567 2966 gloria
1592 2916 1802 2963 conspicuus
1832 2916 1902 2953 dici
1930 2918 2094 2961 videtur„

1145 2977 1258 3013 quam
1300 2978 1451 3007 corona.
1504 2968 1669 3014 Uterque
1707 2966 1817 3003 etiam
1859 2967 1941 3005 cod.
1969 2967 2096 3007 Brand.

1648 3017 1755 3056 Nnn
1786 3029 1803 3067 3
2038 3018 2101 3055 lu..
