2516 3509
177 251 248 284 Εἰς.
273 249 314 281 de

176 293 232 326 fin.
256 301 286 326 v.

399 155 504 209 730
559 179 562 181 “

659 133 1061 192 VALERII
1140 131 1510 189 MAXIMI
1552 133 1675 190 Lm.
1712 134 1878 192 VIII.
1918 133 2223 196 CAp.VlI.

395 235 535 281 finem
584 233 681 294 est,
735 251 829 282 non
873 234 921 281 &
970 247 1146 282 mature
1195 234 1242 280 ὅ(
1291 232 1496 280 celeriter
1539 234 1748 298 incipit)
1816 239 2089 304 Aegyptum
2129 237 2290 303 petiit:
2344 254 2398 286 u-

394 314 440 361 bi
487 313 625 359 literis
670 314 820 378 gentis
867 315 963 378 ejus
1009 312 1269 362 ass'uefaetus
1289 346 1306 372 ,
1363 314 1593 376 praeteriti
1637 315 1734 371 aevi
1777 314 2060 365 sacerdotum
2115 330 2397 366 commenta-

388 397 478 442 rios
527 393 746 442 scrutatus
768 429 782 455 ,
843 396 1244 443 innumerabilium
1288 394 1566 458 saeculorum
1614 395 1946 444 observationes
1999 401 2276 464 cognovit.·
2317 401 2398 447 In-

389 474 446 521 de
480 474 535 521 ad
570 475 722 522 Persas
758 475 1016 538 p1⁴ofe5tus‚
1053 493 1295 543 magorum
1330 474 1629 523 exactissimae
1664 476 1928 538 prudentiae
1963 485 2004 516 33
2030 478 2071 525 se
2106 479 2398 528 formandum

389 551 606 610 tradidit3
643 553 668 600 ἐι
704 555 868 618 quibus
907 553 1101 602 siderum
1138 569 1290 601 motus
1326 550 1566 613 cursusque
1601 551 1858 612 stellarum,
1894 561 1939 593 34
1975 553 2023 601 ὃ(
2048 555 2398 620 uniuscujusque

388 634 513 692 vim,
548 637 876 699 proprietatem
913 635 961 682 ὅ(
993 635 1209 685 effectum
1244 631 1559 698 benigniffime
1594 634 1954 681 demonstratum
1993 642 2032 673 35
2071 635 2210 683 docili
2245 639 2398 685 animo
2456 638 2458 641 ’

389 714 551 761 haufit.

621 716 807 763 Cretam
844 717 1028 777 deinde,
1066 718 1114 765 δί
1149 715 1193 754 36
1234 713 1580 762 Lacedaemona
1614 716 1868 778 navigavit.
1908 732 2096 779 quarum
2131 718 2308 782 legibus
2342 735 2395 767 ac

396 794 600 841 moribus
640 795 877 860 inspectis,
910 797 966 844 ad
1001 798 1308 862 Olympicum
1343 806 1574 840 certamen
1608 793 1851 841 descendit.
1922 795 2140 860 Cumque
2171 799 2398 863 multipli-

400 1012 479 1045 tus,
507 1010 551 1038 <7
571 1002 823 1053 uniuscujusque
851 1005 899 1041 rei
924 1005 1173 1057 proprietatem.
1210 1006 1282 1043 &Q
1320 1003 1374 1040 di-

402 1052 512 1100 dicisse
535 1081 544 1097 ,
583 1065 677 1102 quae
709 1056 838 1092 omnia
864 1056 910 1093 ad
938 1068 1015 1103 opus
1037 1057 1231 1104 sapientiae
1262 1056 1373 1104 perti-

399 1113 501 1140 nent.
522 1105 670 1142 Deinde
699 1106 747 1143 ait
772 1109 905 1143 Cretam
932 1107 1035 1144 illum
1065 1108 1103 1144 ὃ(
1128 1107 1372 1144 Lacedaemona

399 1155 573 1205 navt'gaffe
601 1164 645 1190 (θ’
672 1157 814 1193 moribus
840 1171 877 1193 ac
904 1158 1031 1208 legibus
1060 1172 1168 1194 eorum
1194 1161 1372 1207 inspeetis,

400 1218 495 1253 quae
518 1207 701 1253 pertinent
722 1207 767 1244 ad
788 1208 985 1253 honestatem
1007 1208 1261 1258 percipiendam.
1293 1211 1372 1259 Qui

401 1265 558 1305 uterque
583 1257 737 1305 populus
757 1258 926 1297 laudatur
945 1268 1139 1309 tamquam
1165 1260 1372 1303 ἐννομώζαἹος.

403 1307 504 1343 Vide
533 1309 677 1345 Aelian.
709 1309 790 1346 Lib.
818 1323 869 1347 [1.
903 1311 994 1348 Var.
1028 1310 1118 1348 Hist.
1153 1322 1183 1347 c.
1217 1324 1274 1349 22.
1301 1312 1372 1350 Ed.

401 1359 501 1395 Ven.
531 1368 685 1409 utraque
710 1375 731 1396 a
758 1372 898 1405 Juventa
926 1365 1053 1412 peritus
1076 1370 1119 1397 (9⁴
1142 1364 1246 1399 omnis
1273 1363 1371 1400 bone-

391 1412 509 1457 statis.

454 1472 512 1509 32.
541 1461 646 1497 Nihil
671 1463 757 1498 enim
779 1487 788 1504 ,
827 1462 914 1513 quod
944 1461 989 1498 ad
1015 1462 1170 1501 ultimum
1191 1467 1249 1512 sui
1265 1466 1371 1513 finem

395 1521 633 1560 perventurum
665 1517 732 1559 est,
765 1528 828 1549 non
851 1523 892 1549 (θ’
916 1526 1043 1550 mature
1065 1524 1109 1550 ἐφ’
1130 1518 1275 1553 celeriter
1291 1521 1368 1554 inci-

328 1601 331 1603 >
397 1561 471 1610 pit]
502 1563 570 1599 Ed.
599 1565 704 1612 Mog.
734 1565 837 1599 Nilnl
867 1568 951 1601 enim
972 1564 1017 1601 ad
1043 1569 1197 1602 ultimum
1213 1572 1270 1616 sui
1295 1581 1369 1617 per-

402 1625 578 1649 venturum
607 1618 649 1660 est
667 1617 792 1662 finem,
824 1616 909 1665 quod
938 1632 1003 1652 non
1028 1625 1072 1652 <9⁶
1102 1630 1231 1655 mature
1258 1628 1302 1655 (7
1322 1635 1370 1657 ce-

400 1664 513 1699 leriter
541 1667 671 1714 incipit.
700 1678 785 1703 cum
815 1679 890 1716 quo
921 1669 1100 1705 consentit
1129 1669 1259 1718 Ultraj.
1298 1671 1367 1708 sec.

404 1714 471 1751 nisi
497 1716 599 1763 quod
628 1716 687 1752 ille
717 1717 828 1754 habet
851 1721 970 1764 incepit
1005 1730 1091 1755 curn
1116 1719 1217 1757 Harl.
1247 1723 1284 1759 ὃς
1308 1723 1369 1758 tri·

404 1764 470 1802 bus
490 1766 596 1803 Leid.
626 1767 823 1811 Ascensio,
850 1769 951 1805 Aldo
969 1797 977 1812 ,
1006 1770 1207 1819 ceterisque
1239 1772 1368 1810 secutis

404 1816 518 1865 usque
557 1817 602 1854 ad
638 1818 820 1867 Pighium.
880 1819 1029 1856 Deinde
1065 1820 1142 1857 duo
1178 1821 1283 1859 Paris.
1321 1823 1369 1859 ibi

403 1869 525 1904 literis.
553 1881 664 1912 unus,
694 1873 736 1906 Et
767 1869 829 1907 ihi.

454 1931 513 1968 33.
542 1921 580 1954 Se
602 1919 817 1964 formandum
848 1920 1009 1970 tradidit]
1049 1921 1157 1959 Leid.
1194 1923 1311 1971 quint.
1330 1926 1368 1971 fi’

402 1970 452 2004 ita
487 1970 700 2016 formandum
737 1972 892 2008 tradidit.
933 1972 1037 2022 quod
1067 1973 1211 2010 videtur
1242 1985 1369 2011 corru—

402 2028 507 2067 ptum
537 2033 581 2058 ex
608 2034 678 2066 eo,
706 2023 809 2071 quod
839 2023 887 2060 est
913 2023 951 2060 in
976 2023 1045 2060 Bit.
1073 2024 1179 2072 prim.
1198 2026 1238 2072 se
1265 2026 1369 2070 infor-

402 2071 558 2107 mandum
585 2073 740 2109 tradidit.

453 2134 509 2170 34.
545 2126 587 2157 Et
612 2125 863 2173 uniuscujusque
888 2124 936 2159 rei
955 2125 1187 2174 proprietatem
1214 2133 1259 2161 θ’
1288 2122 1366 2176 effi-

403 2173 507 2221 flam]
541 2173 761 2222 Legendutn
786 2186 830 2211 ex
850 2175 945 2212 libris
967 2176 1240 2224 manuscriptis,
1272 2180 1313 2212 Et
1332 2193 1368 2212 u-

396 2225 625 2273 niuscujusque
641 2228 710 2260 vim
724 2255 733 2268 ‚
757 2227 991 2275 proprietatem
1005 2252 1015 2268 ,
1040 2235 1083 2261 07
1096 2226 1256 2276 effec‘ium.
1276 2228 1365 2265 Non

404 2276 504 2312 enim
538 2276 814 2326 uniuscujusque
843 2277 914 2321 rei,
942 2276 1002 2313 sed
1033 2277 1167 2325 syderis
1199 2277 1256 2314 vel
1285 2278 1362 2316 stel*

402 2325 460 2362 lae
491 2327 567 2363 vim
589 2355 598 2371 ‚
635 2329 897 2375 proprietatem
928 2328 965 2364 &
991 2327 1166 2365 effectum
1198 2328 1217 2366 ‘a
1249 2329 1370 2377 Magis

403 2376 563 2414 didicisse
593 2378 840 2426 Pythagoram
871 2378 999 2416 scribit.
1033 2379 1173 2417 PIGH.
1221 2379 1368 2417 Confir-

402 2437 507 2466 mant
536 2429 642 2466 MSS.
678 2429 787 2465 nostri
816 2441 960 2465 omnes.

453 2491 512 2527 35.
540 2481 658 2515 Docili
687 2482 798 2516 animo
822 2478 981 2527 ficmpfit]
1030 2479 1071 2516 In
1103 2481 1300 2530 Campenfi
1329 2483 1367 2520 &

400 2529 673 2568 Pulmanniano
697 2559 707 2573 ,
740 2531 878 2579 firipfit.
915 2530 1022 2566 male.
1059 2531 1095 2568 in
1125 2533 1200 2569 aliis
1220 2533 1367 2580 senfin

402 2581 456 2618 At
483 2582 520 2618 in
543 2581 759 2618 Cauchiano
785 2609 794 2624 ‚
829 2582 866 2617 ὃς
897 2581 933 2616 in
964 2580 1177 2619 Coloniensi
1198 2612 1208 2628 ‚
1252 2586 1369 2620 Doctli

401 2634 512 2668 animo
542 2633 664 2680 haufit.
704 2632 746 2669 ln
767 2631 1030 2669 Wincheliano
1062 2642 1206 2678 autern,
1233 2634 1367 2681 hausit,

406 2682 464 2719 vel
483 2684 614 2734 sorpfit.
669 2683 780 2721 Unde
811 2682 947 2731 colligo
980 2694 1092 2719 unum
1124 2685 1268 2723 alterius
1297 2683 1367 2723 esse

404 2735 775 2784 interpretamentum
799 2733 818 2771 e
837 2734 954 2783 gloffis
976 2733 1201 2781 adjunctum.
1250 2737 1366 2773 Utro—

405 2796 478 2834 que
499 2795 624 2823 tamen
653 2786 767 2824 verbo
789 2786 901 2823 utitur
927 2785 1180 2832 metaphorice
1203 2787 1238 2823 &
1261 2787 1364 2824 Cice-

401 2848 466 2879 ro,
502 2838 631 2884 Philip.
666 2851 721 2875 11.
774 2835 864 2885 Qid
893 2851 963 2872 eum
993 2850 1057 2872 non
1075 2837 1203 2882 sorbere
1230 2841 1363 2883 animo,

396 2887 480 2936 quid
501 2904 563 2924 non
582 2889 714 2924 haurire
734 2890 953 2938 cogitatione,
979 2892 1070 2931 cujus
1081 2890 1280 2938 sanguinem
1303 2903 1366 2925 non

394 2938 501 2974 bibere
523 2940 819 2980 censetisPIGH.
840 2941 949 2975 Docili
967 2939 1077 2974 animo
1096 2939 1216 2981 hausit.
1239 2940 1363 2986 Hausit

396 2989 530 3038 scripsit
556 2990 703 3036 Pighius
735 2991 754 3028 ὲ
782 2990 889 3028 codd.
927 2990 1143 3027 Cauchiano
1182 2991 1219 3027 ὃ(
1249 2989 1365 3029 Colo-

393 3041 519 3080 nienfi.
574 3040 691 3081 Aldus
721 3042 880 3082 ediderat
906 3040 1072 3092 sumpfit:
1112 3040 1288 3081 Chalcoc.
1326 3044 1365 3082 &

2332 895 2397 927 Cls

1426 1003 1611 1040 Martinus
1640 1002 1794 1053 Herbip.
1819 1004 1969 1053 scripfit.
2024 1004 2095 1043 Sed
2125 1006 2163 1043 &
2182 1006 2327 1056 Pighius
2355 1009 2395 1047 in

1425 1055 1642 1104 quibusdam
1665 1055 1772 1093 codd.
1791 1058 1923 1103 reperit
1946 1055 2145 1105 velfirtpfit
2161 1087 2171 1100 ‚
2192 1060 2250 1096 vel
2262 1060 2400 1107 serpsit,

1426 1105 1485 1142 vel
1508 1107 1642 1155 sorpfit.
1699 1107 1885 1144 Codicum
1916 1107 2095 1145 Brandeb.
2122 1121 2213 1146 unus
2238 1112 2401 1159 smpfit,

1425 1157 1515 1194 alter
1536 1157 1726 1195 manifeste
1747 1159 1868 1207 sorpfit
1889 1158 2010 1196 habet.
2036 1159 2294 1208 Verbijorbere
2315 1174 2396 1199 ine-

1423 1208 1578 1255 taphora
1609 1209 1668 1246 illa
1692 1209 1771 1246 usus
1789 1211 1824 1247 ὃ(
1846 1210 1982 1247 Cicero
2015 1211 2051 1247 in
2073 1211 2137 1248 Or.
2161 1223 2202 1247 11v
2234 1213 2391 1261 Philipp.

1425 1259 1590 1309 dixitque
1621 1259 1749 1297 itidem
1779 1274 1892 1297 ammo
1921 1261 2064 1309 sorbere.
2100 1262 2294 1301 VORST.
2339 1269 2393 1305 :A

1423 1309 1542 1358 quihus
1554 1310 1702 1357 siderum
1723 1323 1828 1348 motus
1850 1321 1895 1348 (9'
1915 1316 2169 1362 uniujtuyusque
2193 1328 2263 1349 mm
2281 1323 2327 1350 <9⁵
2347 1317 2398 1359 ef-

1413 1363 1540 1406 sec'lum
1556 1360 1775 1412 bentgmffime
1791 1362 2049 1408 demonstratum
2063 1364 2161 1400 docili
2178 1369 2289 1401 animo
2312 1366 2396 1402 hau-

1413 1412 1475 1459 sit.
1498 1413 1683 1450 Ultimum
1714 1425 1850 1451 vocem
1870 1415 2014 1463 Pighius
2041 1427 2086 1452 ex
2115 1415 2258 1454 duobus
2285 1416 2396 1456 codd.

1421 1463 1593 1513 sumpsit,
1615 1475 1699 1501 cum
1724 1465 1761 1502 in
1789 1465 1864 1501 aliis
1888 1466 2062 1503 omnibus
2089 1464 2196 1511 effet,
2226 1467 2283 1504 vel
2310 1470 2392 1516 firi-

1418 1516 1485 1563 plit
1500 1544 1508 1559 ,
1534 1516 1591 1552 vel
1619 1516 1745 1564 sorpfit.
1776 1516 1891 1553 Aldus
1913 1516 2027 1554 edidit
2041 1520 2183 1564 Jumpfit
2198 1546 2208 1562 ‚
2231 1519 2393 1568 reliquae

1423 1565 1504 1604 edd.
1534 1574 1624 1604 vett.
1643 1567 1775 1615 scrtpfit
1791 1595 1802 1612 ‚
1825 1567 1970 1605 videtur
1986 1567 2185 1616 legendum
2208 1570 2394 1617 mssripstt:

1422 1617 1497 1654 hoc
1523 1618 1623 1655 sensu
1648 1646 1658 1661 ,
1697 1630 1782 1655 eum
1817 1620 1944 1656 omnia
1969 1627 2043 1656 tam
2077 1619 2269 1668 diligenter
2301 1621 2395 1659 didi-

1425 1666 1532 1711 cisse,
1561 1668 1659 1718 quasi
1692 1671 1820 1706 animo
1850 1671 1915 1707 suo
1945 1670 2038 1718 stylo
2071 1670 2185 1708 effent
2211 1672 2393 1720 impreffa.

1425 1718 1537 1755 Certe
1566 1719 1601 1753 w*
1631 1720 1738 1766 lmufit
1772 1721 1819 1757 est
1849 1733 1892 1757 ex
1924 1719 2180 1764 Gloffemate‚
2213 1734 2336 1771 neque
2366 1723 2392 1762 si
2455 1764 2458 1765 ⁷

1422 1769 1471 1806 ita
1492 1767 1675 1817 scripsisset
1698 1771 1864 1808 Valerius
1885 1780 1942 1808 tot
1961 1774 2083 1808 variae
2106 1774 2143 1809 &
2166 1772 2328 1811 diversae
2349 1775 2392 1813 il-

1420 1819 1494 1856 linc
1518 1818 1662 1857 fuissent
1682 1831 1786 1859 ortae
1804 1822 2245 1860 lediionesPERIZON.
2260 1825 2393 1874 Ultraj.

1420 1872 1528 1918 prim.
1544 1871 1650 1909 Leid.
1662 1873 1778 1920 quint.
1789 1873 1926 1920 sorpsit,
1940 1872 2069 1921 Ultraj.
2083 1874 2151 1912 sec,
2166 1874 2272 1912 Leid.
2285 1878 2394 1924 prim.

1419 1921 1487 1959 sec.
1515 1923 1601 1958 sext.
1622 1924 1766 1971 scripfit.
1793 1923 1936 1960 Gudius
1957 1936 2041 1960 cum
2074 1936 2118 1961 ex
2139 1925 2327 1965 codicibus
2348 1927 2392 1966 si·-

1420 1972 1454 2008 bi
1485 1973 1650 2021 inspeetis
1673 1974 1762 2011 nihil
1791 1975 2008 2018 notaverit,
2050 1975 2222 2013 videntur
2248 1978 2297 2014 ilii
2325 1979 2392 2017 ha-

1420 2022 1532 2060 buiffe
1558 2024 1680 2069 haufit.
1708 2025 1777 2061 Ed.
1805 2026 1910 2072 Mog.
1939 2027 1975 2062 &
1998 2026 2101 2063 Med.
2129 2029 2260 2076 scripsit
2291 2031 2393 2068 exhi·

1420 2073 1517 2111 bent.
1546 2075 1687 2122 sumpsit
1721 2087 1813 2111 vero
1837 2076 1917 2123 jam
1957 2084 2041 2112 ante
2078 2077 2218 2114 Aldum
2251 2080 2320 2117 fuit
2348 2082 2388 2119 in

1422 2125 1578 2161 Venetis
1600 2124 1692 2161 Edd.
1719 2126 1840 2162 Valde
1864 2127 1985 2175 placet
2013 2127 2198 2166 Perizonii
2219 2131 2394 2181 instripfit.

1422 2177 1514 2213 Ter.
1539 2175 1638 2213 And.
1671 2188 1700 2213 1.
1726 2191 1757 2224 ς.
1783 2190 1843 2223 49.

1468 2229 1599 2276 Scripta
1625 2228 1689 2262 illa
1714 2227 1804 2264 dicta
1828 2230 1910 2275 sunt
1937 2229 1974 2264 in
1997 2230 2108 2265 animo
2136 2229 2306 2279 Chrysidis

1469 2281 1527 2313 De
1549 2280 1710 2325 Glycerio.

1423 2328 1574 2366 Interim
1598 2337 1725 2366 tamen
1747 2337 1846 2366 amat
1869 2328 1990 2366 noster
2012 2329 2166 2367 verbum
2190 2330 2323 2369 haurire
2343 2345 2390 2373 eo

1420 2381 1531 2417 sensu.
1560 2380 1659 2416 Vide
1678 2380 1779 2428 supra
1801 2381 1843 2417 L.
1858 2392 1971 2416 νηὶ.
2002 2381 2084 2417 Ext.
2101 2394 2129 2418 1.

1476 2432 1532 2478 36.
1553 2430 1793 2467 Lacedaemona
1815 2431 2018 2480 navigavit]
2036 2431 2260 2480 Complures
2279 2434 2388 2474 MSS,

1422 2476 1712 2518 Lacedaemoniam
1735 2482 1908 2519 exhibent
1929 2493 2014 2519 cum
2041 2482 2107 2520 Ed.
2136 2484 2242 2532 blog.

1473 2545 1530 2582 37.
1558 2536 1761 2568 Maximam
1790 2536 1853 2569 toti
1884 2535 2045 2568 Graeciae
2071 2533 2327 2571 admirationem
2355 2550 2395 2573 ac

1411 2586 1574 2631 specimen
1595 2583 1814 2633 exhibusffet]
1828 2585 1985 2620 Veteres
2003 2583 2249 2628 librihabent3
2268 2590 2394 2624 Maxi-

1419 2649 1473 2671 ma
1499 2638 1603 2671 totius
1625 2637 1782 2672 Graeciae
1803 2634 2024 2671 admiratione
2043 2638 2205 2682 specimen
2225 2636 2397 2685 exhibuis-

1414 2687 1477 2730 set.
1504 2687 1645 2724 PIGH.
1680 2689 1849 2722 Maxima
1877 2688 1980 2722 totius
2009 2689 2169 2722 Graeciae
2193 2690 2392 2724 admiratio-

1419 2751 1459 2771 ne
1479 2740 1641 2785 specimen
1673 2738 1781 2773 exlatb.
1819 2738 1872 2774 Ita
1905 2737 2048 2784 Pighius
2077 2737 2098 2774 e
2134 2738 2232 2775 codd
2283 2739 2389 2776 MSS.

1420 2787 1467 2824 Et
1482 2788 1590 2825 habet
1603 2800 1755 2838 quoque
1774 2789 1823 2824 ita
1843 2800 1939 2825 unus
1960 2787 2040 2825 cod.
2055 2787 2264 2825 Brand.nisi
2286 2789 2387 2837 quod

1419 2838 1497 2884 post
1526 2854 1675 2876 maxima
1706 2839 1892 2888 adjetstum
1925 2839 1972 2875 est
2000 2842 2088 2876 inter
2112 2854 2231 2875 omnes.
2283 2839 2387 2876 Alter

1416 2887 1527 2925 habet
1541 2900 1600 2932 ,ut
1614 2891 1729 2928 Aldus
1751 2890 1888 2933 edidit,
1910 2892 2093 2926 maximam
2113 2892 2215 2925 totius
2229 2891 2386 2924 Graeciae

1417 2938 1673 2978 admirationem
1702 2943 1934 2988 &specimen
1962 2941 2154 2979 VORST.
2182 2939 2248 2976 Bit.
2276 2939 2385 2986 prim.

1419 2990 1527 3028 Leid.
1562 2993 1669 3039 prim.
1701 2992 1819 3042 quint.
1860 2995 2057 3027 Maximam
2089 2993 2176 3027 inter
2205 3003 2306 3024 omne·
2337 3000 2387 3025 to-

1416 3043 1486 3080 tius
1507 3044 1668 3081 Graeciae
1686 3043 1944 3081 admirationem
1972 3055 2010 3079 ac
2030 3042 2194 3093 specimen
2220 3038 2389 3087 exhibuis-

2318 3093 2387 3138 [θ’.
