2516 3509
439 116 585 184 DE
673 116 793 174 Vl
877 117 1825 195 ELOQUENTIAE.¹
2011 144 2120 208 747

117 225 194 274 est.
261 220 407 285 Cujus
441 217 556 267 faeta
590 221 851 281 mentione,
897 224 1114 286 quoniam
1148 224 1451 274 domesticum
1485 229 1662 278 nullum
1696 235 1840 296 majus
1871 231 2114 296 adjecerim

117 301 406 365 exemplum,
442 299 820 364 peregrinandum
854 300 932 347 est.

877 444 1350 492 EXTERNA.

183 581 220 601 ¹¹
260 572 510 623 Pifistratus
544 570 739 620 dicendo
775 582 954 622 tantum
989 574 1169 623 valuiffe
1202 575 1392 623 traditus
1426 575 1519 636 est,
1553 590 1605 624 ut
1640 579 1679 624 ei
1711 578 2004 625 Athenienses
2038 596 2105 627 re-
2209 615 2240 641 Ι,

115 651 245 715 gium
279 650 521 714 imperium
558 650 764 696 oratione
799 653 920 715 capti
958 653 1311 715 permitterent3
1359 670 1465 700 cum
1502 655 1757 718 praesertim
1792 672 1849 703 ex
1884 653 2317 727 contrariaffifftf'dgofs)==

117 743 244 793 parte
278 728 597 777 amantissimus
631 728 798 792 patriae
842 731 985 778 Solon
1028 732 1262 789 niteretur.
1332 732 1419 781 Sed
1465 732 1643 779 alterius
1685 732 1945 781 salubriores
1980 748 2103 782 erant
2118 736 2318 810 lsslffsslssg.

2118 861 2176 894 Sic.
2198 872 2276 895 xur.

122 805 395 865 conciones,
432 807 609 853 alterius
644 800 908 854 disertioresss
944 824 1037 871 quo
1071 811 1247 869 evenit,
1282 823 1336 857 ut
1370 809 1540 872 alioqui
1576 810 1915 873 prudentiffima
1950 811 2105 858 civitas
2119 828 2191 850 vm.
2214 821 2316 855 Diod.

116 886 312 935 libertati
349 887 609 933 servitutem
644 884 905 948 praeferret.

175 970 370 1016 Pericles
404 980 555 1014 autem
584 974 623 994 ¹²
652 967 908 1015 feliciffimis
943 981 1124 1017 naturae
1158 971 1473 1031 incrementis,
1508 971 1586 1019 sub
1623 972 1892 1036 Anaxagora
1925 992 2102 1039 praece-

113 1060 246 1111 ptore
279 1045 455 1092 summo
491 1044 637 1092 studio
673 1047 925 1109 perpolitus
961 1048 1009 1095 &
1044 1049 1315 1109 instructus,
1350 1051 1498 1098 liberis

118 1128 277 1189 jugum
311 1122 536 1171 servitutis
570 1122 800 1187 imposuit.
851 1127 947 1189 egit
980 1127 1101 1173 enim
1136 1128 1211 1174 ille
1244 1129 1403 1176 urbem
1426 1163 1443 1188 ,
1487 1129 1535 1176 ἃ
1568 1128 1756 1177 versavit
1790 1132 1975 1179 arbitrio
2008 1132 2313 1204 suossffv‘i‘taflut·

2115 1216 2228 1254 Qint.
2250 1225 2313 1247 xit.

2118 1268 2155 1288 10

109 1184 331 1265 'Cumque
364 1201 565 1249 adversus
599 1201 902 1250 voluntatem'
927 1205 1089 1267 populi

117 1409 172 1446 tis.
199 1407 440 1446 PERIZON.
484 1407 545 1444 De
574 1407 681 1445 MSS.
721 1408 848 1446 nostris
877 1409 999 1449 dicere
1028 1412 1088 1449 hic

123 1459 214 1496 nihil
234 1457 378 1507 poffum
396 1487 406 1502 ‚
426 1457 516 1495 dum
537 1459 637 1496 enim
655 1459 692 1495 in
713 1458 836 1498 multis
855 1472 923 1508 pro
940 1478 982 1499 ae
1003 1463 1050 1500 est
1071 1477 1087 1498 e

120 1509 272 1558 iimplex
287 1538 297 1553 ‚
324 1510 361 1546 in
384 1508 561 1546 Gudianis
584 1510 645 1546 ista
664 1511 821 1548 variatio
848 1523 926 1549 non
958 1522 1084 1551 notata

122 1561 169 1597 est
184 1589 194 1604 ‚
224 1570 261 1597 ut
284 1563 320 1597 ὃς
343 1571 362 1596 e
384 1560 488 1597 meis.
512 1571 577 1607 per
603 1574 620 1595 e
648 1559 801 1609 fimplex
830 1562 939 1601 habet
971 1566 1080 1602 etiam

117 1619 317 1660 utrumque
340 1612 448 1658 Mog.
469 1610 551 1659 Ego
573 1612 879 1650 emendationem
898 1614 1083 1655 Perizonii

117 1662 337 1699 verissimam
369 1670 466 1698 ratus
484 1690 495 1705 ‚
519 1673 602 1700 eam
624 1663 810 1711 amplexus
834 1664 928 1702 sum.

164 1725 200 1761 9.
231 1714 430 1760 Extorqueri
448 1711 516 1758 fibi
540 1715 671 1759 causam
701 1717 857 1762 optimam
887 1719 928 1751 L.
966 1719 1084 1752 Cottae

107 1761 314 1812 patrocinio]
345 1763 508 1809 Oportet
535 1763 634 1800 hunc
659 1764 742 1801 sane
773 1762 878 1802 fuisse
905 1765 1084 1814 eloquen-

116 1813 290 1850 tissimum
307 1841 316 1856 ,
346 1813 409 1861 qui
436 1813 607 1850 facundia
636 1813 695 1851 sua
719 1815 861 1853 Caesari
881 1827 959 1853 non
989 1816 1083 1855 infa-

117 1864 240 1901 cundo
282 1865 463 1912 optimam
505 1866 646 1901 causam
693 1874 913 1915 extorquere
949 1869 1083 1915 potuit.

108 1914 333 1963 Legendum
362 1915 472 1961 igitur
489 1915 588 1952 haud
607 1914 716 1952 dubie
739 1919 778 1953 C.
805 1921 949 1959 Cottae,
979 1920 1081 1966 cujus

1124 1205 1425 1269 loqueretur3
1476 1207 1678 1270 jucunda
1725 1208 2019 1257 nihilominus
2052 1210 2098 1256 δί

2016 1306 2102 1352 PO-

1136 1411 1175 1449 id
1204 1411 1274 1456 est,
1300 1412 1354 1449 his
1384 1411 1502 1449 verbis
1523 1412 1682 1450 Caesaris
1695 1409 1708 1457 ‚'
1733 1414 1834 1464 quod
1856 1427 1991 1465 nempe
2007 1419 2104 1468 'opti-

1134 1477 1189 1498 ma
1214 1466 1312 1512 causa
1338 1474 1588 1512 extorqueretur
1601 1463 1763 1507 facundia
1787 1469 1927 1511 Cottae,
1953 1472 2105 1505 maxima

1134 1515 1341 1563 eloquentiae
1368 1516 1444 1549 laus
1473 1515 1625 1564 quaesita
1653 1519 1697 1561 est
1712 1544 1722 1559 ,
1745 1524 1784 1553 ut
1813 1528 1908 1565 quae
1924 1518 2018 1556 adeo
2038 1531 2103 1557 va-

1133 1564 1216 1602 leat.
1237 1564 1484 1602 PERIZON.
1510 1568 1675 1601 Maxima
1694 1577 1769 1603 tunc
1788 1569 1975 1618 eloquentia
1990 1573 2103 1618 questa

1134 1619 1178 1657 es}
1195 1615 1370 1658 ‚invenio
1390 1617 1428 1652 in
1446 1615 1551 1654 MSS.
1578 1628 1734 1654 novem.
1758 1620 1921 1655 Maxima
1941 1631 2015 1656 tunc
2035 1622 2101 1656 elo-

1132 1667 1290 1715 quentiae
1320 1668 1393 1702 laus
1426 1668 1576 1716 quaesita
1604 1671 1672 1714 est,
1699 1669 1737 1704 in
1763 1669 1886 1706 tribus.
1931 1673 2101 1708 Maxima

1135 1726 1211 1751 tunc
1239 1717 1447 1764 eloquentiae
1475 1721 1506 1753 ei
1535 1720 1609 1753 laus
1637 1719 1787 1767 quaesita
1816 1723 1862 1766 est
1883 1748 1893 1763 ‚
1938 1721 1975 1757 in
2006 1721 2101 1758 duo-

1135 1766 1212 1803 bus.
1245 1778 1358 1814 porro
1387 1770 1416 1803 ei
1451 1768 1489 1805 in
1529 1780 1605 1805 uno
1638 1769 1684 1806 est
1713 1781 1780 1816 pro
1808 1771 1904 1808 varia
1927 1771 2099 1810 lectione.

1135 1819 1394 1867 Quocumque
1417 1819 1535 1856 modo
1561 1830 1606 1856 ex
1626 1819 1680 1857 his
1695 1819 1791 1868 legas
1806 1849 1816 1865 ‚
1846 1832 1973 1869 parum
1994 1834 2099 1860 com-

1135 1868 1270 1905 modus
1289 1868 1376 1906 inde
1394 1868 1490 1906 nasci
1509 1869 1656 1907 videtur
1675 1872 1802 1908 sensus.
1858 1873 1959 1920 Quid
1988 1873 2011 1910 fi
2043 1874 2096 1910 le-

1132 1929 1272 1966 gamus.
1324 1920 1374 1955 Sic
1392 1919 1525 1969 quidem
1545 1924 1698 1957 maxima
1718 1932 1795 1958 tunc
1812 1924 1998 1972 eloquentia
2017 1938 2098 1973 que⁴

2116 1005 2185 1037 Cic.
2217 1007 2253 1037 iu

1532 1051 1815 1098 Athenarum
1851 1055 2100 1101 cervicibus
2113 1049 2257 1120 ¹133}ss

113 1965 364 2013 eloquentiam
389 1965 482 2001 circa
499 1966 573 2003 hoc
594 1973 740 2014 tempus
760 1969 1004 2006 vehementer
1016 1982 1079 2007 ex·
1122 1973 1180 2015 sta
1206 1973 1261 2016 est.
1287 1970 1311 2006 i.
1338 1982 1370 2007 e.
1398 1972 1456 2008 Eo
1486 1971 1638 2020 quidem
1670 1972 1800 2009 modo.
1836 1976 2001 2010 Maxima
2030 1977 2098 2010 elo-

111 2016 208 2052 tollit
230 2016 365 2052 Cicero
396 2017 433 2052 in
454 2015 591 2058 Brut03
619 2017 699 2053 imo
730 2029 817 2055 eum
842 2019 1076 2058 Dolabellam
1129 2022 1266 2069 quentia
1290 2021 1417 2068 maluit
1437 2021 1558 2059 dicere
1573 2050 1583 2067 ,
1614 2034 1727 2072 quam
1751 2023 1904 2068 Caesar,
1931 2025 1994 2073 qui
2015 2037 2097 2073 per-

112 2063 314 2103 defendiffe
337 2065 483 2102 testatur
506 2078 536 2103 c.
564 2077 622 2114 92.
651 2066 720 2104 Sed
752 2068 799 2105 ita
824 2069 905 2116 jam
935 2070 1077 2108 editum
1129 2071 1364 2109 fefflffimum
1388 2081 1463 2109 erat
1487 2074 1624 2120 ingenii
1651 2075 1803 2111 humani
1831 2074 2028 2120 columen,
2056 2077 2095 2114 ὃς

106 2116 263 2153 secunda
282 2116 398 2162 Pighii
417 2115 504 2152 edit.
534 2118 571 2153 ὃς
594 2128 612 2152 a
636 2117 799 2155 Vorstio.
829 2122 864 2155 L.
892 2121 998 2156 Cotta
1026 2130 1072 2159 ta·
1128 2121 1166 2157 in
1187 2134 1264 2171 quo
1286 2122 1499 2172 eloquentia
1520 2132 1596 2160 erat
1615 2125 1926 2174 maxima.Atque
1946 2126 1994 2163 ita
2015 2138 2097 2164 me-

108 2179 197 2204 men
227 2167 337 2203 etiam
371 2165 418 2202 est
447 2165 543 2213 apud
571 2167 729 2214 Quintil.
768 2169 812 2205 L.
844 2181 903 2206 x1.
941 2170 1076 2209 PERI—
1129 2171 1196 2209 lius
1224 2173 1435 2211 cohaerebit
1461 2174 1496 2210 τό
1514 2179 1605 2215 cuius
1627 2183 1712 2212 cum
1735 2175 1851 2212 verbis
1871 2176 2092 2223 praeceden-

107 2218 234 2255 ZON.
260 2218 387 2264 Quem
421 2216 504 2253 vide
535 2217 646 2253 etiam
674 2218 802 2255 Anim.
831 2219 921 2257 Hist.
951 2232 984 2268 p.
1016 2236 1074 2270 ςς.
1125 2222 1231 2260 tibus.
1282 2224 1379 2260 Mire
1407 2224 1468 2261 hie
1487 2222 1711 2271 glossematis
1739 2225 1864 2263 auctus
1885 2227 1933 2264 est
1957 2225 2087 2276 U'ltraj.

105 2270 255 2316 Nempe
284 2266 497 2304 vetustiores
527 2267 621 2304 Edd.
666 2272 705 2305 L.
739 2271 857 2305 Cottae
887 2272 1072 2318 praefere-
1122 2272 1192 2309 see.
1217 2285 1309 2310 unus
1329 2275 1440 2312 etiam
1452 2275 1828 2324 Duac.&Ed.Mog.
1855 2278 2087 2323 exhibentes,

103 2319 190 2356 bant
212 2320 248 2355 ὃ(
268 2317 314 2354 fic
335 2329 488 2361 Omnes,
513 2326 692 2366 quantum
714 2318 824 2356 Video
838 2347 848 2363 ‚
877 2322 984 2359 MSS.
1114 2323 1282 2372 fiquidem
1304 2335 1379 2360 tunc
1398 2328 1426 2360 ei
1448 2327 1597 2362 maxima
1619 2327 1826 2375 eloquentiae
1843 2330 1921 2364 laus
1941 2331 2090 2379 quaesita

158 2383 213 2408 10.
251 2367 422 2417 Siquidem
458 2371 605 2404 maxima
632 2380 710 2404 tunc
736 2371 926 2419 eloquentia
955 2377 1070 2421 questa
1122 2377 1190 2419 est,
1217 2374 1349 2425 quando
1373 2375 1495 2420 Julius
1522 2381 1593 2418 eius
1618 2378 1743 2419 institit
1761 2378 1874 2424 studio
1895 2388 1936 2414 *εγ
1959 2380 2089 2417 aft'ioni.

102 2419 163 2469 est]
208 2420 247 2455 In
271 2418 524 2462 Atrebatenfi,
560 2420 597 2456 ὅ(
626 2419 864 2464 Caucliianc),
901 2426 1070 2461 Maxima
1121 2425 1226 2472 quod
1263 2426 1461 2474 aliquando
1494 2428 1584 2464 mihi
1614 2427 1854 2477 suspicionem
1892 2431 2053 2477 praebuit
2073 2458 2084 2473 ‚

100 2482 176 2507 tunc
197 2472 249 2505 *vis
272 2472 477 2518 eloquentiae
506 2473 618 2518 quella
648 2473 690 2515 est
740 2471 879 2508 PIGH.
907 2477 1068 2511 Maxima
1122 2486 1163 2510 ae
1197 2475 1222 2511 fi
1252 2477 1289 2512 &
1319 2477 1415 2524 prius
1444 2478 1658 2515 membrum
1696 2490 1716 2516 a
1744 2478 1936 2526 gloffatore
1971 2479 2080 2516 effer:

97 2533 174 2557 tunc
192 2522 245 2555 vis
267 2522 476 2566 eloquentiae
495 2523 605 2569 questa
627 2523 679 2566 est.
703 2521 756 2558 lta
780 2523 909 2559 maluit
921 2523 1068 2571 Pighius
1119 2536 1218 2563 nunc
1245 2526 1371 2564 malim
1403 2527 1523 2576 legere
1554 2538 1594 2566 ut
1624 2531 1794 2578 proposui
1813 2545 1823 2571 ;
1866 2530 1940 2569 vel,
1970 2531 2079 2577 flqm'-

98 2571 118 2608 ὲ
139 2570 222 2608 cod.
252 2570 480 2610 Atl'ebatenfi
505 2572 542 2607 &
564 2571 792 2609 Cauchiano.
820 2573 879 2610 Ab
902 2574 1002 2612 Aldo
1028 2577 1066 2614 &
1119 2575 1192 2611 dem
1219 2586 1294 2612 tunc
1320 2580 1472 2614 maxima
1502 2581 1689 2629 eloquentia
1712 2586 1779 2626 ejus
1806 2583 1916 2627 questa
1936 2593 1999 2625 ess,
2028 2594 2081 2615 ‹u-

1116 2629 1170 2668 ius
1199 2634 1270 2663 erc.

1123 2718 1126 2719 ⁷
1168 2689 1224 2721 η.
1264 2678 1453 2723 Pifislmtus
1482 2679 1614 2717 dicendo
1644 2691 1772 2717 tantum
1799 2679 1938 2725 valmffe
1966 2681 2075 2716 tradi-

1113 2725 1166 2763 ἕως
1195 2727 1272 2777 eff]
1298 2729 1355 2765 Sic
1373 2729 1481 2767 *edidi
1497 2759 1505 2773 ‚
1532 2732 1634 2780 quod
1668 2729 1898 2766 inven'ebam
1923 2730 1956 2765 in
1979 2730 2072 2768 duo-

1113 2776 1235 2815 decim
1267 2778 1372 2823 MSS.
1411 2782 1448 2818 &
1479 2782 1648 2819 omnibus
1682 2778 1769 2815 Edd.
1807 2781 2071 2828 antiquioribus

1110 2828 1266 2877 Pigfflo,
1292 2831 1356 2879 qui
1385 2830 1506 2874 dedit,
1534 2830 1671 2876 valuisse
1702 2828 1859 2866 traditur.

1164 2893 1219 2917 12.
1242 2879 1434 2926 Feliciffimis
1453 2893 1592 2917 naturae
1613 2879 1836 2928 incrementis]
1862 2881 1991 2929 Copes.
2014 2885 2072 2918 Fe-

1107 2930 1280 2976 licifflmus.
1328 2931 1433 2968 Idem
1472 2932 1580 2980 paulo
1613 2929 1702 2978 post.
1754 2932 1834 2979 Egit
1861 2934 1945 2968 enim
1974 2934 2072 2969 illam

92 2978 243 3012 maxima
262 2977 448 3024 eloquentia
469 2975 498 3009 ei
516 2975 590 3010 laus
611 2975 761 3024 quaefita
780 2979 837 3014 eff.
863 2978 1058 3027 Lege‚Si-
1107 2980 1218 3018 urbem
1245 2991 1290 3018 <9⁴
1313 2984 1459 3019 vexa-vit
1487 2982 1626 3018 arbitrio
1644 2984 1718 3027 suo.
1771 2982 1871 3017 Illam
1900 2984 1947 3020 est
1975 2991 2081 3031 quoi

1598 3030 1700 3067 Barb.
1741 3031 1847 3077 prim.
1890 3034 1928 3071 δε
1956 3034 2066 3070 Anti-

1570 3080 1664 3119 Bbb
1699 3079 1754 3118 bb
1789 3095 1810 3119 2
1989 3084 2070 3133 quis

102 2622 276 2659 Chalcoc.
306 2622 444 2658 editum
469 2622 608 2664 fuerat,
631 2625 796 2658 Maxima
818 2635 896 2659 tunc
915 2626 1067 2671 eloquen-

96 2675 164 2710 tiae
184 2674 213 2707 ei
232 2674 308 2707 laus
326 2675 440 2721 quella
459 2675 515 2715 esl.
536 2673 645 2720 Quae
663 2671 772 2710 168ἰο
792 2674 823 2724 fif
837 2675 1064 2723 ampleff'ten-

100 2723 145 2760 da
164 2722 225 2766 sit,
254 2734 318 2770 pro
340 2723 453 2771 questa
473 2722 670 2770 legendum
694 2723 803 2761 fuerit
823 2724 999 2771 'quaesita‘
1019 2728 1061 2766 In

97 2786 210 2823 quam
232 2773 445 2809 sententiam
471 2773 662 2824 manifeste
688 2783 791 2811 vetus
820 2775 934 2812 editio
958 2778 1059 2817 Mar·

96 2825 163 2862 tini
184 2824 335 2867 Herbip.
364 2822 471 2860 habet
525 2825 658 2866 Tunqei
681 2827 831 2861 maxima
852 2822 1061 2876 eloquentiae

92 2877 168 2911 laus
189 2875 336 2923 quaesita
354 2877 406 2918 est.
420 2873 793 2921 VORST.siqusdem
813 2880 962 2914 maxima
983 2892 1059 2917 mm·

90 2928 144 2962 ’nis
173 2927 379 2974 eloquentiae
410 2927 522 2974 quella
560 2927 601 2967 es}
662 2925 742 2962 MS.
781 2927 953 2977 Siquidem
982 2941 1058 2967 tunc

64 3030 67 3031 ’
92 3025 223 3078 quidem
244 3037 314 3064 tum
332 3028 481 3063 maxima
499 3026 706 3077 eloquentiae
726 3028 802 3065 laus
822 3030 974 3079 quaesita
1003 3031 1056 3082 est.
1108 3042 1182 3080 que
1210 3032 1249 3071 in
1281 3032 1423 3072 duobus
1449 3032 1552 3072 Paris.
