2516 3509
109 116 188 157 1⁴³⁵
511 111 648 166 DE
723 110 1012 169 FIDE
1086 115 1670 176 PUBLICA·

1999 132 2107 202 585

158 215 399 283 Adversus
437 216 621 265 eosdem
664 218 811 266 hostes
856 236 1011 284 parem
1054 221 1194 270 fidem
1236 225 1284 270 in
1325 226 1427 289 jure
1470 226 1709 289 legationis
1744 230 1915 278 tuendo
1949 232 2102 282 Patres

109 294 354 359 conscripti
386 295 648 343 exhibuere.
692 298 766 344 M.
810 299 932 345 enim
968 300 1167 348 Aemilio
1202 302 1383 367 Lepido
1406 339 1421 364 ‚
1469 301 1511 331 ¹⁶
1548 306 1606 353 C.
1640 309 1866 357 Flaminio
1901 313 2008 359 coff.
2042 315 2315 394 L.?6¹¹6¹¹·L¹i¹g{’135

615 378 844 426 Manlium
891 380 1333 447 Carthaginiensium
1378 385 1535 449 legatis
1558 421 1573 446 ‚
1630 395 1671 428 ¹7
1707 393 1811 453 quia
1845 409 2000 441 manus
2035 396 2103 442 his
2117 408 2273 433 xxxvm.

111 371 377 422 Minucium
423 375 471 423 ὅτ,
518 378 576 424 L.

112 453 382 510 attulerant,
416 469 496 518 per
536 454 712 503 feciales
746 457 943 505 Claudio
978 474 1186 524 praetore
1219 463 1447 512 dedendos
1482 481 1769 516 curaverunt.
1808 473 1867 520 Se
1898 486 2010 522 tunc
2039 475 2104 522 se·

111 544 268 593 natus,
302 550 394 581 non
429 549 504 581 eos
539 536 701 599 quibus
736 537 826 584 hoc
860 539 1186 602 praestabatur,
1221 542 1406 608 aspexit.

181 608 223 638 ¹3
259 612 406 676 Cujus
441 616 703 679 exemplum
737 615 936 681 superior
972 620 1210 669 Africanus
1245 622 1421 670 secutus
1442 659 1458 684 ‚
1505 643 1614 674 cum
1657 629 1864 678 onustam
1910 641 1952 672 ¹9
1985 635 2102 683 mul-

112 685 169 731 tis
189 722 203 743 ,
261 688 309 735 ὃς
351 690 596 738 illustribus
629 692 1071 757 Carthaginiensium
1092 733 1108 758 ‚

1155 701 1260 748 viris
1295 717 1453 748 navem
1490 704 1536 750 in
1570 704 1690 752 suam
1730 710 1998 772 potestatem
2038 730 2103 760 re-

113 763 330 829 degisset,
372 767 635 816 inviolatam
671 770 866 831 dimisit,
918 780 961 801 ²0
998 777 1102 837 quia
1123 776 1171 838 fh
1202 780 1353 839 legatos
1387 781 1445 826 ced
1476 798 1567 827 eum
1601 786 1734 845 miſjos
1772 786 2005 850 dicebant,
2039 804 2104 838 ta-

114 843 244 894 metsi
278 844 563 894 manifestum
596 861 717 909 erat,
764 850 863 900 illos
901 859 940 879 ²¹
978 854 1151 901 vitandi
1186 856 1423 918 praesentis
1460 861 1651 922 periculi
1692 865 1837 927 gratia
1870 874 1912 894 22
1950 868 2104 917 falsum

117 1050 184 1086 vit.
238 1051 390 1089 Constat
428 1061 552 1090 autem
591 1065 635 1091 ex
674 1056 868 1107 LivioQ
901 1060 1111 1097 Terentium·

118 1103 292 1137 Culeonem
329 1113 418 1139 tunc
450 1113 660 1151 praetorem
689 1109 922 1156 peregrinum
959 1111 1089 1157 fuisse,

119 1161 164 1187 ex
188 1164 264 1200 quo
288 1153 523 1201 intelligimus
539 1167 730 1205 perperam
752 1159 788 1195 in
810 1160 944 1208 scriptis
965 1174 1089 1200 exem—

116 1201 272 1250 plaribus
304 1205 444 1240 Claudio
468 1217 575 1255 praet,
606 1208 688 1255 legi.
718 1209 788 1246 Sed
817 1211 903 1248 vide
926 1212 1090 1252 Annales

119 1253 392 1301 magistratuum
415 1256 716 1296 nostros.PlGH.
745 1263 807 1297 Per
827 1264 967 1306 feciales
987 1266 1092 1301 Clau-

114 1302 170 1339 dio
196 1317 345 1352 praetore
374 1305 536 1343 dedendos
568 1321 780 1348 curaverunt.
834 1313 960 1351 Verba
990 1315 1091 1353 Livii

123 1354 207 1392 Lib.
235 1367 396 1394 xxxviii.
432 1358 501 1395 hac
533 1358 579 1396 de
611 1371 649 1397 re
676 1359 723 1398 sic
747 1361 902 1408 habent,
932 1368 977 1400 Eo
1003 1382 1091 1402 aimo

118 1407 157 1442 L.
188 1409 365 1443 Minucius
386 1410 574 1459 ,Myrtilius
596 1419 640 1446 (Υ
664 1414 702 1449 L.
728 1415 889 1450 Manlius
904 1445 911 1459 ,
940 1416 1028 1465 quod
1044 1419 1093 1453 Ie—

110 1466 213 1506 gatos
234 1458 525 1510 Carthaginienses
541 1463 684 1509 pulsaffe
699 1462 913 1510 dicebantur,
930 1467 1020 1514 jussu
1031 1471 1090 1506 M.

118 1507 284 1552 Claudii,
311 1512 472 1558 praetoris
493 1511 606 1556 urbis,
624 1525 684 1562 per
703 1516 844 1559 feciales
867 1516 988 1553 traditi
1010 1522 1092 1566 sunt

117 1558 241 1607 legatis
256 1585 265 1599 ,
291 1568 334 1594 ω’
355 1562 592 1611 Carthaginem
611 1566 734 1601 averli.
786 1566 900 1614 Apud
928 1568 1092 1607 nostrum

117 1607 265 1656 Pighius
283 1610 482 1658 legendum
505 1621 632 1660 putat,
648 1616 708 1651 Per
721 1618 861 1661 feciales
875 1621 976 1654 Culeo
991 1631 1092 1668 prae-

115 1669 171 1695 tor
209 1674 251 1695 ex·
292 1664 355 1698 Sc.
389 1661 549 1698 dedendos
580 1668 724 1702 curavit.
782 1667 830 1704 Et
861 1668 974 1707 secuti
1001 1682 1089 1708 eum

117 1709 199 1747 sunt
234 1711 389 1749 Colerus
416 1714 453 1750 &
482 1714 655 1762 Thysius.
710 1717 852 1756 Verum
891 1733 1091 1758 curaverunt

119 1771 280 1799 numero
304 1762 429 1811 plurali
453 1775 585 1803 omnes
609 1766 717 1804 codd.
741 1775 817 1806 tam
845 1769 953 1807 MSS.
975 1783 1088 1821 quam

118 1812 216 1859 typis
247 1814 396 1862 expressi
422 1814 568 1853 habent.
622 1817 758 1866 Estque
787 1819 826 1857 id
848 1822 1007 1859 omnino
1034 1835 1088 1860 re-

117 1862 315 1901 ferendum
349 1864 395 1902 ad
423 1865 545 1904 Patres
577 1868 836 1917 conscriptos;
883 1871 928 1909 de
957 1873 1088 1922 quibus

116 1911 258 1951 dietum
288 1916 430 1958 fuerat,
459 1917 563 1966 quod
590 1931 717 1967 parem
748 1921 860 1959 fidem
880 1923 1018 1971 injure
1037 1925 1090 1961 le-

117 1964 276 2011 gationis
317 1967 558 2006 exhibuerint.
611 1969 647 2007 Si
677 1978 802 2010 autem
836 1974 992 2010 verbum
1021 1986 1089 2011 nu-

121 2015 215 2051 meri
235 2015 324 2063 plur.
351 2017 410 2054 hic
432 2017 591 2066 pofitum
618 2020 681 2064 fit,
709 2033 785 2059 non
808 2024 924 2068 potest
944 2035 1087 2062 nomen

118 2066 215 2102 casus
235 2068 344 2114 primi
362 2070 460 2103 Culeo
477 2068 605 2107 locum
623 2070 770 2109 habere.
804 2073 1000 2111 VORST.
1022 2078 1086 2111 Cu-

115 2117 166 2151 leo
190 2127 321 2161 praetor
348 2132 388 2153 ex
411 2121 472 2155 SC.
504 2119 664 2158 dedendos
685 2124 828 2160 curavit.
856 2124 936 2160 MS.
965 2127 1089 2162 Patres

113 2170 284 2217 conscripti
308 2167 481 2205 dedendos.
533 2171 637 2219 Lege
666 2173 775 2220 igitur
806 2185 891 2210 cum
923 2175 1084 2215 Vorstio.

116 2218 248 2267 Antiq.
275 2219 367 2256 Edd.
397 2221 433 2257 δε
454 2219 572 2257 Codd.
600 2222 723 2259 addita
739 2231 882 2261 tantum
903 2227 1087 2275 praeposi-

115 2269 221 2305 tione
239 2284 273 2306 a.
301 2272 362 2307 Per
385 2271 520 2316 feciales
541 2285 563 2307 a
583 2271 726 2308 Claudio
753 2285 902 2321 praetore
927 2276 1088 2315 dedendos

115 2332 326 2358 curaverunt.
356 2321 534 2359 Ceterum
556 2323 660 2372 quod
678 2323 824 2371 Pighius
853 2326 912 2363 hic
929 2328 1088 2374 aestuat,

117 2370 222 2418 quod
265 2373 349 2409 Liv.
386 2385 405 2409 a
426 2373 600 2410 Praetore
631 2375 882 2422 praecedentis
913 2379 997 2415 anni
1026 2384 1087 2418 M.

117 2421 259 2456 Claudio
285 2422 360 2460 hoc
388 2423 526 2461 fafftuin
560 2424 693 2468 docet;
723 2437 803 2463 non
826 2438 872 2464 eo
891 2428 1088 2468 sollicitan-

118 2470 165 2508 da
188 2480 264 2509 erat
282 2473 407 2511 leetio.
459 2475 659 2513 Oscitantia
677 2476 776 2513 enim
798 2477 890 2515 haec
911 2479 959 2517 est
976 2481 1087 2518 Vale-

119 2522 240 2561 riana.
265 2525 330 2572 qui
347 2537 462 2573 quum
486 2527 523 2563 in
546 2527 660 2564 Livio
684 2527 878 2566 inveniffet
896 2532 1084 2580 extemplo

118 2573 198 2621 post
221 2575 384 2613 consules
404 2576 633 2625 designatos,
663 2577 764 2626 quod
785 2578 896 2617 fiebat
915 2590 1084 2622 extremo

120 2624 250 2672 prioris
278 2627 362 2662 anni
385 2656 394 2671 ‚
432 2628 501 2665 hos
529 2640 548 2666 a
578 2636 748 2677 praetore
779 2630 922 2669 deditos
944 2661 954 2677 ‚
993 2635 1087 2673 male

119 2674 280 2723 scripsit,
324 2676 391 2714 illis
428 2679 633 2717 consulibus
676 2678 816 2717 fastum
853 2680 934 2720 effe.
988 2685 1087 2724 Vide

122 2725 205 2762 Lib.
233 2726 279 2763 L.
306 2738 470 2766 xxxvm.
499 2741 528 2766 c.
551 2744 610 2776 42.
639 2731 677 2766 &
699 2731 837 2778 patebit
853 2733 992 2773 incuria
1009 2736 1088 2774 Va—

120 2775 256 2813 leriana
279 2806 289 2821 ,
324 2790 436 2826 quain
466 2790 593 2819 tamen
622 2782 715 2818 tueri
746 2783 825 2831 quis
850 2784 988 2832 posset,
1024 2789 1087 2838 qui

120 2826 216 2876 legat
238 2828 371 2866 COSS.
399 2830 531 2867 DESS.
555 2832 593 2869 id
615 2832 685 2875 est,
715 2835 909 2882 Consulibus
935 2836 1087 2889 drfigna·

121 2879 178 2915 tis.
206 2879 455 2918 RERIZON.
493 2881 596 2919 Barb.
624 2883 779 2930 primus,
809 2887 872 2922 Per
889 2890 1023 2933 feciales
1045 2896 1085 2928 P.

121 2930 169 2976 R.
205 2928 377 2970 dedendos.
428 2932 578 2971 Paucuh'
608 2933 750 2971 Claudio
776 2947 938 2986 praetore.
973 2939 1086 2978 Pleri-

119 2990 193 3028 que
219 2981 360 3020 Claudio
381 2987 541 3034 praetori.
569 2986 684 3030 Duo;
714 2988 780 3025 Per
797 2989 937 3034 feciales
965 2990 1088 3047 deden3

1140 1062 1211 1100 dos.
1263 1065 1407 1103 Omnes
1435 1079 1647 1107 curaverunt.
1699 1071 1775 1109 Nifi
1796 1101 1806 1117 ‚
1844 1075 1985 1112 Claudio
2007 1088 2108 1127 prae-

1142 1124 1211 1150 tore
1239 1126 1259 1152 e
1285 1118 1473 1164 margine,
1512 1120 1570 1156 cui
1593 1121 1741 1170 aliquis,
1761 1124 1826 1172 qui
1846 1125 1985 1165 fastum
2014 1130 2103 1168 illud

1142 1165 1220 1212 ejus
1235 1165 1332 1214 jussu
1353 1168 1582 1213 observarat,
1610 1172 1647 1208 id
1668 1172 1910 1222 inscripserat,
1947 1180 1985 1216 in
2016 1192 2106 1218 con-

1141 1222 1286 1253 textum
1315 1218 1492 1266 irrepserit
1511 1248 1521 1262 ‚
1561 1220 1711 1270 legerim
1743 1237 1895 1274 quoque
1922 1242 1942 1263 a
1968 1231 2109 1268 Claudio

1138 1277 1289 1314 praetore
1320 1280 1405 1306 cum
1423 1269 1635 1309 Perizonio.
1690 1274 1750 1311 De
1778 1288 1849 1325 qua
1869 1279 2108 1321 construetio-

1140 1328 1189 1354 ne
1207 1318 1292 1355 vide
1312 1318 1414 1368 supra
1434 1320 1478 1358 L.
1507 1333 1569 1358 111.
1598 1322 1632 1360 8.
1661 1334 1692 1369 7.

1195 1369 1251 1406 18.
1280 1372 1375 1406 Haec
1394 1374 1544 1420 exempla
1564 1376 1716 1422 superior
1735 1377 1935 1422 Africanus
1956 1381 2107 1432 secutus]

1143 1419 1228 1463 MS,
1258 1423 1363 1467 Cujus
1382 1424 1578 1471 exemplum.
1608 1425 1742 1462 Verius
1765 1428 1803 1463 ὃς
1821 1428 1962 1467 rectius.
1995 1432 2109 1482 Supe-

1144 1469 1241 1508 riore
1262 1472 1361 1509 enim
1385 1473 1559 1521 exemplo
1589 1474 1635 1512 de
1659 1477 1744 1524 jure
1776 1477 1967 1526 legationis
1986 1482 2108 1523 aestum

1145 1529 1256 1565 erat,
1298 1521 1460 1561 fimiliter
1488 1525 1549 1561 hic
1579 1525 1720 1575 legatos
1747 1527 1946 1568 inviolatos
1976 1533 2109 1573 dimisit

1146 1570 1282 1620 Scipio.
1335 1575 1436 1612 Nam
1465 1576 1504 1612 in
1523 1575 1684 1615 secundo
1705 1580 1878 1628 exemplo
1898 1582 2012 1621 Anno
2033 1597 2110 1624 non

1146 1621 1215 1659 fuit
1241 1623 1405 1671 leg-atus,
1441 1637 1461 1662 a
1486 1629 1601 1673 patria
1633 1626 1785 1668 missus:
1823 1631 1884 1669 sed
1914 1640 2039 1672 tamen
2071 1637 2109 1674 in

1145 1672 1376 1722 colloquium
1414 1677 1516 1713 venit
1548 1677 1609 1716 sua
1642 1679 1773 1728 sponte
1814 1692 1899 1719 cum
1932 1685 2111 1725 Rom-anis

1145 1722 1446 1772 Imperatoribus.
1479 1728 1593 1769 Hujus
1616 1732 1814 1779 exemplum.
1844 1733 2006 1772 Ascenfii
2036 1738 2112 1775 edi-

1143 1774 1197 1811 tio
1212 1774 1295 1819 ,ubi
1316 1776 1401 1813 vide
1422 1785 1529 1814 notas
1540 1779 1966 1822 Ascenfii.PERIZON.
1996 1791 2113 1836 Hujus

1141 1827 1338 1876 exemplum.
1372 1828 1429 1864 Sic
1460 1829 1612 1874 melius,
1641 1844 1754 1881 quam
1783 1839 1897 1882 cujas„
1937 1837 2037 1875 Nam
2064 1839 2111 1877 de

1144 1887 1190 1913 eo
1218 1877 1321 1927 quod
1350 1878 1388 1916 in
1415 1879 1584 1918 manibus
1609 1882 1720 1921 habet
1748 1883 1912 1933 loquitur
1943 1888 2020 1925 fere
2046 1901 2110 1938 per

1142 1938 1356 1974 pronomen
1385 1929 1445 1971 bic,
1473 1931 1684 1971 ASCENS.
1716 1934 1802 1972 Imo
1832 1937 1869 1973 ὃς
1888 1948 1951 1985 per
1979 1943 2107 1986 Cujus,

1141 1978 1246 2025 quod
1277 1980 1454 2027 reperitur
1482 1982 1520 2018 in
1540 1982 1645 2021 MSS.
1674 1984 1803 2022 decem
1820 2011 1829 2028 ,
1865 1988 1903 2024 δε
1924 1991 2111 2029 vetustiffi-

1142 2027 1213 2064 mis
1243 2028 1467 2068 editionibus
1494 2033 1600 2082 Mog.
1636 2036 1737 2073 Ven.
1768 2036 1926 2075 Mediol.
1966 2049 2109 2080 ceterae

1141 2079 1258 2127 Hujus
1289 2080 1447 2126 liabent,
1475 2086 1659 2134 exemplum
1690 2099 1833 2127 omnes.
1886 2091 1980 2127 Haec
2000 2107 2111 2130 exem-

1131 2130 1194 2176 pla
1208 2158 1219 2174 ,
1247 2142 1266 2168 a
1286 2131 1417 2180 Pighio
1438 2133 1496 2171 est.

1192 2193 1249 2229 19.
1280 2185 1408 2219 Multis
1429 2193 1472 2220 (θ’
1493 2187 1673 2232 illustrium
1700 2189 2027 2242 Cartliaginienfium
2058 2196 2113 2231 ‘vi-

1136 2230 1203 2279 ris]
1233 2232 1300 2269 Bit.
1338 2235 1444 2281 prim.
1475 2235 1570 2274 Leid
1620 2239 1737 2287 quint.
1766 2241 1803 2276 &
1833 2242 1920 2280 sext.
1958 2248 2001 2281 Et
2029 2247 2109 2281 illu-

1129 2281 1269 2327 strilms.
1290 2283 1421 2333 Ultraj.
1446 2286 1550 2333 prim.
1576 2289 1729 2336 illustris.
1755 2291 1823 2328 sec.
1848 2295 1900 2329 Ex
1918 2296 2106 2341 illustrium.

1142 2330 1200 2367 Sic
1226 2337 1514 2383 quoqueMog.
1543 2337 1610 2375 Ed.
1643 2339 1805 2390 reliquae
1838 2351 1881 2379 ω’
1912 2346 2104 2392 illustribus.

1141 2383 1259 2431 Quod
1288 2394 1432 2423 mutare
1462 2386 1605 2425 necesse
1636 2402 1714 2428 non
1743 2400 1848 2430 erat:
1886 2395 1950 2432 nifi
1978 2396 2100 2438 malis,

1140 2435 1193 2469 Ex
1222 2435 1417 2482 illustribus.
1470 2438 1584 2476 Unde
1611 2449 1741 2479 natum
1770 2444 1937 2490 videtur,
1977 2447 2105 2481 Multis

1136 2483 1328 2530 illustrium.

1187 2546 1248 2573 20.
1276 2537 1366 2586 Qia
1381 2540 1419 2586 se
1435 2540 1564 2589 legatos
1584 2541 1630 2578 ad
1651 2558 1722 2579 eum
1741 2545 1845 2592 miffiJs
1862 2544 2027 2581 dicebant:
2049 2557 2103 2582 ta-

1138 2587 1230 2633 metsi
1252 2587 1344 2637 effa]
1376 2590 1562 2629 Tollenda
1587 2593 1633 2630 est
1661 2594 1838 2632 distinctio
1871 2596 1988 2642 major
2016 2606 2100 2634 ante

1138 2638 1285 2684 tametfi.
1337 2641 1479 2678 Omnia
1501 2644 1599 2680 enim
1622 2645 1828 2682 cohaerent.
1886 2645 1983 2681 Nam
2008 2646 2041 2683 τό
2060 2655 2100 2686 ut

1139 2686 1294 2726 cauffale
1316 2692 1476 2738 pertinet
1498 2694 1542 2731 ad
1564 2693 1700 2741 dimisti.
1725 2694 1962 2732 PERIZON.

1190 2751 1248 2776 21.
1286 2742 1433 2783 Vitandi
1456 2748 1639 2792 praesentis
1665 2746 1800 2790 periculi
1823 2745 1963 2794 <gratia]
2005 2748 2108 2784 Prae-⁴

1131 2791 1242 2839 sentis
1262 2790 1358 2829 deest
1376 2794 1413 2830 in
1437 2794 1539 2831 Harl,
1571 2796 1608 2832 ὃς
1627 2793 1731 2829 Leid.
1761 2794 1825 2830 sec.
1852 2795 1889 2832 in
1910 2796 2011 2835 Barb.
2033 2800 2103 2838 sec.

1141 2840 1362 2928 adspsriptum
1405 2844 1452 2882 est
1490 2844 1598 2881 literis
1635 2844 1877 2883 minutissiniis
1906 2855 2100 2899 tamquam

1163 2891 1200 2928 lo
1232 2904 1262 2930 a.
1431 2903 1433 2906 ⁴

1137 2902 1160 2939 g
1189 2954 1248 2980 η.
1277 2947 1407 2995 Falsum
1433 2946 1608 2997 legationis
1627 2958 1741 2981 nomen
1760 2947 1931 2997 araneHi]
1961 2949 2102 2994 Vetus,

1135 2993 1331 3035 vocabulum
1354 2998 1515 3048 amplee‘li.
1535 2994 1734 3084 Aufimnfi,
1753 2997 1961 3035 velabulum?
1980 2999 2101 3087 ngS3

1731 3058 1783 3085 ee
1821 3059 1841 3085 e
2062 3065 2097 3090 121

2123 696 2207 726 Ann.
2228 693 2296 726 urb.

2125 746 2195 771 550.
2211 738 2318 770 Livius

2122 787 2196 808 xxx.
2215 784 2298 820 App.

2124 819 2249 851 Punica.

2123 860 2232 900 Polyb.
2247 872 2299 896 xv.

2125 901 2179 933 sed
2199 904 2294 940 paulo

2045 950 2106 996 le,
2122 944 2227 980 aliter.
