2516 3509
169 313 275 359 Lae'rt.
299 313 332 342 in

169 364 246 386 vita.

171 672 238 716 Cic,
266 671 306 702 de

170 719 222 745 flu.
238 723 265 745 V.
281 725 327 749 29.

389 139 493 233 7'32
587 146 996 215 VALERII
1062 141 1449 203 MAXIMI
1499 143 1816 205 L1B.v111.
1850 147 2156 207 cnvn.

446 260 576 306 Plato
612 270 764 304 autem
801 254 993 319 patriam
1028 250 1258 309 AthenaS,
1291 254 1338 287 40
1362 261 1707 314 praeceptorem
1743 252 1977 300 Socratem
2012 251 2224 311 sortitus,
2250 251 2297 298 &
2319 251 2389 300 10³

384 356 490 385 cum
527 337 576 384 «Sc
612 337 849 383 hominem
884 331 1114 380 doetrinae
1150 326 1499 384 fertiliffimum3
1539 328 1711 392 ingenii
1745 330 2112 394 quoque-divina
2146 331 2388 379 instructus

383 415 654 463 abundantia
666 438 681 472 3
720 431 827 462 cum
860 412 1070 459 omnium
1100 411 1196 472 jain
1231 406 1495 453 mortalium
1529 406 1870 470 sapientissimus
1902 409 2169 469 haberetur,
2205 426 2259 456 eo
2286 412 2386 473 qui-

169 494 367 567 “{3'1031211310‘
385 496 489 542 dem
526 494 689 558 usque,
725 507 776 540 ut
803 491 836 539 fi
871 491 962 555 ipse
988 489 1174 552 Jupiter
1210 484 1341 532 coelo
1376 483 1695 545 descendisset,
1730 501 1813 532 nec
1833 486 2140 550 elegantiore,
2177 504 2260 535 nec
2283 489 2386 535 bea·

385 580 503 626 tiore
537 577 750 625 facundia
783 574 939 621 usurus
973 571 1222 618 videretur:
1264 568 1533 635 Aegyptum
1569 569 1855 632 peragravit,
1901 574 1940 606 4¹
1982 567 2093 615 dum
2125 570 2151 616 ὲ
2185 570 2387 618 sacerdo..

386 654 509 702 tibus
547 655 641 717 ejus
675 651 824 716 gentis
846 649 1140 696 Geometriae
1176 646 1457 708 multiplices
1493 663 1732 706 numeros,
1767 661 1904 709 atque
1937 653 1980 684 42
2006 648 2268 696 coelestium
2304 652 2388 698 ob-

388 735 691 783 servationum
726 731 949 777 rationem
986 728 1197 792 percipit.

1267 725 1473 788 Qioque
1508 738 1716 788 tempore
1760 731 1802 762 43
1851 723 1875 769 a
1911 722 2116 772 studiosis
2154 727 2386 788 juvenibus

385 814 594 861 certatim
633 811 838 869 Athenae
872 809 1111 856 Platonem
1148 805 1385 852 doctorem
1421 804 1737 868 quaerentibus
1775 803 2073 867 petebantur,
2110 804 2200 868 ipse
2223 813 2269 844 44
2296 807 2388 851 Ni·⁸

388 892 419 937 li
455 891 656 937 fluminis
692 886 1030 951 inexplicabiles
1064 886 1179 950 ripas
1208 919 1222 945 ,
1269 892 1310 923 45
1358 882 1717 949 vastiffimosque
1742 899 1925 947 campos
1946 916 1961 942 ,
2009 882 2194 931 effusam
2229 885 2387 933 barba-

382 1115 483 1151 quam
513 1102 651 1148 suorum
690 1100 835 1135 cinerum
875 1098 1022 1135 nobilius
1049 1098 1215 1147 clariusve
1244 1113 1361 1136 monu-

386 1151 548 1201 mentum]
572 1150 785 1188 Correffius
805 1151 898 1187 haec
916 1152 953 1188 in
973 1150 1069 1187 libris
1090 1151 1360 1199 manuscriptis,

386 1204 551 1241 maxime
588 1203 624 1239 in
672 1201 854 1244 Sufiano;
902 1204 1007 1250 Cujus
1041 1201 1212 1238 ardentem
1245 1216 1360 1253 rogum

380 1257 491 1305 plenis
530 1255 758 1289 venerationis
798 1254 900 1288 oculis
941 1255 1163 1299 Metapontus
1196 1255 1362 1301 aspexit,

389 1305 542 1353 oppidum
576 1305 785 1354 Pythagorae
815 1318 914 1353 quam
936 1306 1073 1349 suorum
1099 1307 1242 1340 cinerum
1271 1304 1364 1340 nobi-

390 1359 456 1392 lius
484 1357 648 1402 clariusve
674 1365 890 1390 monumento.
917 1354 1057 1391 PIGH.
1086 1357 1202 1390 Plenis
1223 1369 1364 1392 ‘venera-

388 1409 492 1443 tionis
511 1408 610 1442 oculis
628 1406 717 1454 legit
730 1407 840 1442 etiam
853 1404 1054 1443 Ascenfius.
1068 1406 1213 1456 Reliqui
1231 1408 1365 1455 plenum

392 1459 551 1496 retinent
570 1469 654 1493 cum
678 1456 849 1494 undecim
872 1457 979 1494 MSS.
1005 1468 1073 1505 pro
1092 1469 1232 1506 operum.
1258 1459 1363 1505 Mog.

391 1512 428 1547 δε
454 1508 558 1546 Med.
588 1519 672 1544 cum
693 1508 790 1545 Ven.
819 1509 856 1545 ἃ
879 1508 985 1545 MSS.
1008 1507 1187 1557 plerisque
1219 1507 1363 1556 opidum.

388 1562 479 1597 item
512 1570 644 1596 omnes
675 1559 752 1595 fere
782 1559 887 1596 MSS.
917 1562 1189 1596 Monumentum.
1217 1572 1285 1607 pro
1317 1561 1363 1595 ci-

388 1625 524 1654 nerum,
555 1618 712 1657 uterque
742 1610 845 1647 Paris.
882 1610 986 1648 Barb.
1017 1611 1123 1658 prim.
1153 1611 1289 1658 Copes.
1318 1613 1363 1646 ci-

389 1664 508 1704 vium,
537 1660 736 1709 quomodo
758 1660 956 1708 legendum
982 1661 1172 1699 videbatur
1195 1662 1362 1709 Guyeto.

393 1713 496 1750 Barb.
518 1712 585 1749 sec,
614 1712 756 1747 cinerum
771 1737 781 1753 ,
810 1711 852 1748 al'
871 1714 1005 1748 civium.
1059 1712 1130 1749 Sed
1155 1713 1274 1747 cineres
1297 1715 1365 1758 Py-

392 1764 551 1813 diagorae
573 1790 583 1806 ,
642 1758 650 1766 ’

394 1815 543 1852 videtur
562 1818 642 1861 suos
672 1813 816 1854 cineres,
844 1813 865 1849 i.
894 1824 924 1849 e.
955 1813 1093 1849 cineres
1116 1813 1254 1849 civium
1275 1812 1361 1849 suo·

396 1878 478 1903 rum
494 1894 504 1909 ‚
523 1865 759 1914 Pythagorae
778 1863 957 1900 cineribus
977 1861 1183 1912 opposuiffe
1197 1891 1207 1907 ,
1228 1872 1265 1899 ut
1286 1874 1368 1910 per-

398 1925 457 1965 gat
479 1916 524 1953 ad
547 1926 680 1964 rogum
704 1915 780 1962 ejus
805 1914 977 1952 alludere.
1033 1916 1161 1962 Quare
1191 1913 1369 1950 emenda-

398 1968 590 2005 dationem
618 1965 833 2013 Pighianam
862 1966 922 2002 hic
949 1976 1026 2002 non
1056 1965 1346 2013 improbaverim
1364 1993 1373 2009 ‚

400 2017 603 2055 exhibentis
632 2027 846 2052 monumento.
901 2016 1001 2053 Nam
1022 2024 1061 2053 ut
1079 2016 1196 2063 ipsum
1216 2014 1368 2062 oppidum

400 2070 499 2107 dicat
525 2079 770 2105 monumentum
796 2067 1011 2118 Pythagorae
1031 2095 1040 2111 ‚
1086 2066 1123 2103 id
1152 2066 1274 2104 durius
1299 2066 1367 2109 est,

401 2132 514 2170 quam
552 2127 593 2156 ut
632 2118 777 2155 admitti
803 2118 919 2166 possit.
971 2117 1014 2155 Id
1042 2117 1150 2166 igitur
1176 2117 1256 2154 vult
1292 2116 1370 2165 plus

402 2170 620 2208 celebritatis
638 2169 773 2206 habere
786 2170 1053 2217 Metapontum
1078 2180 1122 2206 ex
1144 2180 1371 2206 monumen-

402 2232 443 2260 to
463 2222 717 2270 Pythagorae,
745 2232 859 2269 quam
882 2220 987 2258 ullius
1005 2220 1144 2256 civium
1165 2219 1327 2257 suorum.

450 2286 509 2319 40.
539 2275 778 2320 Praeteptorem
800 2270 980 2320 Socratem]
1009 2270 1183 2314 Pauculi,
1215 2274 1255 2307 Et
1274 2282 1373 2319 prae-

402 2335 558 2373 ceptorem
587 2325 760 2359 Socratem.
786 2322 892 2360 Leid.
919 2323 987 2359 sec,
1026 2324 1148 2358 Patria
1179 2322 1372 2366 Uitlaenas,

400 2385 604 2424 praeceptore
624 2376 783 2410 Socratem
798 2376 953 2421 sortitus.
979 2372 1080 2411 idem
1096 2399 1105 2410 .
1134 2373 1264 2424 Ingenii
1279 2371 1374 2409 divi·

402 2440 446 2463 na
473 2426 647 2473 instruflus
671 2426 853 2471 sapientia.

455 2489 514 2522 41.
543 2478 637 2511 Dum
658 2489 677 2510 a
692 2473 936 2523 sacerdotibus]
950 2475 1079 2523 Vulgo
1099 2484 1184 2513 ante
1202 2476 1373 2524 Pighium

406 2527 616 2575 legebatur,
643 2525 696 2561 ubi
719 2540 740 2561 a
761 2525 986 2573 sacerdotibus
1009 2527 1079 2563 ἃς.
1115 2529 1267 2573 percepit.
1305 2528 1375 2564 Sed

407 2580 506 2616 Ven.
535 2578 572 2615 δί
590 2576 748 2614 Mediol.
776 2576 852 2611 dum
880 2591 901 2612 a
922 2575 1149 2624 sacerdotibus⁴
1171 2585 1242 2614 (Vc.
1269 2589 1375 2621 perce-

403 2632 470 2680 pit.
508 2630 615 2677 Mog.
660 2626 736 2677 diem
767 2638 878 2663 autem
912 2641 934 2662 a
964 2626 1189 2674 sacerdotibus
1223 2631 1375 2676 percipit.

409 2681 579 2729 Guyetus
605 2678 683 2715 dum
718 2678 874 2727 explicat
912 2678 1045 2726 afinque
1083 2679 1107 2715 i.
1141 2689 1172 2715 e.
1214 2690 1262 2716 ut.
1298 2680 1376 2717 Gu-

410 2731 490 2769 dius
509 2731 618 2779 legit.
647 2731 842 2779 perciperet,
866 2728 978 2778 idque
996 2729 1110 2776 ipsam
1131 2729 1374 2767 Latinitatem

414 2783 596 2830 postulare
617 2781 770 2829 judicat.
820 2779 920 2817 Vide
940 2780 1048 2827 Epist.
1076 2782 1152 2829 ejus
1181 2781 1377 2818 secundam

421 2832 469 2869 ad
496 2833 729 2880 Menagium.
757 2839 798 2869 ut
824 2831 903 2869 satis
932 2831 1109 2879 intelligas
1137 2832 1254 2879 ipsum
1284 2844 1381 2881 quo-

421 2894 497 2932 que
524 2882 601 2918 dum
629 2881 838 2931 explicuisse
866 2894 929 2931 per
959 2893 1011 2920 ut.
1065 2881 1137 2919 Sed
1163 2882 1252 2931 quid
1280 2890 1382 2920 vetat

418 2936 469 2972 ita
498 2935 686 2981 accipere,
720 2936 919 2984 peragravit
946 2939 1152 2984 <Aegyptam
1175 2932 1253 2969 dum
1281 2934 1384 2983 perci-

412 2985 467 3035 pit
488 3012 499 3028 ,
537 2985 560 3021 i.
597 2996 628 3020 e.
664 2985 741 3020 dum
767 2985 828 3022 dat
853 2996 982 3034 operam
1006 2983 1240 3031 percipiendo?
1285 2993 1383 3022 certe

412 3036 554 3084 percipit
583 3035 643 3071 vel
670 3039 812 3088 percepit
831 3037 968 3076 habent
986 3036 1154 3088 plerique
1175 3035 1284 3076 MSS.
1302 3036 1383 3076 nul-

417 3087 471 3125 lus
495 3087 687 3137 perciperet.

623 1773 739 1811 quum
772 1763 954 1810 peregrini
982 1760 1096 1799 effent
1128 1758 1386 1809 Metaponti,'

2246 967 2356 1014 riem
2372 1001 2391 1027 ‚

1463 1110 1523 1145 42.
1560 1098 1756 1145 coelestium
1795 1096 2060 1146 observationum
2099 1097 2279 1148 rationem]
2332 1099 2388 1138 Ita

1413 1149 1545 1186 rectius
1566 1150 1704 1186 editum
1727 1149 1746 1186 a
1770 1148 1933 1194 Colero,
1950 1160 2062 1198 quam
2085 1149 2201 1186 Aldus
2225 1151 2262 1188 δε
2284 1150 2386 1188 hunc

1411 1201 1554 1238 secutus
1596 1201 1743 1248 Pighius
1785 1199 1954 1244 edidere,
2004 1200 2092 1236 Coel.
2127 1200 2388 1247 observationem

1413 1254 1593 1288 rationum.
1661 1251 1842 1288 Martinus
1883 1262 2036 1300 quoque
2076 1252 2228 1299 Herbip.
2273 1252 2390 1290 edidit

1415 1305 1503 1338 coel.
1533 1302 1797 1350 obfhrvattonum
1825 1306 1982 1338 rationes.
2035 1301 2222 1339 Codicum
2254 1303 2388 1341 Brand.

1415 1365 1508 1391 unus
1536 1354 1718 1395 Aldinae,
1746 1353 1835 1389 alter
1865 1353 2016 1390 Martini
2048 1353 2200 1401 Herbip.
2230 1353 2386 1391 editioni

1418 1405 1607 1442 consonat.
1635 1403 1831 1442 VORST.
1867 1404 2000 1453 Copes.
2031 1406 2239 1439 Geometriae
2273 1407 2391 1441 multi-

1410 1459 1514 1506 plices
1551 1470 1700 1492 numeros
1736 1456 1917 1501 coelestium
1954 1455 2180 1501 obser-vatione
2218 1466 2388 1492 rattonum

1411 1509 1583 1557 percipit,
1625 1508 1662 1544 ὃς
1693 1505 1738 1542 fic
1772 1506 1873 1543 Harl.
1913 1513 2067 1553 uterque
2104 1506 2209 1542 Paris.
2246 1506 2313 1544 Eit.
2349 1508 2388 1545 δί

1415 1559 1520 1596 Barb.
1546 1559 1667 1606 primi.
1680 1557 1810 1603 Ultrai.
1837 1556 1903 1593 sec.
1931 1556 2195 1603 observationum
2227 1561 2387 1596 rationes.

1417 1611 1454 1648 &
1492 1611 1601 1657 Mog.
1660 1608 1730 1645 Sed
1770 1608 1877 1656 prim.
1915 1606 2175 1654 observationem
2214 1620 2385 1645 rationum

1418 1673 1502 1699 cum
1527 1661 1695 1708 vulgatis.
1723 1659 1854 1708 reliqui
1885 1658 2058 1695 videntur
2088 1657 2310 1696 confirmare
2332 1660 2388 1696 ob-

1408 1713 1639 1761 servationum
1664 1712 1836 1747 rationem.

1467 1774 1526 1811 43.
1555 1765 1612 1800 A
1630 1761 1789 1808 stadiofis
1812 1756 2007 1806 juvenibus]
2037 1760 2187 1796 Vocem
2209 1760 2388 1808 posterio-

1415 1824 1496 1849 rem
1527 1812 1668 1849 omittit
1701 1811 1807 1848 Leid.
1832 1811 1949 1859 quint.

1467 1875 1524 1909 44.
1555 1864 1632 1898 Nili
1667 1861 1838 1910 fluminis]
1883 1861 1983 1896 Hinc
2005 1859 2120 1897 multa
2150 1859 2195 1897 de
2217 1862 2305 1898 Nilo
2329 1864 2386 1900 in-

1417 1913 1538 1961 spersit
1567 1914 1635 1950 suis
1663 1914 1833 1959 operibus
1866 1911 1941 1958 apis
1968 1910 2026 1947 illa
2048 1911 2194 1953 Attica,
2225 1914 2263 1950 ὃς
2286 1914 2383 1961 apud

1420 1964 1640 2002 Strabonem
1679 1963 1767 2000 dicit
1797 1962 1924 2000 Nilum
1957 1963 2098 2005 τεινώε
2130 1964 2276 2010 κοςυ-είυέ
2308 1965 2387 2001 >372-

1419 2018 1533 2052 veaessv.
1584 2015 1645 2051 De
1675 2015 1781 2062 hujus
1813 2012 1972 2049 fluminis
1997 2012 2180 2049 miraculis
2211 2014 2248 2050 ὅτ
2278 2014 2388 2052 Cice=

1421 2079 1463 2104 ro
1492 2069 1630 2113 poema
1666 2065 1827 2106 fecerat,
1856 2062 1959 2110 quod
1982 2062 2110 2099 Nilum
2145 2063 2388 2112 inscripserat,

1420 2117 1507 2156 teste
1534 2116 1748 2163 Capitolino
1781 2115 1816 2150 in
1845 2113 2053 2150 Gordianis.
2083 2114 2275 2152 COLER.

1481 2180 1540 2215 45.
1572 2165 1834 2214 Vastiffimosqtee
1862 2175 1986 2212 campos
2017 2162 2156 2213 eſjsusam
2183 2164 2388 2217 barbariem]

1421 2221 1482 2258 An
1507 2217 1708 2266 legendum
1742 2214 1978 2263 Vastiffimoque
2005 2227 2114 2262 campo
2141 2213 2281 2263 effusam
2311 2218 2390 2255 bar-

1420 2271 1576 2308 bariem?
1609 2269 1632 2305 i.
1657 2280 1688 2306 e.
1716 2279 1826 2316 aquas
1856 2266 2097 2313 Aetliiopicas
2119 2278 2163 2302 ex
2190 2268 2390 2317 Aethiopia

1422 2325 1459 2361 in
1482 2319 1643 2368 Aegypti
1674 2330 1848 2366 campum
1873 2318 1905 2355 i.
1923 2329 1954 2355 e.
1982 2316 2178 2366 planiciem
2200 2319 2307 2359 Δέλῴι
2337 2321 2391 2358 ef.

1425 2373 1534 2412 fusas.
1554 2372 1695 2408 Lucan.
1722 2370 1766 2406 L.
1787 2382 1821 2406 2.

1475 2455 1561 2487 Non
1591 2452 1696 2486 minor
1722 2449 1772 2484 bic
1795 2448 1899 2491 Nilo,
1919 2447 1952 2494 fi
1973 2461 2035 2483 non
2052 2457 2106 2492 per
2127 2446 2232 2494 plana
2252 2447 2393 2491 iacentis

1476 2502 1642 2553 aegypti
1673 2500 1807 2546 Libycas
1840 2500 1949 2534 A‘ilus
1978 2501 2155 2548 stagnaret
2183 2511 2312 2535 arenas.

1603 2552 1802 2588 GUYET.

1428 2629 1544 2667 Nihili
1568 2630 1649 2676 ‚hoc
1676 2629 1735 2667 est.
1762 2642 1826 2678 per
1847 2627 2036 2676 vastissimos
2065 2641 2194 2676 campos
2221 2629 2393 2678 intelligit

1428 2681 1551 2728 potius
1577 2681 1715 2718 deserta
1738 2681 1880 2730 Libyae
1898 2679 2061 2728 Aegypti
2081 2682 2312 2718 contermina
2326 2709 2335 2724 ‚
2357 2682 2396 2719 &

1431 2742 1495 2779 per
1514 2729 1654 2780 effusam
1674 2732 1878 2772 barbariem,
1909 2732 2051 2769 vicinos
2072 2736 2106 2769 ei
2125 2732 2294 2769 barbaros
2312 2731 2398 2769 lon-

1432 2793 1477 2829 ge
1501 2782 1648 2833 lateque
1679 2783 1728 2820 ibi
1758 2791 1924 2831 patentes
1954 2784 1992 2820 δε
2019 2782 2090 2819 sese
2127 2782 2358 2819 effundentes
2380 2811 2392 2827 ,

1433 2840 1473 2869 ut
1502 2833 1582 2871 illos
1617 2832 1772 2871 invisiffe
1803 2835 1915 2871 etiam
1951 2834 2066 2882 ipsum
2095 2833 2260 2877 indicet,
2303 2833 2393 2870 dum

1433 2882 1637 2922 studiorum
1670 2884 1787 2923 caussa
1821 2884 1986 2923 lustrabat
2016 2886 2244 2932 Aegyptum.
2298 2884 2397 2921 Peri-

1435 2935 1565 2972 zonius
1603 2935 1782 2984 adscripsit
1813 2936 1917 2973 haec.
1971 2936 2188 2973 Gronovius
2219 2941 2394 2977 annotat,

1434 2984 1521 3020 locus
1548 2986 1704 3024 vitiatus.
1728 2989 1765 3024 &
1787 2988 1859 3035 ipse
1881 2987 2044 3035 conjicit.
2070 2986 2109 3023 F.
2132 3002 2148 3033 e
2180 2990 2306 3034 usorum
2326 2997 2397 3020 ma-

1434 3036 1544 3079 rium,
1574 3037 1657 3081 vel,
1694 3036 1834 3087 effusam
1863 3052 2009 3074 arenam.
2046 3037 2083 3074 in
2124 3035 2392 3076 Collationibus

1434 3095 1521 3125 cum
1547 3086 1617 3128 Ed.
1654 3088 1840 3128 Duacenfi
1869 3089 1983 3128 video
2013 3088 2126 3127 etiam
2153 3085 2370 3135 adscriptum
2389 3117 2401 3134 ,

2349 3139 2402 3175 lo-
