2516 3509
405 97 516 166 564
676 78 1091 145 VALERII
1161 73 2166 138 MAX1M1L1n.v1.cAp.1V.

402 207 484 238 nus
518 188 655 236 etiam
691 183 921 232 consulem
956 179 1149 227 alterum
1185 174 1372 239 Capuae
1407 174 1547 220 creari
1581 172 1743 222 debere
1775 176 2056 225 asseverabat.
2092 175 2154 224 fic
2189 175 2406 225 contusus

404 271 452 317 ὃς
487 282 620 331 aeger
653 264 857 312 Romani
892 259 1072 325 imperii
1107 255 1285 320 spiritus
1319 266 1427 299 erat.
1495 250 1515 279 ⁶
1541 253 1682 300 Tunc
1716 256 1918 303 Manlius
1953 258 2247 320 Torquatus,
2284 255 2404 306 filius

401 350 526 412 ejus,
563 346 642 409 qui
677 344 869 391 Latinos
906 348 925 380 7
962 338 1083 404 apud
1120 333 1325 382 Veserim
1371 332 1543 396 inclyta
1589 349 1744 396 pugna
1788 334 2000 395 suderat,
2050 352 2185 400 quam
2221 349 2403 400 poterat

402 423 517 469 clara
552 439 667 470 voce
702 421 1015 478 denuntiavit,
1039 422 1082 480 fi
1117 419 1207 478 quis
1230 413 1436 475 sociorum
1470 417 1577 460 inter
1614 418 1760 461 Patres
1793 417 2032 479 conscriptos
2053 417 2304 482 stuteutium
2337 421 2404 467 di-

402 521 487 551 cere
522 521 576 550 au
600 521 646 550 us
678 506 771 565 cffit
795 537 808 557 ‚
857 503 1043 548 contiuuo
1077 513 1166 543 eum
1197 493 1245 556 ſse
1276 496 1633 552 interemptummz.
1701 492 1803 538 Hae
1837 495 1970 540 unius
2008 496 2181 554 minae,
2217 494 2266 542 ἃ
2300 497 2404 543 Ro-

338 612 341 614 -
404 603 642 633 manorum
688 582 1007 649 languentibus
1048 578 1204 625 animis
1251 575 1447 622 calorem
1483 573 1724 636 pristinum
1767 575 2058 624 reddiderunt
2079 611 2095 637 ,
2128 576 2191 624 »δί
2226 571 2404 626 Italiam

2298 656 2407 704 8ad

1435 788 1479 823 Et
1503 789 1675 836 praecipue
1693 789 1856 824 Manlius
1881 786 1939 835 effe
1968 788 2070 823 etiam
2089 802 2173 824 nunc
2200 793 2271 834 ejus
2289 790 2408 840 stirpis

410 803 581 844 tei-quam
601 795 639 831 in
661 792 857 843 Campensi
879 793 1032 836 codice,
1053 792 1223 842 quamvis
1238 791 1298 828 hic
1317 789 1382 827 ad·
1467 840 1471 844 .
1595 841 1598 844 ι

1433 851 1543 874 'utrum
1563 837 1683 875 deteret
1696 865 1705 881 ,
1729 855 1770 875 ex
1790 854 1856 889 qua
1874 837 2038 888 quondam
2055 841 2091 874 in
2114 841 2280 888 Capitolio
2298 842 2408 888 consul

411 846 565 883 niodum
588 845 789 894 depravato
803 873 811 888 ‚
840 846 902 894 qui
924 845 995 887 ita;
1017 846 1183 884 k,uranius
1205 844 1263 877 ille
1282 845 1383 878 Cam-
1476 891 1480 894 .
1655 890 1662 896 ,
1948 890 1953 895 ι

402 899 504 946 panis
526 899 652 940 etiam,
681 906 753 933 eac.
795 895 899 944 Quid
930 895 956 932 fi
982 895 1091 943 igitur
1114 895 1280 942 legamus
1297 893 1383 929 --hoc
1435 899 1581 924 mtnatus
1611 892 1713 938 esset3
1744 894 1854 941 Quem
1876 892 2033 925 Latmum
2062 892 2097 926 in
2119 893 2222 926 Curia
2247 890 2406 938 vidrffet,

407 947 556 985 modo?
588 956 631 983 Ut
653 948 803 987 ,Annius
827 949 928 989 olim,
961 947 1124 995 Campani
1153 946 1253 980 etiam
1276 945 1384 990 consu·
1435 954 1507 975 eum
1529 942 1596 987 sua
1619 956 1719 978 mauu
1741 947 1779 989 se
1805 942 2076 986 interfefiurum‚
2105 941 2240 979 Adfuit
2270 942 2406 980 deinde

407 1000 472 1033 lem
492 1001 634 1034 alterum
654 1001 788 1048 Capuae
805 1000 908 1033 creari
928 996 1041 1033 debere
1055 996 1294 1044 asseverabant.
1315 994 1383 1032 Fa·
1435 991 1726 1041 thwoyejfi&
1748 992 1876 1041 aliquis
1896 992 2041 1039 ineptus
2055 1017 2064 1032 ‚
2088 993 2153 1040 qui
2174 1004 2309 1030 vocem
2323 997 2410 1040 stir-

413 1049 489 1085 cilis
509 1058 631 1086 autem
654 1049 769 1096 lapsus
791 1046 860 1084 effe
883 1049 1004 1096 potuit
1022 1047 1117 1084 inter
1135 1047 1227 1083 haec
1249 1045 1356 1082 verba
1371 1073 1381 1090 ,
1428 1043 1484 1088 pis
1502 1042 1696 1092 velstt'rpes
1716 1043 1752 1079 in
1773 1044 1895 1091 primo
1917 1044 1996 1079 casu
2015 1043 2182 1086 fimens,
2205 1052 2247 1081 ut
2259 1044 2404 1082 Servius

411 1105 453 1135 η
477 1100 629 1139 ιΛηηῑω
645 1123 654 1139 ‚
680 1100 868 1141 ,Amniuss
898 1100 976 1133 olim
997 1099 1066 1135 ille,
1116 1098 1230 1145 Igitur
1250 1096 1384 1134 verita-
1435 1093 1473 1128 δε
1496 1092 1677 1141 Sosipater
1694 1093 1770 1130 fieri
1790 1092 1888 1141 posse
1910 1093 2063 1134 volunt,
2094 1093 2209 1131 filium
2231 1096 2407 1144 interpre-

413 1151 439 1186 ti
471 1158 581 1198 atque
608 1149 777 1186 historiae
807 1149 903 1185 hanc
931 1147 1133 1184 lectionem
1162 1147 1259 1184 reete
1292 1157 1380 1183 con⁴
1434 1150 1529 1179 tatus
1549 1144 1621 1187 est,
1650 1156 1745 1194 quae
1767 1144 1879 1192 glossa
1899 1143 2033 1181 deinde
2054 1145 2092 1181 in
2113 1145 2229 1193 ipsum
2247 1158 2339 1194 opus
2357 1148 2404 1184 ir-

415 1208 610 1248 gruentem
635 1200 830 1237 admittere
851 1200 970 1236 visum
993 1199 1085 1243 fuit,
1113 1198 1235 1235 donec
1257 1197 1389 1234 certius

415 1250 505 1300 quid
535 1251 744 1300 reperiatur.
768 1250 909 1287 PIGH.
937 1251 1087 1290 Uannius
1114 1260 1224 1285 autem
1248 1252 1389 1297 Campa-

415 1315 476 1337 nus
503 1306 604 1337 etiam
631 1304 791 1348 consulem
817 1302 960 1336 alterum
991 1303 1125 1350 Capuae
1147 1301 1251 1336 creari
1278 1298 1390 1334 debere

418 1352 635 1399 affeverabat⁴
675 1353 728 1389 Ita
755 1353 789 1388 in
824 1351 981 1400 antiquis
1009 1352 1105 1400 typis
1135 1350 1323 1399 expressis,
1351 1351 1390 1387 &

421 1411 583 1451 utroque
603 1402 714 1439 etiam
734 1402 864 1440 Brand.
893 1402 974 1440 MS.
996 1402 1087 1439 haec
1108 1401 1290 1450 leguntur.
1334 1401 1387 1438 At

418 1453 567 1501 Pighius
594 1453 794 1500 legendum
834 1453 985 1496 censet,
1022 1458 1066 1488 Ut
1094 1455 1244 1493 eAnnius
1284 1451 1387 1496 olim,

416 1504 585 1551 Campani
624 1506 726 1539 etiam
756 1505 916 1552 consulem
941 1505 1088 1540 alterum
1115 1506 1248 1548 Capuae
1284 1504 1388 1539 creari

418 1553 532 1590 dehere
560 1553 799 1601 affeverabant.
850 1555 1041 1591 Nimirum
1056 1583 1066 1598 ,
1088 1565 1136 1591 ne
1154 1554 1309 1591 Valerio
1335 1554 1389 1590 ul-

419 1605 474 1641 lus
498 1616 599 1641 error
619 1613 681 1642 aut
699 1604 883 1650 ἁμάρτκμκ
901 1605 1088 1648 summum&
1106 1605 1388 1653 impingeretur,

423 1655 587 1693 librarios
608 1657 888 1704 corruptionem
920 1655 1042 1693 feciffe
1064 1656 1298 1693 statuendum
1324 1654 1388 1702 ipsi

423 1706 539 1743 visum
577 1706 657 1744 fuit.
708 1710 793 1751 Jam
836 1708 882 1744 L.
914 1708 1083 1748 eAnnium
1125 1708 1273 1742 Setinum
1312 1717 1390 1742 non

420 1760 649 1803 Campanum,
671 1756 730 1795 sed
747 1758 909 1794 Latinum
931 1755 1055 1802 fuiffe,
1070 1767 1193 1805 neque
1219 1756 1298 1804 post
1326 1767 1393 1803 pu-

422 1819 533 1856 gnam
566 1808 823 1852 Cannensem,
858 1807 919 1845 sed
949 1807 1012 1845 diu
1043 1816 1128 1845 ante
1155 1819 1239 1844 eam
1256 1805 1393 1845 ,vixisse

424 1870 554 1895 verum
576 1861 658 1896 sane
685 1859 756 1903 est,
789 1860 827 1897 δε
853 1870 897 1895 ex
915 1857 976 1895 lib.
1001 1870 1086 1896 vm.
1112 1858 1212 1895 Livii
1239 1857 1394 1894 eviden-

423 1917 480 1946 ter
504 1918 664 1958 apparet.
714 1911 796 1947 Nec
815 1917 943 1947 tamen
964 1910 1163 1958 impetrare
1186 1908 1206 1946 a
1227 1920 1289 1945 me
1310 1908 1391 1956 pos-

423 1961 501 1997 sum
516 1989 525 2003 ‚
552 1970 591 1998 ut
608 1960 801 1998 Valerium
821 1960 950 1997 erroris
970 1972 1013 1998 ac
1037 1961 1246 1998 memoriae
1275 1959 1390 2006 lapsus

421 2011 608 2048 absolvam
623 2040 632 2056 ‚
645 2023 878 2061 omnemque
897 2010 1042 2060 culpam
1063 2012 1101 2048 in
1118 2010 1281 2047 librarios
1301 2021 1391 2046 con-

425 2061 619 2098 serendam
640 2072 792 2110 putem:
821 2063 957 2110 quippe
979 2073 1065 2100 cum
1095 2062 1132 2098 in
1151 2072 1392 2098 commemo-

428 2112 549 2150 randis
575 2113 678 2150 rebus
701 2113 859 2163 antiquis
890 2124 977 2150 eum
1006 2124 1084 2150 non
1120 2112 1235 2149 semel
1261 2112 1390 2149 salsum

426 2160 497 2199 esse
519 2163 752 2202 obserwarim.
804 2163 903 2201 Vide
922 2163 1041 2201 modo
1067 2163 1169 2211 supra
1189 2176 1250 2200 111.
1277 2175 1311 2199 2.
1333 2175 1392 2200 zo.

423 2225 461 2250 v.
488 2226 520 2259 4.
551 2226 583 2262 3.
610 2227 645 2252 v.
674 2215 707 2251 8.
735 2227 769 2252 2.
798 2215 835 2252 δε
866 2226 898 2264 3.
938 2215 976 2252 ὃ(
1004 2214 1050 2252 ad
1080 2214 1163 2251 loca
1195 2226 1237 2251 ea
1262 2215 1393 2251 Notas.

422 2264 620 2302 VORST.
647 2266 701 2302 Ut
728 2266 765 2302 in
797 2265 928 2303 Brand.
965 2264 1118 2314 legitur,
1158 2265 1207 2303 ita
1240 2277 1393 2314 quoque

425 2315 537 2352 exstat
563 2316 599 2351 in
629 2316 767 2352 nostris.
820 2315 899 2353 Nisi
925 2316 1029 2365 quod
1051 2316 1192 2354 variant
1223 2316 1394 2353 nonnihil

420 2366 460 2402 in
481 2368 636 2403 nomine
667 2366 856 2403 scribendo
880 2368 1032 2411 Uinius,
1065 2369 1251 2410 eAmnius,
1276 2369 1394 2407 c,Ami-

421 2431 484 2453 nus
506 2442 517 2457 ,
560 2418 727 2455 sturnus.
773 2416 841 2453 Ed.
880 2417 989 2464 Mog.
1034 2418 1180 2455 ,ft-vius.
1222 2417 1393 2455 Perizon.

423 2466 616 2515 adscripsit.
652 2467 749 2514 COp.
785 2468 942 2505 Annius
967 2476 1077 2502 autem
1106 2470 1318 2513 Campanus,
1357 2470 1395 2506 ὃς

423 2517 471 2554 fic
494 2529 637 2555 omnes.
652 2516 795 2555 Falsum
817 2517 854 2553 &
872 2516 957 2553 hoc.
1010 2516 1109 2553 Vide
1131 2518 1289 2554 omnino
1311 2518 1395 2556 Liv.

427 2570 475 2606 L.
504 2581 615 2607 xxm.
636 2569 672 2605 6.

469 2621 506 2660 6,
535 2622 623 2656 Tunc
644 2619 802 2656 Manlius
820 2618 1009 2666 Torquatus
1037 2617 1131 2660 filius
1159 2622 1230 2663 ejus
1251 2617 1310 2668 qui
1328 2624 1396 2656 La-

419 2673 509 2709 tinos
537 2670 582 2707 ad
613 2669 769 2718 Veserim]
819 2668 992 2706 Diximus
1023 2668 1204 2714 temporis
1232 2669 1393 2716 spacium

423 2721 567 2769 prorsus
594 2720 797 2762 adversari,
824 2727 865 2757 ut
894 2719 970 2766 ejus
991 2716 1164 2766 potuisset
1184 2716 1256 2755 effe
1277 2718 1368 2757 filius
1384 2748 1394 2764 ‚

425 2784 512 2809 cum
546 2772 590 2809 ab
617 2772 681 2810 illo
697 2770 843 2809 Manlio
873 2769 919 2807 ad
945 2769 1046 2806 hunc
1077 2777 1229 2806 centum
1260 2770 1393 2816 viginti

424 2822 580 2870 amplius
613 2830 857 2860 numerentur
883 2821 980 2858 anni.
1031 2819 1256 2868 Legendum
1284 2821 1394 2868 igitur

424 2875 561 2921 opinor
576 2901 586 2916 ,
613 2873 677 2910 nifi
695 2873 802 2922 plane
820 2872 896 2909 hoc
914 2871 1003 2909 loco
1024 2871 1221 2908 Valerium
1251 2870 1396 2908 dormi-

422 2923 511 2961 taffe
539 2922 695 2961 velimus
722 2924 864 2966 dicere3
903 2924 993 2960 Tunc
1012 2923 1176 2959 Manlius
1205 2923 1397 2971 Torquatus

417 2975 535 3025 stirpis
556 2979 625 3024 ejus
645 2976 702 3024 qui
723 2975 888 3020 Latinos,
911 2980 985 3015 arc.
1010 2973 1068 3013 Sic
1088 2966 1228 3012 etenim
1253 2973 1395 3014 Livius,

1439 1192 1546 1241 repsit
1565 1194 1798 1232 librariorum
1823 1195 1926 1243 culpa
1942 1223 1951 1239 ‚
1981 1196 2044 1245 qui
2063 1195 2168 1244 saepe
2191 1197 2312 1234 minus
2336 1198 2403 1235 ob-

1439 1245 1539 1282 scura
1559 1245 1700 1294 rejet‘jtis
1720 1247 1855 1294 ignotis
1871 1246 1987 1283 solent
2014 1246 2236 1284 substituere.
2265 1248 2406 1286 PIGH.

1441 1297 1604 1332 Manlius
1636 1299 1825 1346 Torquatus
1846 1298 1946 1344 filius
1977 1303 2047 1343 ejus
2075 1299 2134 1345 qui
2159 1300 2296 1334 Latinos
2325 1299 2413 1348 apud

1446 1348 1591 1392 Veserim
1613 1348 1736 1392 inclyta
1764 1359 1876 1398 pugna
1900 1347 2051 1394 fuderat.
2080 1349 2169 1385 Non
2192 1350 2314 1397 potuit
2335 1352 2413 1400 ejus

1441 1397 1534 1434 filius
1555 1395 1637 1435 effe.
1690 1399 1879 1448 Siquidem
1910 1399 1988 1448 plus
2020 1407 2171 1436 centum
2202 1401 2304 1438 annis
2329 1402 2408 1449 post

1442 1460 1528 1485 eum
1570 1449 1671 1487 vixit.
1735 1451 1795 1487 Ne
1829 1451 1960 1498 igiturx
1975 1450 2047 1497 ipse
2086 1450 2255 1488 Valerius
2296 1452 2408 1490 erras-

1439 1500 1474 1536 se
1527 1499 1696 1538 videatur
1726 1529 1735 1544 ,
1962 1500 1965 1501 ⁷

1441 1549 1527 1587 dam
1558 1560 1662 1599 putat
1688 1552 1856 1600 Pighius3
1886 1553 1935 1589 ita
1964 1551 2117 1601 quidem
2154 1561 2194 1590 ut
2222 1563 2289 1599 pro
2310 1555 2412 1600 filius

1441 1613 1518 1639 vox
1543 1603 1750 1650 generalior
1769 1605 1887 1652 stirpis
1912 1602 2149 1640 substituatur.
2202 1604 2347 1641 Verum
2371 1612 2433 1653 ut·

1441 1653 1656 1700 proximum
1696 1654 1921 1702 superiorem
1969 1653 2192 1691 emendandi
2231 1664 2411 1694 conatum

1443 1715 1520 1740 non
1547 1704 1724 1752 probavi,
1761 1705 1810 1742 ita
1837 1716 1907 1742 nec
1937 1705 2037 1742 hunc
2065 1705 2222 1753 probare
2252 1705 2412 1753 poffum.

1445 1754 1505 1790 Ne
1524 1754 1677 1803 quidem
1708 1756 1785 1792 satis
1806 1756 1940 1793 Latine
1968 1755 2039 1791 dici
2067 1754 2210 1792 videtur
2238 1757 2341 1804 quod
2370 1758 2408 1795 in

1444 1804 1610 1842 editione
1638 1806 1754 1854 Pighii
1782 1806 1830 1843 est
1849 1834 1859 1848 ‚
1895 1807 2059 1842 Manlius
2085 1808 2274 1855 Torquatus
2294 1809 2415 1857 stirpis

1441 1869 1513 1903 ejus
1538 1857 1598 1903 qui
1619 1859 1757 1893 Latinos
1781 1856 1934 1902 fuderat.
1984 1852 2060 1893 Ita*
2072 1857 2173 1893 enim
2197 1862 2268 1905 ejus
2295 1859 2362 1895 erit
2391 1859 2412 1897 fa

1444 1906 1682 1943 nominativo
1711 1907 1819 1944 masc.
1844 1908 1987 1955 generis
2013 1908 2062 1949 is3
2093 1909 2130 1944 &
2149 1907 2410 1948 substantivum

1433 1958 1552 2005 stirpis
1577 1957 1720 1995 nullum
1738 1957 1801 1994 fibi
1817 1957 1989 2005 januum
2008 1958 2155 1995 habebit
2173 1957 2414 2007 adjedtivum.

1445 2007 1545 2043 Citat
1564 2008 1709 2055 Pighius
1728 2008 1817 2045 illud
1840 2009 1965 2053 Livii,
1986 2012 2027 2044 Et
2042 2011 2213 2059 praecipue
2231 2013 2410 2048 Manlium

1443 2057 1502 2105 effi?
1529 2059 1711 2094 etiamnum
1739 2065 1808 2103 ejus
1826 2061 1942 2107 stirpis
1965 2062 2077 2095 virum
2106 2060 2245 2105 diceret,
2272 2076 2314 2097 ex
2343 2076 2413 2112 qua

1442 2108 1610 2157 quondam
1629 2112 1665 2145 in
1685 2111 1852 2158 Capitolio
1870 2112 1980 2158 consul
1997 2112 2143 2147 minatus
2162 2110 2258 2158 esfi’t:
2280 2123 2412 2150 verum

1443 2159 1628 2197 locutioni
1657 2160 1743 2198 huic
1767 2161 1866 2198 Livii
1887 2160 2101 2199 emendatio
2123 2162 2143 2199 a
2167 2162 2294 2210 Pighio
2314 2163 2408 2202 faeta

1447 2211 1605 2248 minime
1623 2209 1745 2249 fimilis
1766 2211 1824 2253 est.
1855 2212 1911 2250 Vtr
1929 2217 1999 2258 ejus
2009 2214 2126 2262 stirpis
2145 2214 2246 2255 cuius
2266 2215 2415 2252 formae

1448 2261 1590 2300 locutio
1608 2261 1649 2299 fit
1668 2263 1864 2300 novimus:
1889 2271 1926 2301 at
1944 2265 2107 2299 Manlius
2127 2266 2316 2313 Torquatus
2330 2268 2416 2313 stir-

1445 2314 1496 2360 pis
1512 2338 1523 2356 ‚
1545 2318 1613 2361 ejus
1632 2313 1701 2350 viri
1719 2313 1873 2358 scilicet,
1901 2326 1947 2351 an
1966 2313 2086 2351 bonae
2106 2315 2252 2352 formae
2277 2315 2318 2353 fit
2334 2328 2413 2354 non

1446 2363 1574 2413 liquet.
1595 2365 1790 2404 VORST.
1818 2365 1924 2403 MSS.
1952 2364 2062 2402 Nulla
2081 2366 2139 2403 vel
2158 2366 2311 2403 minima
2331 2379 2415 2404 mu-

1447 2415 1612 2460 tatione,
1650 2417 1759 2451 Fz'lius
1799 2421 1891 2465 ejus,
1929 2416 2098 2454 retinent.
2161 2417 2287 2454 Locus
2313 2418 2415 2457 Livii

1450 2466 1499 2503 est
1524 2467 1569 2503 L.
1596 2479 1706 2503 xxm.
1730 2479 1788 2503 22.

1502 2529 1534 2564 7.
1562 2516 1684 2565 „Apud
1707 2519 1854 2565 Veserim
1884 2515 2043 2565 fluvium]
2068 2516 2138 2554 Ed.
2164 2517 2318 2556 Mediol.
2350 2524 2418 2556 Ve-

1440 2569 1580 2616 suvium
1590 2569 1762 2616 fluvium,
1775 2568 1879 2617 quod
1898 2568 1947 2605 ibi
1967 2568 2060 2604 tueri
2082 2579 2125 2604 ex
2147 2569 2304 2618 antiquis
2320 2570 2413 2608 libris

1448 2619 1595 2657 videtur
1615 2619 1861 2668 Theophilus.
1894 2626 1933 2656 ut
1963 2618 2066 2655 &ita
2095 2618 2294 2667 legendum
2318 2621 2414 2669 apud

1446 2669 1573 2707 Aurel.
1601 2669 1745 2708 Viuor.
1770 2682 1800 2708 c.
1829 2670 1888 2707 28.
1915 2668 1993 2706 Nifi
2015 2671 2189 2716 Vesuvium
2209 2669 2417 2719 simpliciter

1445 2720 1494 2756 ibi
1524 2720 1613 2759 velit
1639 2721 1721 2769 legi.
1774 2720 1933 2759 Rectum
1953 2719 2000 2757 est
2023 2722 2170 2768 Veserim
2184 2723 2340 2771 fluvium.
2367 2722 2416 2759 Et

1445 2770 1518 2808 huc
1545 2771 1703 2809 tendunt
1737 2783 1868 2810 omnes
1893 2771 2023 2819 scripti.
2068 2772 2152 2808 Liv.
2190 2772 2236 2808 L.
2263 2784 2353 2810 vm.
2381 2772 2415 2808 &

1444 2824 1638 2871 Pugnatum
1668 2826 1712 2870 est
1735 2823 1797 2872 sub
1826 2821 1990 2859 radicibus
2022 2823 2154 2870 Vesuvii
2178 2825 2320 2865 montis,
2346 2833 2413 2871 qua

1446 2873 1507 2907 via
1529 2872 1573 2908 ad
1595 2876 1734 2919 Ve²serim
1746 2872 1891 2920 ferebat.

1501 2921 1534 2958 8.
1561 2923 1636 2962 eAd
1660 2930 1712 2968 jus
1731 2925 1884 2961 civitatis
1912 2922 2073 2971 nobifium
2093 2919 2347 2971 exsequendum]
2372 2920 2415 2960 In

1451 2971 1710 3014 Geinblacensi
1739 2988 1781 3015 ac
1811 2973 2043 3014 Atrebatenfi
2077 2974 2223 3022 aliisque
2254 2970 2411 3026 melius,

2177 3046 2184 3052 ·
2322 3029 2423 3062 sx'aeq,

1799 1501 1914 1538 rursus
1964 1501 2213 1539 mutationem
2268 1503 2408 1540 facien·
2461 1511 2465 1514 ’
