2516 3509
361 69 470 158 90'0
594 68 1171 132 ANT0N11
1257 63 2159 122 SCHULTING11

355 181 504 236 suam,
541 177 630 225 sive
665 174 963 227 hereditatem
998 170 1081 236 ipsi
1108 169 1361 218 vendiderit
1385 168 1566 228 heredi,
1600 168 1671 215 sed
1706 168 1860 233 postea
1891 171 1987 230 alii,
2020 187 2125 217 cum
2162 170 2207 217 id
2234 171 2351 234 peri-

354 241 558 289 culosum
594 241 822 288 videretur
855 237 1173 294 testatoribus,
1214 247 1378 281 notum
1414 232 1498 278 effe
1530 249 1771 296 quemnam
1807 235 2004 282 habituri
2038 235 2190 282 forent
2224 237 2352 282 here-

355 307 458 352 dem
503 304 715 366 Theophil.
758 305 818 351 ad
858 312 894 360 §.
933 319 970 349 1.
1019 302 1116 362 last.
1163 301 1210 346 de
1244 300 1472 360 testament.
1507 299 1640 343 ordin.
1676 299 1728 349 {9²
1762 307 1798 354 §.
1826 314 1897 345 10.
1941 302 1995 344 ib.
2033 300 2248 359 heredem,
2283 304 2353 362 qui

354 373 571 432 imaginem
591 372 631 415 d.
655 381 687 416 t.
723 370 770 415 in
794 364 1204 431 mancipationibus
1237 378 1346 408 vero
1382 362 1428 407 id
1462 361 1585 424 quod
1622 362 1773 423 lingua
1806 364 2127 426 nuncupasset,
2156 366 2232 427 jus
2266 366 2357 411 effe

356 433 598 481 sanxierint'
633 433 877 480 duodecim
913 431 1118 485 tabulae}
1156 431 1282 474 Cicer.
1317 428 1364 472 de
1396 425 1514 484 Offic.
1549 427 1621 472 lib.
1644 431 1730 471 Ill.
1765 434 1944 485 cap.16.
1980 429 2086 486 Fest.
2120 446 2163 474 v.
2197 446 2352 475 mmm-

351 511 489 559 pata,
537 498 662 562 quod
697 498 746 544 &
775 498 830 544 ad
865 497 1127 542 testamenta
1162 490 1688 553 interpretandadextre
1721 491 1921 553 applicat
1955 490 2123 537 Cicero
2158 495 2206 538 de
2236 495 2351 540 Om-

357 576 436 609 tor.
470 565 547 608 lib:
569 581 604 608 1.
639 565 723 622 cap.
756 577 827 622 57.
873 573 1008 622 atque
1042 557 1147 603 inde
1181 556 1334 619 postea
1368 570 1551 617 quoque
1587 554 1707 600 <insta
1740 555 1920 600 videtur
1954 554 2206 602 testamenti
2239 574 2353 604 nun-

363 628 580 690 cupatio,
614 641 728 689 quae
761 625 825 671 est
857 624 1099 670 declaratio
1132 620 1408 677 voluntatiS,
1460 634 1593 681 quam
1630 619 1742 664 olim
1773 619 1936 682 apertis
1970 621 2116 665 verbis
2164 620 2356 668 faciebat

362 693 560 737 testator.
597 690 839 737 formulam
874 687 1062 735 exhibet
1097 685 1320 749 Ulpianus
1355 695 1515 729 tunm.
1550 692 1586 739 §.
1611 699 1656 737 9.
1692 688 1742 728 ln
1765 685 2029 742 testamento,
2065 686 2172 749 quod
2196 700 2271 745 per
2289 702 2358 733 aes

363 757 416 808 &⁹
438 758 589 802 libram
613 757 701 816 fit,
735 756 840 801 duae
874 769 935 799 res
968 762 1174 814 aguntur,
1212 749 1414 811 familiae
1447 751 1722 807 mancipatio,
1757 747 1811 799 ὃ
1834 753 2079 807 nuncupatio
2114 750 2354 810 testamenti.

364 823 647 880 Nuncupatur
681 819 968 879 testamentum
1001 822 1044 862 in
1076 817 1179 861 hunc
1213 816 1388 860 modum.
1440 809 1622 858 Tabulas
1656 813 1890 872 testamenti
1922 813 2092 874 testator
2126 824 2263 860 tenens
2295 818 2361 861 ita·

362 886 476 931 dicit.
550 889 669 930 Haec
701 887 765 929 uti
795 886 840 928 in
874 882 937 928 his
969 882 1122 926 tabulis
1157 878 1308 940 cerisve
1331 878 1494 939 scripta
1516 875 1648 938 sunt,
1682 880 1743 922 ita
1778 877 1849 934 dv,
1880 879 1942 922 im
1976 879 2082 939 lego,
2116 881 2178 924 ita
2213 879 2361 940 testor:

362 952 503 1010 itaque
535 965 608 995 vos
642 950 838 1014 Qirites
883 946 1153 1006 testimonium
1192 945 1436 1003 praebitote.
1493 940 1595 996 (vel
1641 941 1792 1003 potius
1832 941 2109 1000 perhibetote)
2155 956 2208 988 ut
2251 943 2361 990 adeo

364 1014 542 1071 omnia,
574 1028 687 1076 quae
720 1012 858 1058 essent
893 1009 1085 1074 scripta,
1119 1025 1203 1072 pro
1238 1008 1509 1069 nuncupatis
1543 1005 1708 1051 fuerint
1755 1005 1986 1064 habenda,
2027 1022 2079 1052 ac
2113 1005 2359 1055 secundum

370 1077 524 1140 scripti
560 1078 782 1123 rationem
817 1073 1125 1137 expedienda,
1172 1084 1204 1119 t.
1249 1074 1278 1118 l.
1321 1078 1387 1118 16.
1436 1074 1493 1115 D.
1536 1071 1584 1116 de
1617 1072 1875 1116 conditionib.
1911 1071 1964 1122 ὃ
1989 1071 2360 1132 demonstrationi&

379 1142 459 1188 ubi
506 1141 696 1188 verbum
729 1143 846 1203 juris
890 1136 1244 1201 expungendum
1289 1137 1374 1183 effe
1415 1134 1534 1193 reite
1580 1133 1832 1181 observavit
1875 1136 1942 1180 vir
1986 1137 2235 1199 egregius,
2278 1124 2362 1182 Ve-

378 1219 472 1252 trus
506 1206 650 1253 Faber
682 1206 868 1266 semestr.
902 1207 972 1250 lib.
1006 1208 1090 1248 Ill.
1133 1215 1219 1261 cap.
1261 1216 1325 1261 ¹5-
1393 1200 1527 1259 Qin
1560 1200 1655 1245 imo
1691 1200 1894 1261 quamvis
1930 1199 2114 1246 testator
2149 1200 2364 1263 profeffus

379 1269 556 1329 fuisset,
590 1269 674 1316 sese
705 1269 1022 1316 testamentum
1058 1265 1283 1324 condere,
1319 1266 1424 1327 quia
1442 1263 1565 1310 filius
1594 1263 1694 1309 suus
1719 1263 1976 1322 interiisset,
2012 1263 2073 1311 sic
2096 1266 2231 1311 etiam
2256 1281 2363 1312 cau-

378 1335 445 1380 sae
481 1335 526 1381 in
561 1335 723 1381 ultima
758 1334 994 1380 voluntate
1028 1330 1253 1393 expressae
1285 1328 1444 1376 falsitas
1480 1327 1761 1391 dispositioni
1786 1335 1823 1386 ,'
1854 1341 2019 1391 utpote
2066 1329 2236 1376 causam
2273 1347 2365 1378 non
2428 1348 2431 1351 ⁴

377 1401 654 1462 requirenti,
689 1399 805 1445 nihil
839 1396 1042 1443 officeret
1078 1396 1115 1459 §.
1139 1410 1209 1458 31.
1244 1394 1343 1456 Inst.
1378 1396 1426 1440 cle
1460 1396 1582 1454 legat.
1618 1395 1647 1439 l.
1680 1409 1747 1448 17.
1782 1401 1816 1448 §.
1847 1408 1885 1437 2.
1920 1396 1945 1439 l.
1971 1409 2043 1453 72.
2078 1403 2114 1449 §.
2137 1400 2179 1440 6.
2218 1395 2280 1440 D.
2315 1397 2366 1442 de

376 1464 635 1511 conditionib.
672 1464 725 1516 ἐξ
750 1463 1170 1522 demonstrationibus-.
1217 1458 1337 1506 unde
1373 1458 1419 1503 ὃς
1453 1457 1606 1503 heredi
1638 1458 1685 1503 in
1719 1456 1987 1504 testamento
2023 1458 2163 1521 priori
2197 1458 2367 1521 scripto

377 1541 535 1574 contra
569 1527 828 1573 institutum
875 1528 921 1572 in
951 1525 1189 1588 posteriori
1215 1558 1228 1583 ,
1272 1525 1317 1570 in
1351 1539 1444 1585 quo
1477 1521 1662 1581 diserte,
1696 1520 1768 1566 sed
1803 1537 1882 1584 per
1916 1538 2116 1568 errorem
2149 1523 2365 1586 professus

380 1591 523 1637 fuerat
558 1593 771 1651 testator,
808 1592 849 1637 se
885 1592 1008 1637 hunc
1045 1589 1274 1635 instituere
1296 1623 1310 1648 ,
1354 1589 1459 1650 quia
1493 1603 1606 1650 quos
1640 1586 1844 1633 voluerat
1879 1586 2043 1633 habere
2076 1603 2170 1633 non
2204 1601 2368 1649 potue-

378 1669 472 1715 rat,
507 1673 621 1718 opus
655 1656 741 1702 fuit
770 1657 974 1717 principi
1009 1654 1286 1716 supplicare,
1323 1653 1400 1714 qui
1437 1653 1477 1697 ei
1512 1653 1648 1697 etiam
1682 1650 1889 1697 subvenit
1924 1654 1953 1696 l.
1974 1655 2049 1697 ult.
2073 1652 2220 1697 Dsde
2253 1653 2367 1699 here-

378 1723 460 1766 dib.
494 1721 723 1780 instituend.
758 1720 836 1766 ubi
870 1722 1008 1765 modus
1042 1719 1268 1780 accipitur
1302 1733 1386 1779 pro
1421 1716 1556 1776 caufh.
1613 1716 1710 1761 Hic
1744 1716 1887 1779 igitur
1919 1716 2051 1762 militi
2086 1716 2151 1761 illi
2187 1716 2256 1762 vel
2290 1733 2366 1763 ve-

378 1799 533 1831 terano
570 1798 746 1831 tantum
782 1800 873 1829 non
907 1795 1067 1829 contra
1110 1793 1360 1827 torrentem
1407 1778 1652 1825 natandum
1689 1779 1735 1824 &
1772 1779 2008 1826 nitendum
2055 1778 2155 1826 fuit.
2228 1781 2368 1827 Non-

381 1850 490 1895 dum
525 1849 636 1895 illud
671 1861 832 1894 contra
867 1849 972 1910 juris
1008 1847 1205 1908 rigorem
1241 1861 1351 1890 tunc
1387 1844 1658 1902 invaluerat,
1687 1856 1740 1889 ut
1773 1845 1907 1890 etiam
1942 1844 2002 1889 ob
2039 1843 2369 1908 praesumptam

382 1914 604 1960 testatoris
640 1906 920 1959 voluntatem
955 1910 1274 1957 testamentum
1309 1909 1354 1954 vi
1400 1907 1473 1954 sua
1508 1909 1796 1970 privaretur,
1840 1907 1922 1953 nifi
1957 1924 2064 1954 cum
2102 1907 2183 1954 filii
2218 1911 2373 1971 postea

381 1981 474 2025 nati
509 1978 647 2024 eil-‘ent
680 1977 881 2023 testatori
915 1975 979 2021 sui
1014 1974 1196 2021 heredes
1224 2008 1239 2032 ,
1297 1974 1395 2019 illos
1430 1973 1549 2018 enim
1585 1972 1902 2018 testamentum
1947 1974 2142 2035 parentis
2184 1975 2371 2037 rupisse,

384 2044 519 2104 idque
556 2045 649 2105 jam
697 2040 775 2087 suo
810 2055 1018 2103 tempore
1050 2052 1227 2085 certum
1270 2037 1396 2083 fuisse
1428 2037 1565 2082 docet
1598 2037 1825 2082 Antonius
1860 2037 1979 2099 apud
2015 2037 2287 2085 Ciceronem
2323 2042 2372 2088 de

381 2109 552 2153 Orator.
595 2107 663 2152 lib.
707 2120 744 2151 1.
788 2120 873 2166 cap.
896 2122 966 2165 57.
999 2103 1078 2150 ubi
1114 2103 1352 2166 postquam
1388 2101 1592 2158 dixerat,
1623 2100 1679 2146 de
1713 2101 1852 2147 causis
1886 2103 1932 2146 in
1961 2104 2064 2164 jure
2097 2119 2189 2148 non
2224 2104 2373 2151 dubiis

383 2172 573 2217 omnino
611 2186 702 2216 non
736 2169 874 2216 solere
908 2170 953 2215 in
982 2168 1210 2232 judicium
1248 2167 1425 2223 vocari,
1460 2166 1584 2228 quod
1612 2167 1709 2229 jam
1742 2167 2004 2228 attigimus,
2034 2166 2143 2213 haec
2165 2166 2376 2233 subjicit3

382 2238 505 2281 Num
540 2238 628 2295 quis
659 2252 700 2280 eo
733 2236 967 2294 testamento
989 2267 1003 2291 ,
1052 2233 1202 2288 (forte
1234 2249 1285 2277 ex
1318 2231 1430 2293 test.)
1469 2231 1575 2291 quod
1601 2230 1912 2291 paterfamilias
1947 2231 2197 2291 antefecit,
2242 2250 2369 2292 quam

384 2304 421 2347 ei
443 2301 566 2360 filius
600 2312 722 2345 natas
756 2299 835 2358 est,
877 2298 1145 2344 hereditatem
1174 2297 1314 2356 petit?
1359 2311 1498 2353 nemo,
1543 2300 1639 2356 quia
1675 2295 1825 2355 constat
1859 2295 2277 2357 agnascendffrumpi
2309 2310 2371 2344 te-

376 2365 645 2425 stamentum.
717 2363 842 2409 Idem
877 2362 1065 2423 attingit
1100 2361 1268 2407 Cicero
1293 2375 1371 2421 pro
1408 2362 1575 2405 Caecin.
1607 2376 1693 2420 cap.
1716 2374 1788 2413 25.
1825 2359 1873 2405 &
1908 2360 2006 2423 quis
2041 2376 2171 2407 verus
2206 2361 2254 2407 &
2286 2362 2370 2408 bo-

390 2444 472 2474 nus
509 2429 593 2473 erit
627 2440 778 2490 pater,
814 2428 892 2489 qui
929 2426 1050 2471 credi
1086 2426 1229 2488 posset
1265 2425 1405 2482 velle,
1450 2436 1501 2470 ut
1535 2423 1666 2471 bonis
1700 2423 1783 2469 suis
1818 2424 2029 2470 omnibus
2064 2426 2115 2470 ad
2151 2425 2259 2472 alios
2293 2427 2370 2473 de-

387 2493 513 2550 latis,
559 2491 713 2548 liberi,
753 2506 865 2553 quos
900 2490 964 2536 illi
997 2490 1204 2536 naturalis
1249 2488 1482 2536 instin61ms
1517 2491 1827 2550 maximopere
1862 2489 2179 2548 commendat,
2216 2491 2264 2536 &
2296 2494 2375 2555 qui

388 2556 552 2603 nullius
573 2554 774 2602 adversus
797 2553 941 2617 ipsum
964 2554 1124 2616 culpae
1145 2555 1208 2600 rei
1229 2554 1313 2600 esse
1339 2553 1523 2618 possunt
1542 2585 1557 2609 ‚
1580 2555 1626 2600 in
1644 2554 1765 2617 spem
1786 2552 2036 2599 esuritionis
2058 2554 2207 2599 lucem
2229 2555 2373 2619 adspi-

388 2620 549 2668 ciant?
597 2620 745 2666 Aliter
778 2619 861 2666 sese
894 2634 961 2664 res
993 2618 1127 2664 habet
1161 2619 1208 2664 in
1239 2618 1386 2666 liberis
1421 2631 1629 2681 tempore
1661 2617 1765 2666 fatti
1798 2617 2052 2664 testamenti
2085 2619 2370 2680 viventibus,

390 2702 504 2748 quos
538 2683 620 2731 sese
656 2683 818 2730 habere
851 2695 1055 2747 parentes
1088 2699 1182 2729 non
1215 2681 1356 2731 solent
1390 2685 1631 2747 ignorare,
1678 2681 1927 2747 quibusque
1972 2681 2083 2729 adeo
2118 2685 2370 2745 praeteritis

385 2749 504 2796 nihil
547 2749 703 2795 auxilii
743 2746 945 2795 adversus
978 2747 1238 2795 testamenta
1271 2761 1450 2811 patrum
1486 2759 1581 2794 erat
1615 2747 1850 2811 proditum
1874 2780 1888 2805 ,
1935 2764 2027 2794 non
2060 2749 2202 2810 magis
2236 2765 2371 2810 quam

385 2813 664 2860 exheredatis
703 2812 757 2859 ab
792 2813 923 2859 initio
958 2811 1022 2857 est
1043 2811 1224 2871 datum,
1258 2814 1367 2859 dum
1403 2824 1528 2876 pater
1563 2829 1676 2876 quos
1711 2811 1793 2875 ipfi
1828 2811 1992 2858 licebat
2028 2813 2097 2859 vel
2131 2813 2368 2869 occidere,

383 2879 520 2923 etiam
554 2893 577 2922 a
609 2877 694 2924 suis
724 2877 854 2924 bonis
887 2875 1127 2923 excludere
1161 2890 1370 2940 poterat,
1404 2881 1433 2924 l.
1474 2893 1541 2924 11.
1577 2881 1637 2923 D.
1670 2879 1719 2923 de
1753 2878 1868 2923 liber.
1901 2878 1955 2930 {9³
1985 2877 2154 2936 postam.
2211 2876 2372 2923 Paula—

378 2942 465 2991 tim
488 2954 655 2990 tamen
684 2941 793 2990 haec
822 2943 938 3007 juris
970 2940 1156 2989 durities
1191 2941 1452 3006 displicuit,
1482 2954 1576 2990 tam
1601 2941 1878 3006 prudentum
1904 2941 2201 3001 austoritate,
2233 2954 2364 3002 quam

2263 3017 2375 3050 cen-2
