2516 3509
324 373 378 399 11.

459 83 572 154 560

456 290 506 321 no
540 272 713 319 haereat
747 268 892 331 necoffiae
926 264 999 326 est.

524 357 635 405 Nec
670 354 798 402 aliter
831 349 964 399 sensit
998 348 1073 410 Q
1101 346 1326 394 Antistius
1361 345 1512 394 Vetus
1547 347 1827 410 repudiando
1861 369 2084 417 uxorem,
2120 359 2162 393 73
2186 360 2312 424 quod
2342 363 2465 411 illam

457 443 504 490 in
537 440 728 506 publico
764 453 872 484 cum
909 434 1102 499 quadam
1137 431 1345 478 libertina
1378 427 1557 493 vulgari
1590 427 1762 480 secreto
1795 434 2059 499 loquentem
2093 441 2281 490 viderat.
2319 445 2373 492 N
2377 462 2473 506 am,

455 535 507 570 ut
540 522 603 568 ita
636 520 814 577 dicam,
850 513 1135 563 incunabulis
1171 510 1219 557 Sc
1253 509 1545 557 nutrimentis
1581 510 1769 575 culpae,
1812 531 1907 562 non
1941 518 2031 582 ipsa
2066 535 2330 572 commotus
2365 527 2464 574 cul-

454 617 511 664 pa
533 634 548 659 ‚
597 607 637 636 79
671 600 931 648 citeriorem
966 595 1133 643 defleto
1169 591 1380 657 praebuit
1414 590 1640 638 ultionem
1666 626 1682 652 ‚
1725 605 1776 640 ut
1810 596 1966 658 potius
2002 613 2182 648 caveret
2216 602 2461 668 inl-Uriam&

452 698 587 744 quain
624 682 886 728 vindicaret.

509 761 780 826 Jungendus
815 760 880 807 est
915 759 984 805 his
1022 759 1073 804 P.
1111 753 1154 784 ²³0
1191 755 1485 819 Sempronius
1521 753 1733 818 Sophus,
1768 755 1845 818 qui
1882 759 2130 823 conjugem
2165 764 2342 826 repudii
2373 783 2456 813 no-

450 857 495 890 ta
527 843 680 890 affecit
703 878 717 903 ‚
761 844 875 889 nihil
923 841 1043 888 aliud
1078 856 1214 903 quam
1259 836 1300 883 se
1332 839 1574 902 ignorante
1621 836 1658 864 8¹
1699 837 1830 884 ludos
1865 838 2010 886 ausam
2046 842 2254 906 speetare.
2320 848 2453 913 Ergo

709 67 1110 135 VALERII
1184 65 1567 126 MAX1M1
1625 71 1754 131 Lm.
1793 77 1893 137 VI.
1933 80 2083 141 'CAR
2127 84 2233 142 111.

457 196 589 240 terior
621 191 685 236 tui
719 186 941 252 conspeolus
960 181 1232 246 fitpervacuoz
1265 178 1507 225 irritatione
1539 179 1746 239 arcqffltus
1764 215 1781 243 ,
1839 191 1879 221 77
1911 191 1958 235 in
1975 189 2208 252 suspicione
2241 193 2297 248 &a
2330 198 2469 245 crimi-

451 927 562 974 dum
599 924 660 972 fic
693 925 804 971 olim
841 924 1019 971 feminis
1054 921 1340 979 occurritur,
1376 935 1500 966 mens
1535 934 1689 966 earum
1725 918 1751 965 ἐι
1784 918 1957 967 ἀεΙῙᾶἰε
1992 921 2157 970 aberat.

1204 1047 1680 1093 EXTERNA.

507 1168 727 1216 Ceterum
748 1201 766 1226 ,,
811 1164 892 1212 etfi
927 1165 1167 1211 Romanae
1202 1160 1444 1209 severitatis
1479 1160 1699 1224 exemplis
1734 1171 1859 1206 totus
1893 1172 2112 1209 terrarum
2145 1164 2264 1211 orbis
2302 1166 2342 1194 8²
2375 1169 2445 1215 in-

445 1391 490 1429 de
514 1392 614 1430 cultu
633 1392 751 1429 foem.
775 1398 868 1427 Uxor
888 1390 984 1426 nulla
1005 1387 1160 1434 deformis
1179 1389 1222 1433 es?
1235 1388 1298 1434 suo
1317 1385 1418 1422 mari-

444 1454 490 1480 to.
509 1445 600 1491 satis
629 1445 759 1492 placuit
784 1456 855 1477 cum
887 1441 988 1476 eleaa
1018 1443 1062 1487 est
1085 1467 1095 1484 ,
1117 1443 1179 1488 seu
1199 1437 1341 1474 moribus
1355 1441 1418 1486 seu

436 1496 550 1539 forma
569 1493 805 1529 commendata.
834 1492 1028 1529 COLER.

497 1545 556 1589 76.
584 1549 627 1580 Et
643 1547 770 1593 placere
784 1542 959 1591 desideres]
991 1539 1052 1579 Nil
1071 1538 1168 1577 aliud
1190 1551 1303 1588 quam
1323 1537 1417 1586 glos-

446 1595 543 1632 sema
573 1595 643 1640 est,
672 1595 691 1632 ἐι
719 1594 868 1632 librariis
898 1593 1021 1642 postea
1051 1591 1250 1633 insertum,
1277 1601 1365 1627 nam
1395 1599 1414 1625 e

445 1646 629 1683 veteribus
646 1646 742 1683 libris
762 1644 934 1682 omnibus
956 1641 1324 1681 excluditur.PIGH.
1338 1639 1414 1676 Sci-

440 1696 525 1734 licet
553 1705 660 1735 antea
688 1697 895 1745 legebatur:
925 1695 1053 1741 Quibus
1082 1701 1126 1728 ω’
1146 1694 1292 1737 sormam
1321 1700 1415 1727 tuam

440 1747 619 1797 approbes,
647 1756 693 1784 &⁸
713 1750 840 1798 placere
856 1745 1024 1792 defideres.
1056 1742 1126 1780 Sed
1144 1754 1222 1779 non
1244 1742 1282 1778 in
1305 1741 1413 1789 Mog.

442 1811 521 1836 non
542 1800 579 1836 in
605 1799 713 1838 MSS.
740 1797 766 1836 fi
797 1796 904 1834 Leid.
931 1796 1017 1833 sext.
1046 1795 1083 1832 ὃς
1110 1793 1225 1830 Periz.
1257 1803 1414 1841 excepe-

436 1862 494 1887 ris.

490 1913 548 1948 77.
576 1902 813 1951 Infitsjvicione
832 1906 878 1935 <9⁶
902 1898 1035 1935 crimine
1055 1895 1189 1931 baereat
1213 1893 1328 1942 neceffi:²
1347 1892 1410 1943 est]

437 1951 482 1989 In
510 1952 762 1997 Atrebatenfi,
783 1950 995 1999 subhaereat.
1049 1945 1245 1994 Aptifflme
1268 1973 1279 1989 ‚
1317 1953 1410 1982 atte-

436 2012 526 2041 nuat
561 2005 660 2041 enim
699 2002 868 2041 nonnihil
900 1999 1003 2038 verbi
1043 1998 1122 2035 vim
1162 1995 1406 2045 praepofitio,

431 2055 757 2103 quemadmodum
787 2055 847 2098 in,
876 2049 1109 2089 subhorridus
1131 2075 1141 2091 ,
1178 2046 1405 2091 sublucidus‚

428 2104 630 2143 sublucere.
656 2106 798 2143 PIGH.
837 2106 874 2139 In
899 2103 1084 2151 suspicione
1102 2107 1147 2135 Ψ
1167 2099 1300 2135 crimine
1323 2097 1405 2146 sub-

426 2155 563 2193 haereat
585 2157 698 2205 neceffe
718 2161 774 2201 eft.
805 2154 1009 2192 subhaereat
1028 2149 1162 2198 scripsit
1183 2149 1330 2198 Pighius
1361 2161 1405 2186 ex

427 2207 512 2245 cod.
536 2207 780 2246 Atrebatenfi.
832 2205 933 2250 Alii,
961 2205 1074 2253 inque
1100 2202 1154 2238 his
1174 2199 1403 2238 Brandebur-

423 2259 570 2307 genses,
598 2260 735 2297 habent
762 2260 910 2295 haereat.
940 2253 1137 2293 VORST.
1167 2253 1318 2288 Haereat
1338 2251 1404 2289 ha-

423 2309 512 2348 bent
531 2322 662 2348 omnes
682 2310 813 2358 scripti.
865 2308 949 2345 Nec
978 2317 1072 2356 opus
1093 2303 1139 2341 est
1160 2315 1202 2340 ea
1225 2310 1402 2340 extenua-

418 2361 548 2406 tione,
575 2373 689 2411 quam
721 2360 825 2408 fingit
851 2359 1001 2407 Pighius
1028 2385 1038 2401 ,
1071 2355 1136 2405 qui
1166 2354 1314 2398 nescio,
1354 2366 1401 2392 an

417 2411 523 2450 usum
564 2411 666 2450 verbi
692 2410 892 2457 sublmerere
928 2408 1006 2445 ullo
1043 2406 1185 2443 idoneo
1223 2405 1401 2453 exemplo

414 2462 571 2511 probare
593 2462 768 2512 potuerit.
792 2460 862 2497 Bit.
886 2459 994 2506 prim.
1021 2456 1144 2494 habet.
1183 2455 1318 2493 Aberat
1345 2470 1402 2492 ne-

410 2513 488 2562 ceffe
504 2517 561 2562 est.
588 2515 723 2563 Aeque
746 2512 893 2549 severus
921 2509 994 2545 hac
1023 2508 1060 2543 in
1083 2518 1121 2543 re
1145 2505 1280 2543 Caesar
1301 2506 1398 2553 apud

410 2565 509 2603 Suet.
538 2578 594 2614 74
642 2563 939 2615 Inter-rogatusque
959 2587 970 2602 ‚
1007 2572 1061 2594 cur
1092 2555 1164 2592 ideo
1200 2554 1398 2603 repudiasset

405 2631 564 2661 uxorem3
587 2616 782 2668 Qom'am,
809 2612 948 2662 inquit,
975 2622 1062 2645 meos
1093 2617 1164 2643 tam
1187 2607 1395 2657 suspicione,

401 2682 505 2719 quam
523 2671 655 2704 crimine
668 2692 678 2706 ,
699 2663 811 2713 judico
829 2676 937 2699 carere
961 2669 1125 2710 oportere.

452 2719 510 2764 78.
540 2717 635 2766 Quod
657 2718 755 2753 illam
783 2717 818 2752 in
843 2711 974 2761 publico
999 2724 1072 2747 cum
1090 2706 1237 2759 quadam
1256 2707 1388 2745 liberti-

400 2784 445 2807 na
466 2771 606 2817 vulgari
620 2771 742 2814 sereno
761 2767 950 2816 loquentem
973 2759 1132 2808 viderat]
1162 2758 1236 2795 Vix
1259 2759 1386 2796 viden-

395 2830 454 2859 tur
481 2823 518 2856 in
546 2820 669 2864 publico
700 2819 825 2854 locutae
853 2817 988 2862 secreto.
1026 2812 1065 2849 F.
1093 2810 1234 2860 Vulgari
1256 2811 1385 2855 storto.

390 2871 637 2912 PERIZON.
677 2868 783 2906 Leid.
820 2867 888 2905 sec.
926 2867 1009 2901 Cum
1035 2860 1183 2912 qwadam
1213 2859 1387 2896 libertina

388 2923 596 2962 meretricula
625 2921 772 2971 vulgari.
825 2915 929 2967 Quid
956 2914 982 2952 sl
1015 2924 1099 2951 eam
1128 2913 1166 2949 in
1192 2910 1253 2948 Via
1290 2921 1387 2948 cum

387 2978 462 3015 {oia
478 2971 778 3017 libertim,11ulla
797 2969 867 3008 alia
887 2974 1059 3006 matrona
1080 2960 1287 3014 praesente
1309 2961 1389 3000 col-

2333 1246 2445 1294 strui

1471 1385 1636 1423 locutam
1657 1381 1877 1422 credamus?
1905 1390 1945 1421 ut
1965 1382 1999 1419 in
2012 1382 2143 1433 publico
2158 1412 2167 1428 ‚
2186 1383 2227 1422 fit
2247 1384 2283 1421 in
2297 1387 2361 1422 *via
2379 1398 2442 1434 pu-

1469 1436 1566 1474 blica.
1589 1439 1712 1484 secreto
1728 1463 1737 1479 ,
1766 1434 1919 1472 remotis
1941 1433 2017 1472 aliis
2042 1434 2191 1472 arbitris.
2229 1447 2315 1474 cum
2338 1439 2439 1477 enim

1469 1487 1662 1523 libertinam
1682 1488 1745 1522 vul
1770 1499 1862 1522 arem
1883 1485 1993 1529 dicit,
2022 1485 2101 1522 satis
2122 1486 2275 1535 intelligi
2295 1488 2442 1527 videtur

1467 1539 1632 1575 scortum
1663 1501 1790 1580 fuffl{‚
1829 1548 1925 1586 quae
1954 1535 2106 1583 vulgato
2140 1548 2297 1586 corpore
2324 1551 2440 1588 quae-

1467 1589 1560 1627 stum
1583 1590 1732 1626 faceret.
1770 1588 1827 1625 Sic
1845 1588 1980 1623 Mulier
1999 1588 2153 1636 vulgaris
2169 1588 2268 1637 apud
2286 1589 2441 1630 Sueton.

1464 1641 1503 1677 in
1521 1640 1636 1678 Vitel.
1663 1652 1742 1688 cap.
1769 1651 1805 1676 z.
1830 1638 1891 1675 ubi
1914 1637 2087 1686 explicuit
2111 1640 2342 1677 Torrentius,

1518 1702 1577 1739 79.
1601 1693 1800 1727 citeriorum
1828 1688 1967 1738 delitio]
2003 1689 2170 1736 Quidam
2199 1690 2368 1735 codices,
2397 1701 2439 1731 ut

1462 1741 1610 1790 Pighius
1629 1743 1667 1779 in
1688 1742 1854 1789 margine
1873 1748 2003 1782 notat,
2029 1740 2165 1778 habent
2178 1742 2337 1778 citiorem.
2365 1742 2438 1781 Sed

1461 1794 1643 1829 citeriorem
1681 1804 1812 1829 verum
1850 1791 1909 1828 est.
1969 1791 2018 1827 Et
2049 1791 2158 1828 habet
2195 1791 2243 1829 ita
2278 1800 2436 1842 uterque

1465 1843 1578 1880 etiam
1611 1843 1694 1880 cod.
1732 1841 1864 1880 Brand.
1917 1841 2011 1878 Usus
2050 1852 2092 1879 ea
2131 1853 2229 1879 voce
2261 1843 2431 1883 Valerius

1463 1905 1542 1931 non
1568 1894 1693 1931 semel.
1719 1893 1819 1930 Vide
1846 1892 1948 1940 supra
1972 1903 2034 1927 111.
2062 1892 2095 1929 8.
2131 1900 2203 1929 ext.
2235 1905 2263 1930 1.
2303 1893 2433 1933 Sensus

1463 1953 1589 1982 autem
1612 1945 1681 1988 est,
1709 1943 1851 1996 ultione
1873 1942 2048 1979 defletum
2079 1954 2166 1980 eum
2187 1944 2433 1984 antevertiffe.

1462 1994 1658 2032 VORST.
1714 1995 1827 2031 Forte
1866 1995 2062 2029 Citeriorem
2107 1993 2226 2029 delieio
2270 1998 2435 2043 praetulit

1459 2046 1633 2088 ultionem,
1659 2044 1742 2089 Sic,
1764 2046 1931 2094 praeferre
1956 2043 2056 2081 diem.
2074 2043 2318 2084 PERIZON.
2345 2047 2434 2086 Liv.

1458 2097 1507 2134 L.
1535 2108 1671 2134 XXXIX.
1703 2109 1736 2144 ς.
1779 2100 1839 2132 Ne
1862 2097 1937 2140 plus
1958 2097 1995 2131 in
2021 2095 2186 2143 triumpho
2210 2124 2220 2140 ‚
2266 2111 2368 2148 quam
2393 2100 2431 2135 in

1452 2147 1545 2236 eliello
1590 2148 1809 2185 certaminum
1852 2146 1984 2183 baberet
2008 2174 2018 2190 ‚
2058 2148 2225 2196 praetulit
2272 2149 2434 2199 triumphi

1477 2213 1552 2236 tem.

1506 2250 1567 2289 80.
1594 2248 1803 2300 Sempronius
1829 2247 1976 2298 Sophus]
2013 2248 2073 2285 De
2101 2248 2176 2285 hoc
2196 2247 2432 2298 Pomponius

1453 2301 1521 2349 JC.
1533 2302 1587 2339 tit.
1608 2300 1654 2338 de
1673 2301 1765 2347 orig.
1786 2301 1859 2349 jur.
1887 2299 2076 2337 Falluntur
2096 2300 2160 2348 qui
2179 2298 2338 2347 pluribus
2355 2301 2432 2338 hoc

1455 2363 1674 2402 cognomen
1700 2351 1876 2388 tribuunt.
1907 2350 2101 2388 COLER.
2132 2350 2322 2388 Eumdem
2356 2350 2429 2390 effe

1455 2404 1593 2441 censuit
1614 2413 1769 2452 quoque
1790 2401 1934 2439 Gudius
1954 2400 2000 2438 ad
2022 2400 2158 2438 Phaed.
2183 2401 2229 2438 L.
2252 2414 2316 2440 111.
2349 2415 2404 2449 14.

1506 2455 1566 2493 81.
1595 2452 1707 2490 Ludos
1731 2455 1848 2502 ausam
1867 2451 2036 2501 speHare]
2077 2452 2195 2501 Atqui
2223 2451 2330 2490 ludos
2358 2453 2430 2491 sce-

1453 2506 1559 2543 nicos
1581 2506 1619 2543 ὃς
1640 2503 1861 2553 gladiatores
1882 2502 1973 2540 olim
1995 2503 2143 2540 feminis
2171 2502 2332 2551 speci-are
2351 2503 2431 2542 lici-

1448 2564 1544 2595 tum.
1568 2556 1715 2594 licitum
1746 2567 1810 2603 per
1838 2554 2113 2603 magistratum,
2136 2565 2215 2590 non
2235 2566 2299 2602 per
2319 2555 2431 2592 mari·

1447 2615 1517 2646 tos.
1545 2607 1628 2655 lege
1661 2606 1944 2644 eruditiffimum
1967 2604 2231 2641 Casaubonum
2261 2604 2307 2642 ad
2339 2606 2429 2643 Sue-

1446 2666 1528 2697 ton.
1569 2659 1766 2696 COLER.
1812 2655 1884 2694 Sed
1909 2655 1967 2692 illa
1992 2657 2169 2704 ignorante
2196 2658 2318 2692 marito
2346 2656 2428 2694 ausa

1447 2718 1524 2747 erat
1556 2707 1664 2747 ludos
1696 2708 1881 2756 speetare,
1910 2706 2014 2756 quod
2044 2715 2121 2744 erat
2148 2705 2331 2744 illicitum.
2384 2712 2427 2743 Se

1445 2762 1623 2809 ignorante
1662 2759 1756 2796 ludos
1786 2758 1948 2805 spec‘lare.
2000 2757 2098 2794 Vide
2141 2757 2186 2794 L.
2214 2769 2302 2794 VIH.
2333 2758 2365 2798 §.
2389 2769 2425 2806 3.

1445 2812 1544 2849 Cod.
1574 2811 1619 2848 de
1648 2810 1837 2859 Repudiis.
1908 2810 1963 2846 Vel
1993 2807 2183 2855 circensibus
2202 2809 2258 2843 ‘vel
2277 2807 2427 2843 theatra-

1445 2861 1531 2897 libus
1562 2861 1651 2898 ludis
1680 2863 1752 2900 &Q
1779 2867 1821 2898 Se
1849 2858 2063 2908 probibente,
2084 2856 2297 2907 gaudentem.
2324 2856 2424 2893 Suet.

2509 2429 2516 2579 ρ

2504 2593 2512 2744 ,ἱ

2499 2756 2506 2832 l

2499 2833 2503 2861 ί

1443 2911 1482 2947 in
1511 2912 1608 2960 Aug.
1637 2926 1695 2960 44.
1726 2913 1764 2950 &
1794 2911 1842 2949 ibi
1874 2909 2025 2948 Casaub.
2053 2901 2294 2947 PssnizoN.
2321 2906 2422 2942 Mur-

1442 2969 1503 3000 tae
1533 2971 1706 3003 veterum
1735 2962 1945 3003 editionum
1965 2961 2122 3006 habent,
2152 2956 2257 2995 Ludos
2275 2957 2424 3006 aspediae

2377 3022 2425 3048 rn

2495 2968 2498 2995 l

2494 2996 2497 3018 i

2493 3028 2496 3048 1

2491 3055 2494 3077 ε

2491 3085 2494 3106 l
