2516 3509
194 82 300 140 DE
340 74 860 137 MUTATIONE
902 76 1229 138 MORUM
1266 77 1438 136 AUT
1477 69 1953 136 FORT'UNAE.
1997 81 2101 136 611

2152 235 2155 237 .
2204 207 2260 244 ις.

166 187 225 235 C.
269 196 422 232 autem
457 179 616 228 Caesar
638 215 654 241 ‚
690 177 737 220 69
774 183 903 246 cujus
939 184 1133 231 virtutes
1173 181 1368 229 aditum
1397 181 1478 230 fibi
1525 184 1572 230 in
1605 183 1788 231 coelum
1824 184 2107 245 struxerunt,

103 270 147 307 70
179 264 298 311 inter
340 263 512 328 primae
551 263 766 326 juventae
810 262 937 309 initia
980 263 1181 324 privatus
1217 261 1369 308 Asiam
1403 275 1586 326 petens,
1629 263 1655 309 εἰ
1706 264 1943 310 maritimis
1979 281 2102 329 prae·
2126 242 2302 322 ἒῖῗῗςῗὲἶζ

99 343 295 392 donibus
330 344 452 389 circa
484 340 671 388 insulam
706 340 1053 389 Pharmacusam
1087 354 1335 407 exceptus,
1381 343 1712 406 quinquaginta
1744 342 1785 388 se
1822 343 1996 390 talentis
2033 362 2099 391 re-
2124 330 2301 410 {ssffssfu'

99 423 257 470 demit.
323 425 464 485 Parva
498 422 642 487 igitur
675 420 845 469 summa
881 422 1169 470 clarissimum
1204 422 1362 469 mundi
1399 421 1513 468 sidus
1548 423 1595 468 in
1627 425 1821 485 piratico
1857 441 2100 489 myoparo-

101 521 159 552 ne
192 502 379 570 rependi
414 502 598 550 fortuna
629 503 793 550 voluit.
864 511 882 542 7
894 511 903 530 ¹
947 503 1079 565 Qid
1124 503 1188 550 est
1223 519 1335 568 ergo
1385 503 1510 566 quod
1545 505 1737 567 amplius
1772 504 1827 550 de
1861 521 1910 552 ea
1944 524 2101 570 quera-

101 601 205 632 mur
229 619 244 645 ,
290 583 322 631 fi
365 600 422 631 ne
464 583 745 631 consortibus
791 583 975 647 quidem
1011 584 1256 632 divinitatis
1292 583 1391 630 suae
1426 584 1613 648 parcit?
1659 585 1746 633 Sed
1792 588 1983 633 coeleste
2018 605 2099 635 nu-

104 665 285 714 mense
318 666 373 713 ab
408 665 570 728 injuria
602 665 864 713 vindicavit.
908 667 1132 713 continuo
1167 666 1290 713 enim
1323 678 1479 730 captos
1514 665 1758 729 praedones
1793 667 2004 715 crucibus
2038 670 2101 715 af-

54 745 229 792 ·fixit.

871 870 1345 926 EXTERNA.

173 1005 369 1051 Attento
417 998 564 1046 studio
605 998 753 1046 nostra
799 1001 1291 1048 commemoravimus:
1350 1000 1594 1049 remiffiore
1625 1021 1746 1050 nunc
1781 1006 1932 1051 animo
1966 1005 2104 1053 aliena
2156 1056 2161 1063 ,
2211 1018 2242 1043 ῑν

108 1095 356 1129 narrentur.
424 1078 867 1127 Perditaeluxuriae
902 1081 1096 1127 Athenis
1130 1079 1381 1127 adolescens
1420 1088 1459 1119 72
1498 1083 1714 1143 Polem05
1753 1091 1791 1121 73
1830 1100 1974 1148 neque
2007 1087 2100 1133 ille·
2121 1060 2225 1130 {³535
2248 1069 2285 1129 'ia

106 1162 251 1208 cebris
285 1163 380 1225 ejus
415 1157 766 1218 tantummod0‚
800 1159 871 1206 sed
905 1161 1043 1207 etiam
1077 1159 1167 1223 ipsa
1200 1159 1381 1208 infamia
1413 1160 1638 1224 gaudens,
1684 1177 1791 1207 cum
1828 1163 1852 1208 e
1885 1166 2100 1211 convivio
2121 1143 2320 1215 ‘i'fsd'siif’rss

110 1257 204 1287 non
240 1238 343 1303 post
378 1236 587 1285 occasum
622 1235 750 1296 solis,
783 1236 857 1284 sed
891 1238 995 1303 post
1028 1251 1185 1284 ortum
1219 1236 1498 1298 surrexisset,
1542 1245 1589 1278 ⁷4
1617 1238 1899 1303 domumque
1933 1223 2244 1289 redienssmdas.

1948 1323 2107 1371 Xeno-

110 1445 233 1484 ·lerius.
258 1444 399 1483 PIGH.
427 1446 512 1481 Tam
530 1444 652 1481 humili
670 1446 826 1494 Arpini.
877 1445 931 1484 Ita
957 1445 1085 1494 legen-

117 1496 209 1534 dum
245 1496 368 1533 censet
394 1495 542 1543 Pighius
572 1508 618 1533 ex
642 1497 754 1534 tribus
786 1509 881 1546 quos
906 1496 1083 1545 inspexit,

115 1546 225 1584 codd.
252 1547 352 1590 Alii,
376 1548 458 1582 Tam
488 1547 608 1582 humili
626 1550 826 1596 Arpinate.
854 1547 1046 1586 VORST.

174 1597 236 1645 65.
272 1599 421 1647 Tamque
451 1596 654 1644 fastidiendo
690 1597 886 1648 candidato]
936 1600 1083 1637 Decem

114 1648 224 1736 Μέὃ.
262 1659 349 1685 cum
374 1649 482 1695 Mog.
518 1648 692 1697 copulam
721 1663 784 1700 que
810 1650 1083 1689 removendam

114 1711 155 1737 111
182 1706 294 1736 icant.

163 1750 223 1788 66.
252 1751 324 1800 Qui
343 1750 517 1796 „Africam
535 1750 693 1802 subegit,
716 1752 776 1801 qui
794 1750 1007 1802 Jugurtbam
1033 1766 1086 1788 re-

105 1814 186 1852 gem
221 1812 300 1837 ante
334 1815 463 1838 currum
498 1802 585 1852 egit]
630 1802 811 1840 Posterius
842 1803 902 1853 qui
939 1803 977 1840 in
1005 1814 1083 1840 uno

114 1852 199 1890 cod.
228 1851 361 1889 Brand.
387 1852 543 1901 reperio.
598 1853 647 1891 Et
679 1853 827 1891 videtur
855 1852 973 1891 abeffe
1004 1865 1082 1891 non

113 1901 241 1952 poffe;
271 1902 376 1951 quod
413 1902 511 1941 nulla
542 1904 736 1942 intercedit
763 1903 900 1942 vocula
931 1905 1084 1953 copula-

112 1953 406 1991 tiva.VORST.
443 1955 511 2002 Qu·
535 1955 645 1993 habet
665 1954 774 1993 Leid.
793 1955 870 1992 sext
891 1957 930 1993 &
950 1955 1083 2003 Ultraj.

113 2004 224 2052 prim.
253 2004 352 2040 Mire
387 2005 492 2042 Harl.
518 2006 587 2054 Qui
606 2009 779 2053 ,Africam
798 2006 935 2057 subegit
956 2034 966 2049 ,
1000 2009 1082 2054 quia

110 2055 382 2091 Theotonicorum
416 2055 695 2107 Cymbrorumque
730 2053 893 2092 exercitus
930 2054 1081 2100 delevit,

111 2108 292 2158 Tigranem
318 2119 425 2154 regem
454 2117 534 2142 ante
561 2121 689 2144 currum
717 2108 797 2159 egit.

163 2157 224 2203 67.
263 2158 506 2205 Proscriptoque
536 2160 804 2208 proscriptionem
835 2159 945 2202 facere
978 2157 1083 2193 conti-

112 2207 191 2259 git]
222 2207 400 2255 Epitome
422 2207 466 2243 L.
490 2218 634 2245 Lxxvu.
662 2208 748 2245 Liv.
777 2206 962 2245 Duodecim
993 2207 1014 2244 ἃ
1028 2210 1082 2256 se-

113 2269 198 2295 natu
224 2258 327 2305 hostes
353 2261 439 2294 inter
465 2271 547 2308 quos
574 2261 614 2296 C.
653 2260 816 2302 Marius,
843 2268 941 2306 pater
970 2266 1015 2294 (θ’
1034 2259 1082 2306 fi-

112 2310 183 2345 lius
206 2334 217 2350 ,
248 2307 395 2355 judicati
411 2311 505 2356 sunt.
559 2309 608 2346 Et
634 2308 714 2346 libri
745 2320 864 2346 xxxx:
905 2310 1015 2345 Cinna
1034 2316 1078 2345 θ’

112 2363 256 2396 Mamas
277 2361 313 2395 in
339 2358 449 2395 urbem
476 2362 593 2408 recepti
612 2362 719 2407 sunt,
741 2361 801 2409 qui
827 2361 921 2396 velut
949 2370 1082 2410 captam

113 2424 187 2447 eam
204 2409 353 2446 caedibus
376 2418 421 2446 <J
437 2412 565 2455 rapinis
586 2406 775 2458 vastarum.
801 2410 996 2448 VORST.

165 2460 225 2496 68.
249 2459 345 2509 Quid
363 2461 460 2502 lmr'us
479 2459 680 2510 conditzone]
718 2461 788 2498 Bit.
810 2460 901 2510 Quid
920 2462 1084 2511 hujusmo-

115 2509 152 2548 di
175 2510 368 2547 condatem.
394 2511 517 2559 postea
547 2511 651 2549 Harl.
672 2513 912 2559 inconstantius
937 2524 997 2548 aut
1024 2514 1087 2549 mi·

116 2561 273 2599 rabilius.
325 2562 501 2612 Denique
537 2563 715 2612 quinque.
768 2565 804 2599 Si
840 2565 927 2598 inter
959 2565 1086 2609 felices.

118 2612 224 2700 qusod
254 2611 396 2660 planius
414 2614 452 2651 &
473 2614 691 2652 concinnius
715 2642 726 2658 ,
756 2625 871 2663 quam
899 2612 926 2651 fi
955 2614 1088 2664 copula

113 2664 214 2702 abit.

174 2715 239 2761 69.
288 2717 391 2762 Cujus
433 2716 580 2753 virtutes
617 2715 749 2752 aditum
782 2714 851 2763 fibi
887 2715 925 2754 in
965 2718 1086 2753 coelum

107 2766 324 2814 struxerunt]
354 2766 523 2813 Uterque
549 2765 683 2816 Ultraj.
709 2766 816 2805 Leid.
842 2766 959 2817 quint.
987 2768 1085 2817 Cop.

120 2816 225 2853 Med.
255 2826 410 2867 uterque
438 2816 507 2854 Bit.
539 2816 700 2857 eAditum
723 2817 792 2864 fibi
821 2818 857 2854 in
883 2818 1003 2854 coelum
1029 2821 1083 2856 in-

108 2869 317 2956 Jguxeruszt.
353 2867 595 2916 ·Quomodo
637 2869 748 2906 etiam
786 2869 893 2918 Mog.
935 2869 1003 2908 Ed.
1044 2872 1083 2909 δε

157 2930 215 2960 en,

1135 1444 1371 1494 probantibus
1400 1446 1507 1484 MSS.
1545 1447 1654 1496 Mog.
1689 1447 1727 1485 &
1766 1448 1869 1486 Med.
1904 1449 1998 1489 Edd.
2031 1451 2103 1490 Sed

1136 1498 1235 1535 Ven.
1265 1500 1456 1536 &ceterae
1471 1502 1665 1546 juventutis
1692 1498 1876 1536 exhibent.

1188 1560 1248 1595 71.
1279 1548 1369 1597 Qud
1390 1552 1438 1596 est
1459 1563 1534 1601 ergo
1561 1549 1647 1600 quod
1667 1551 1810 1600 amplius
1835 1550 1875 1586 cle
1905 1564 1942 1586 ea
1971 1565 2006 1587 re
2025 1566 2106 1600 que-

1135 1599 1270 1649 ramur]
1329 1602 1387 1635 De
1424 1614 1462 1636 ea
1500 1614 1711 1649 queramur,
1756 1601 1794 1637 in
1820 1602 1966 1639 vetustis
1999 1603 2101 1640 Codi-

1137 1648 1249 1687 cibus.
1301 1650 1430 1688 Recte.
1491 1651 1679 1700 Loquitur
1718 1652 1819 1688 enim
1856 1652 1900 1689 de
1941 1653 2101 1691 fortuna.

1134 1699 1276 1737 PIGH.
1313 1700 1350 1736 αδ
1377 1704 1430 1750 Re
1457 1699 1581 1739 delent
1609 1703 1721 1739 etiam
1749 1702 1858 1740 MSS.
1888 1704 1987 1748 mei,
2015 1715 2102 1742 cum

1134 1750 1205 1789 Ed.
1232 1752 1342 1799 Mog.
1367 1752 1405 1789 δε
1424 1751 1582 1789 MedioL

1188 1814 1246 1849 72.
1271 1801 1424 1851 Polemo]
1459 1802 1560 1840 Ante
1590 1802 1763 1851 Pighium
1789 1801 1978 1852 legebatur
2011 1807 2108 1842 Pole-

1134 1867 1209 1889 mon
1229 1881 1240 1898 ,
1283 1853 1345 1891 sed
1371 1853 1527 1891 alterum
1555 1854 1692 1892 habent
1722 1853 1829 1891 MSS.
1864 1855 1963 1893 Vide
1985 1857 2104 1895 Gron.

1135 1904 1181 1941 ad
1209 1905 1293 1942 Sen.
1320 1905 1456 1952 Agam.
1488 1917 1572 1953 ¹514·

1187 1965 1245 2004 73.
1276 1957 1396 2004 IVeque
1423 1955 1585 1992 illecebris
1614 1961 1685 1999 ejus
1714 1955 1959 2006 tantummodo]
2004 1960 2105 2007 Ejus..

1132 2004 1356 2052 superfluum
1390 2005 1460 2047 est,
1493 2017 1617 2056 neque
1645 2005 1800 2050 habetur
1829 2007 1866 2043 in
1899 2007 2033 2056 scriptis
2058 2009 2105 2046 li=

1133 2054 1215 2093 bris.
1250 2056 1390 2094 PIGH.
1436 2057 1584 2106 Pighius
1620 2061 1691 2100 eius
1718 2065 1758 2094 ut
1787 2057 2009 2106 superfluum
2041 2072 2102 2097 ex-

1132 2107 1265 2154 punxit
1283 2136 1294 2152 ,
1332 2107 1436 2157 quod
1457 2109 1495 2145 in
1523 2108 1620 2145 libris
1646 2107 1861 2155 quibusdam
1892 2108 1927 2146 id
1948 2122 2025 2147 non
2045 2123 2101 2148 re-

1132 2156 1289 2205 periffet.
1341 2159 1424 2196 Nos
1453 2170 1539 2197 cum
1567 2157 1694 2206 Lipfio
1722 2159 1762 2196 in
1794 2159 2014 2197 Comment.
2053 2162 2099 2200 ad

1131 2207 1192 2246 lib.
1215 2222 1275 2247 xr.
1301 2209 1436 2246 Annal.
1459 2209 1585 2247 Taciti
1611 2218 1749 2246 vocem
1772 2221 1855 2246 eam
1886 2210 2004 2248 abeffe
2021 2225 2098 2250 non

1132 2259 1234 2308 poffe
1251 2288 1262 2303 ‚
1296 2261 1334 2297 ὃς
1353 2259 1399 2298 ad
1421 2271 1558 2297 vocem
1572 2287 1582 2303 ‚
1603 2270 1699 2308 quae
1719 2260 1905 2308 praecedit
1919 2291 1927 2306 ,
1943 2265 2097 2299 luxuriae

1132 2309 1367 2347 referendam
1403 2308 1475 2347 effe
1506 2310 1728 2360 judic-amm.
1780 2311 1958 2350 Ceterum
1989 2315 2026 2350 8<
2057 2327 2098 2350 u-

1131 2369 1263 2410 terque
1288 2360 1372 2398 cod.
1394 2361 1587 2399 -Brandeb,
1615 2361 1715 2397 illam
1745 2361 1864 2400 habet.
1905 2364 2094 2402 VORST.

1134 2412 1232 2450 Vide
1270 2412 1368 2460 Lips.
1411 2410 1458 2448 ad
1501 2413 1546 2449 L.
1583 2424 1642 2449 xt.
1674 2412 1776 2450 Ann.
1808 2414 1864 2450 26.
1893 2415 2025 2451 habent
2061 2414 2096 2449 ‘tei

1132 2468 1205 2513 ejus
1240 2462 1407 2512 plerique
1434 2463 1540 2501 MSS.
1568 2464 1606 2500 δε
1626 2462 1728 2500 editt.
1756 2476 1899 2501 omnes.
1932 2465 2022 2500 bene
2043 2476 2096 2499 er—
2162 2505 2166 2510 ,

1134 2525 1207 2563 go,
1234 2513 1338 2564 quod
1365 2525 1448 2551 eam
1480 2526 1617 2553 vocem
1650 2514 1815 2551 Vorstius
1847 2514 2004 2550 restituit.

1188 2576 1245 2612 74.
1276 2568 1480 2614 Domumque
1509 2565 1673 2615 repetens]
1706 2565 1744 2601 In
1778 2565 1971 2602 duodecim
1994 2563 2098 2600 MSS.

1139 2617 1180 2659 &
1200 2616 1372 2655 omnibus
1391 2615 1485 2654 Edd.
1511 2617 1641 2653 domum
1666 2615 1791 2651 redzens
1818 2614 1941 2650 inveni
1957 2641 1965 2656 ‚
1994 2613 2097 2661 quod

1140 2675 1349 2706 mutaverat
1387 2667 1535 2716 Pighius
1556 2696 1567 2712 ‚
1603 2666 1724 2704 nescio
1760 2675 1879 2701 utrum
1915 2676 1959 2700 ex
1990 2665 2096 2702 MSS.

1138 2730 1185 2756 an
1214 2718 1316 2769 quod
1345 2719 1478 2767 putarit
1509 2729 1653 2765 repetens
1691 2714 1760 2752 effe
1797 2715 2096 2754 convenientius.

1137 2773 1287 2806 Domum
1313 2769 1442 2806 rediens
1469 2769 1517 2806 est
1542 2770 1601 2806 hic
1628 2766 1704 2801 dum
1730 2764 1812 2800 redit
1832 2764 1984 2809 domum,
2015 2765 2093 2801 dum

1133 2822 1170 2858 in
1196 2836 1230 2857 eo
1256 2823 1301 2867 est
1327 2832 1365 2857 ut
1389 2820 1512 2857 redeat.
1565 2816 1712 2856 Deinde
1741 2827 1807 2863 pro
1828 2815 1994 2864 pellucida
2013 2819 2099 2861 reste

1134 2872 1241 2910 multi
1261 2872 1369 2912 MSS.
1394 2872 1529 2909 habent
1542 2867 1719 2917 perlucida.
1876 2917 1882 2922 1

1186 2935 1244 2971 7ς.
1270 2926 1378 2960 Sertis
1402 2923 1509 2970 capite
1534 2914 1925 2966 redtmito]„Klokk1us
1952 2916 2096 2966 legebat

169 2981 232 3018 70.
255 2971 346 3008 Inter
359 2972 489 3021 primae
499 2974 663 3022 juventae
679 2969 802 3022 initia]
842 2970 900 3010 Sic
914 2971 1085 3022 Pighiu8‚
1124 2976 1229 3024 sertis
1254 2984 1352 3024 caput
1379 2972 1565 3013 redimitus.

1587 3016 1695 3057 Hhh
1730 3015 1754 3054 h
1790 3029 1811 3055 2.
1950 3017 2007 3064 76.
2036 3017 2098 3053 Tc-
