2516 3509
187 186 189 189 Α
231 115 802 174 EXERCITATIO
839 117 942 172 AD
981 121 1159 180 VAL.
1196 124 1387 184 MAX.
1429 130 2003 200 Lm.vl1.cir.v11.
2039 159 2151 218 909-

159 215 291 264 Barn-
327 218 575 267 Briffonius
609 220 658 265 de
689 221 851 265 verbor·
871 224 1165 283 fignification.
1189 243 1235 272 v.
1259 231 1435 287 querela.
1467 232 1586 279 unde
1610 233 1657 281 δε
1679 235 1798 284 inter
1820 237 2152 289 accusationem

157 296 212 328 ac
235 285 566 346 querimoniam
589 297 798 331 accurate
820 284 1057 351 distinguit
1082 290 1202 354 Imp.
1227 290 1553 343 Constantinus
1577 300 1604 344 l.
1624 314 1692 346 12.
1715 303 1810 347 Cod.
1835 303 1984 350 Yheod.
2004 307 2052 351 de
2071 322 2146 367 ap-

147 348 406 407 pellationib.
444 350 599 413 Atque
619 349 730 396 haec
753 351 931 412 querela
954 352 1156 402 adversus
1180 356 1378 420 rigorem
1393 360 1507 423 juris
1526 361 1589 407 est
1612 364 1819 424 industa,
1855 368 2146 434 primumque

153 415 363 460 concelia
385 413 448 460 est
468 414 618 460 liberis
641 414 702 460 ob
724 413 935 476 injustam
958 418 1353 467 exheredationem
1377 422 1579 471 adversus
1594 427 1768 490 judicia
1790 446 2027 492 parentum
2051 451 2143 481 ma-

152 476 395 538 gistratum
416 479 788 542 implorantibus:
817 483 1018 542 quamvis
1038 483 1249 549 deinceps
1270 487 1314 532 id
1341 504 1524 550 quoque
1546 494 1598 537 ad
1622 507 1824 554 parentes
1846 495 2144 562 fratresque&

155 541 326 590 sorores
348 544 581 591 extensum
606 543 676 591 fit.
747 542 868 590 Non
891 561 997 592 vero
1028 547 1202 612 semper
1232 550 1306 597 illa
1337 551 1507 599 subtilis
1533 556 1777 604 verborum
1808 559 2037 608 distinctio
2059 563 2141 609 ob-

154 604 379 668 servatur,
415 608 485 655 sed
509 609 556 655 &
579 607 1005 657 diciturinofficiosi
1035 612 1152 660 actio
1187 617 1304 662 l.12..
1328 625 1365 672 §.
1384 621 1461 664 ult.
1484 620 1550 664 D.
1580 623 1701 685 l.15.
1738 632 1830 678 §.L
1867 629 1925 671 D.
1958 628 1985 671 l.
2004 641 2075 690 25.
2113 631 2141 674 l.

111 716 122 725 ,
153 684 231 733 27.
266 676 315 719 C.
351 677 399 720 de
431 673 634 735 inofficiof
667 674 891 734 testament.
932 674 978 722 ὃς
1000 679 1223 724 accusatio
1257 683 1344 727 l.6.
1381 685 1509 738 §.ult⁸
1545 686 1571 730 l.
1601 699 1672 747 1⁴7.
1706 691 1823 733 [η.
1861 679 1929 734 DJ
1950 693 2032 736 eod.
2057 708 2140 738 nec

153 736 285 799 plane
307 755 464 786 verum
491 740 554 785 est
579 739 704 802 quod
725 737 878 784 scribit
905 739 1059 788 Defid.
1083 743 1305 791 Heraldus
1325 747 1373 791 de
1395 762 1478 792 rer.
1499 747 1734 808 judicatur.
1754 756 1991 800 auffloritat.
2012 758 2083 802 leb.
2105 773 2141 802 1.

150 815 238 861 cap.
263 820 329 849 io.
367 822 406 849 n.
421 820 461 850 2..
498 804 721 868 querelam
743 819 838 849 non
858 806 1010 851 vocari
1034 807 1364 855 accusationem
1379 844 1393 869 ‚
1430 827 1537 857 cum
1560 813 1614 860 ab
1636 830 1689 860 eo
1712 816 2040 879 proficiscitur,
2061 822 2138 885 qui

150 870 447 915 reverentiam
479 870 613 916 debet
643 870 712 925 ei,
755 868 812 913 de
838 884 930 931 quo
964 870 1036 917 illa
1067 872 1331 920 instituitur.

217 933 478 995 Heredesque
501 937 584 996 lege
604 944 719 996 agere
736 935 878 993 paffits
902 952 975 981 non
996 936 1074 997 est]
1112 937 1311 985 Dederat
1323 938 1424 986 Piso
1448 939 1676 990 bonorum
1699 945 2007 1008 poffeffionem
2032 950 2131 997 Un-

151 994 208 1042 de
230 999 418 1063 cognati
439 998 665 1044 Terentio
689 1000 805 1061 patri
827 997 1054 1058 defuncti,
1091 1015 1255 1065 utpote
1277 1006 1492 1068 proximo
1515 1007 1570 1053 ab
1588 1009 1796 1056 intestato
1811 1045 1826 1069 ‚
1861 1026 1914 1059 ut
1944 1015 2005 1060 ita
2030 1015 2135 1062 effet

150 1060 258 1108 loco
280 1063 482 1121 heredis,
519 1062 736 1126 negleftis
761 1063 889 1124 plane
913 1065 1167 1113 testamenti
1190 1068 1378 1128 tabulis,
1413 1071 1576 1133 quibus
1598 1073 1806 1136 injuriam
1827 1077 2135 1125 exheredatio-

152 1127 220 1172 nis
242 1126 360 1174 filius
379 1128 495 1192 patri
520 1129 757 1184 intulerat,
794 1129 870 1190 qui
891 1128 946 1173 de
966 1145 1015 1175 ea
1037 1131 1326 1193 querebatur:
1363 1135 1500 1198 ipsam
1534 1152 1717 1200 quoque
1750 1155 1898 1186 rerum
1922 1158 2137 1207 corpora·-

151 1190 263 1238 lium
296 1193 633 1256 poffeffionem,
670 1192 760 1239 five
794 1192 1104 1240 detentionem
1138 1200 1172 1242 is
1203 1209 1294 1243 erat
1324 1199 1523 1261 adeptus.
1590 1200 1767 1249 Contra
1792 1205 1971 1252 heredes
1992 1225 2015 1252 a
2037 1208 2135 1255 filio

151 1255 344 1321 scripti,
386 1259 607 1304 rationem
642 1248 763 1303 mers
785 1259 896 1319 juris
925 1275 1009 1321 pro
1042 1258 1124 1305 sese
1158 1261 1396 1322 habentes,
1419 1263 1667 1312 hereditate
1686 1283 1740 1313 ex
1766 1269 2032 1317 testamento
2065 1272 2133 1319 su-

150 1321 329 1386 scepta,
363 1340 469 1369 cum
493 1322 745 1382 Terentio,
781 1334 1013 1386 tamquam
1038 1325 1202 1389 injusto
1227 1343 1373 1373 rerum
1404 1328 1643 1393 poffefl'ore
1673 1331 1728 1378 ab
1760 1333 1997 1393 intestato,
2028 1353 2132 1383 cum

148 1391 339 1434 exstaret
360 1389 679 1435 testamentum
702 1388 829 1433 omni
846 1389 949 1452 jure
974 1388 1198 1446 validum,
1233 1393 1361 1454 cujus
1384 1392 1507 1439 causa
1528 1395 1791 1456 praecedere
1816 1398 2032 1459 debebat,
2055 1419 2136 1447 vo·

146 1450 330 1500 luerunt
352 1453 452 1517 lege
477 1469 632 1517 agere,
667 1468 832 1516 nempe
864 1452 1120 1502 hereditatis
1144 1457 1366 1518 petitione
1389 1474 1445 1504 ex
1470 1459 1570 1521 lege
1592 1458 1835 1508 duodecim
1864 1464 2113 1512 tabularum
2130 1501 2152 1525 ‚i

148 1533 346 1580 quorum
370 1520 564 1564 intentio
591 1520 771 1580 optimo
796 1519 898 1582 jure
924 1520 1007 1564 niti
1028 1519 1264 1568 videbatur
1299 1524 1325 1567 l.
1346 1538 1383 1567 1.
1420 1532 1455 1578 §.
1474 1538 1512 1569 1.
1541 1527 1598 1569 D.
1623 1525 1670 1571 de
1701 1527 1915 1574 hereditat.
1944 1533 2131 1588 petition.

148 1581 327 1629 Verum
354 1582 740 1647 quemadmodum
771 1582 1011 1645 saepiffime
1040 1585 1189 1631 evenit
1208 1620 1224 1644 ,
1260 1599 1310 1632 ut
1331 1586 1525 1633 astion&
1547 1590 1811 1651 generaliter
1832 1592 2133 1642 consideratae

147 1646 364 1694 deberent
407 1648 489 1693 effe
532 1647 735 1694 efficaces
757 1680 772 1703 ,
824 1660 869 1692 at
902 1647 961 1693 ob
995 1649 1351 1696 circumstantias
1386 1651 1626 1715 singulares
1664 1655 1947 1717 iniquitatem
1981 1661 2127 1705 conti-

147 1726 310 1772 neant,
336 1729 387 1758 ac
410 1726 522 1759 tunc
548 1729 627 1776 per
655 1712 975 1775 exceptionem
1000 1715 1082 1759 reis
1103 1714 1173 1760 vel
1196 1715 1506 1777 possessoribus
1533 1715 1818 1764 succurratur
1840 1754 1854 1778 ,
1876 1733 1907 1766 t.
1922 1733 1951 1766 t.
1969 1723 2061 1783 [1st
2084 1725 2131 1770 de

144 1780 408 1837 exceptionib.
442 1779 504 1824 ita
527 1779 572 1824 &
596 1778 671 1823 hic
693 1777 939 1823 Terentius
960 1777 1044 1823 illis
1066 1778 1307 1841 opposuit,
1340 1780 1658 1827 testamentum
1690 1783 1828 1841 illud,
1864 1784 1984 1847 quali
2008 1803 2030 1832 a
2054 1788 2130 1833 de·—

144 1855 299 1889 mente
328 1842 525 1900 factum,
561 1843 677 1888 nihil
707 1841 788 1888 fibi
821 1841 995 1887 obstare
1029 1842 1219 1902 debere,
1253 1859 1333 1906 per
1362 1845 1551 1891 modum
1582 1847 1951 1895 contradictionis·
1977 1852 2124 1899 inoffi-

145 1906 257 1953 ciofi
291 1908 517 1970 querelam
553 1923 738 1954 movens
759 1924 792 1965 ‚'
821 1906 869 1952 ὃς
904 1906 1023 1953 reete
1054 1909 1150 1953 add.
1195 1911 1277 1953 [8.
1323 1917 1448 1973 §.13.
1495 1912 1555 1956 D.
1590 1912 1638 1957 de
1669 1911 1870 1971 inofficioſs
1902 1915 2125 1974 testament‘.

145 1971 391 2018 secundum
425 1973 655 2034 regulam,
690 1970 815 2034 quod
843 1971 917 2016 cui
946 1971 1103 2017 damus
1132 1972 1385 2033 actionem,
1422 1975 1485 2020 illi
1514 1975 1662 2021 multo
1688 1978 1828 2040 magis
1861 1978 2015 2025 demus
2047 1997 2123 2027 ex-

146 2037 408 2099 ceptionem
432 2069 447 2093 ,
495 2040 520 2081 l.
545 2042 650 2096 156.
694 2045 786 2090 §.L
823 2036 888 2079 D.
924 2036 972 2080 cle
1002 2040 1127 2098 regul.
1158 2038 1254 2096 jur.
1288 2041 1317 2084 l.
1339 2053 1376 2083 1.
1415 2048 1513 2100 §.4
1549 2042 1613 2086 D.
1647 2041 1696 2086 de
1712 2041 1965 2102 superficieb.
2000 2047 2127 2108 cujus

149 2100 330 2163 quando
363 2112 570 2164 apertum
606 2099 669 2144 est
692 2101 794 2161 jus,
831 2099 898 2144 uti
933 2099 1008 2144 hic
1041 2114 1160 2160 erat,
1196 2102 1431 2165 repellitur
1459 2103 1626 2151 a&ora
1646 2104 1802 2152 limine
1820 2108 2011 2170 judicii,
2038 2127 2126 2174 arg.

142 2169 230 2224 l.9.
261 2180 326 2226 pr.
363 2167 427 2211 D.
463 2166 511 2209 de
532 2164 800 2224 jurejurand.
835 2174 867 2208 t.
901 2174 932 2207 t.
970 2166 1029 2209 D.
1066 2180 1187 2226 quar.
1220 2183 1301 2213 rer.
1337 2174 1417 2212 (252².
1453 2186 1530 2214 non
1563 2170 1646 2215 det.

164 2260 196 2268 -
212 2233 366 2277 Patria
397 2228 612 2289 majestas]
651 2228 770 2275 Non
793 2226 1017 2292 potestas,
1051 2245 1166 2293 quae
1186 2246 1268 2293 per
1288 2230 1517 2278 dationem
1542 2234 1589 2278 in
1621 2232 1914 2297 adoptionem
1939 2251 2031 2284 erat
2054 2238 2119 2285 so⁴

140 2296 260 2354 luta,
283 2293 353 2340 sed
376 2294 596 2357 dignum,
612 2293 847 2355 quomodo
873 2292 1131 2339 &verbum
1148 2296 1336 2356 majestas
1359 2298 1528 2360 accipit
1541 2297 1662 2344 Cato
1688 2300 1742 2344 ad
1756 2298 2027 2348 Ciceronem
2051 2306 2121 2350 lib.

146 2377 224 2407 xv.
259 2360 367 2420 epist.
404 2359 613 2415 familiar.
650 2361 831 2405 Ciceron.
862 2358 972 2417 episi.
995 2373 1031 2404 1.
1057 2357 1105 2404 &
1130 2359 1218 2405 alii.
1254 2359 1473 2407 Ceterum
1496 2378 1643 2425 neque
1665 2363 1774 2410 haec
1801 2367 1940 2423 ratio,
1978 2383 2118 2429 neque

142 2424 374 2487 sequentes
393 2415 451 2469 de
471 2423 595 2469 dono
615 2436 760 2481 Vitae,
793 2421 1020 2469 beneficio
1049 2423 1352 2482 educationis,
1399 2443 1684 2490 numeroque
1717 2429 1959 2476 liberorum
1981 2464 1995 2488 ,
2038 2430 2119 2477 etsi

142 2489 360 2536 invidiam
394 2489 561 2535 faciant
591 2488 860 2534 testamento
881 2522 896 2547 ‚
943 2488 1178 2534 decretum
1209 2489 1380 2537 Pisonis
1413 2492 1468 2538 ab
1506 2493 1669 2556 injuria
1701 2493 1921 2540 absolvere
1955 2508 2115 2556 potue÷

143 2568 276 2613 runt,
309 2552 391 2600 nifi
426 2569 491 2599 res
522 2553 585 2599 ita
619 2552 701 2598 sese
734 2551 969 2610 habuerit,
1005 2554 1074 2598 uti
1105 2569 1186 2600 nos
1220 2553 1413 2617 speciem
1445 2570 1573 2602 antea
1604 2556 1842 2620 posuimus.

163 2621 370 2679 *Septem
392 2619 561 2680 fratres
581 2621 689 2678 inpie
718 2616 1004 2678 exheredatos]
1043 2617 1189 2675 Quod
1212 2619 1266 2665 ad
1287 2635 1520 2685 parentem
1547 2637 1783 2685 peccatum
1810 2620 1892 2666 effe
1922 2637 2013 2666 non
2039 2638 2114 2668 nc-

142 2684 371 2748 gaverim‚
407 2699 500 2729 non
535 2696 686 2728 tamen
714 2682 833 2744 idem
870 2682 1002 2744 quod'
1024 2682 1078 2730 ad
1110 2682 1300 2731 fratres:
1345 2686 1506 2748 quibus
1539 2702 1782 2747 numquam
1811 2686 1987 2746 querela
2017 2686 2119 2734 data

141 2749 231 2807 est,
267 2747 349 2795 nisi
382 2764 489 2794 cum
522 2747 607 2793 illis
644 2747 783 2793 essent
807 2746 1025 2810 praelatae
1050 2746 1260 2810 personae
1291 2763 1447 2813 turpes
1488 2760 1524 2808 ξ.
1547 2767 1582 2796 1.
1617 2751 1713 2811 Inst.
1743 2750 1791 2794 de
1823 2749 2026 2811 inofficiqss
2059 2764 2118 2797 te-

138 2816 329 2871 stam-ent.
374 2812 447 2859 vel
481 2813 720 2869 extranei,
769 2810 858 2859 five
887 2827 979 2858 non
1013 2813 1268 2876 municipes
1302 2831 1394 2876 arg.
1428 2818 1456 2860 l.
1480 2829 1571 2875 pen.
1603 2824 1637 2871 §.
1666 2830 1701 2860 1.
1751 2816 1810 2858 D.
1845 2816 1927 2859 eod.
1969 2818 2023 2860 lit
2069 2816 2116 2862 &

140 2878 414 2942 quandoque
445 2877 596 2924 liberti
632 2880 750 2939 l.27.
785 2882 832 2923 C.
866 2877 950 2923 eod.
982 2879 1052 2924 tit.
1083 2880 1174 2925 vicl.
1208 2880 1309 2940 Jac.
1348 2879 1590 2941 Gothofred.
1622 2879 1679 2926 ad
1716 2880 1741 2924 l.
1763 2893 1801 2924 1.
1839 2879 1938 2925 Coti,
1975 2878 2121 2926 Threci,

121 2945 173 2992 Α·
207 2954 256 2991 ‘⁵‘
1183 3006 1311 3072 ΥΠ
1353 3023 1421 3072 yy
1468 3021 1488 3071 3
1921 3005 2008 3050 W·
2045 3006 2134 3052 [μ’
