2516 3509
189 602 274 630 Ann.
297 595 367 628 urb.

189 647 259 674 679,
285 640 353 670 Cic.

188 686 274 713 Verr.
293 685 363 713 L.1.

191 768 301 797 fiunis
318 775 383 797 111.

192 816 221 842 6.
245 810 320 840 Dio.

401 166 506 218 720

684 122 1089 191 VALERII
1120 116 1511 173 'MAXIMI
1554 119 1860 180 L112.V111.
1901 124 2047 186 CAP.
2075 129 2147 188 V.

398 246 622 309 ernegum
657 235 889 301 flagitium
922 245 1015 277 uno
1050 223 1270 273 absentiae
1305 235 1581 287 argumento
1614 228 1804 275 tuente?
1831 230 2065 294 Siquidem
2095 232 2272 298 judices
2294 235 2408 288 Clo-

400 324 528 370 dmm
569 326 607 356 ¹5
644 313 803 363 incesti
837 309 1058 367 crimine,
1093 319 1230 369 quam
1266 301 1546 369 Ciceronem
1581 302 1764 351 infamia.
1797 308 1984 370 perjurii
2018 309 2204 358 liberare
2240 287 2408 364 malue-

407 414 511 450 rUsst
518 437 528 448 .

471 482 575 529 Tot
609 474 792 524 elevatis
827 471 1051 529 testibus,
1095 482 1241 514 unum
1268 499 1284 525 ‚
1319 465 1450 529 cujus
1485 480 1605 512 nova
1643 464 1819 510 ratione
1847 466 2075 529 judicium
2110 471 2297 535 ingressa
2332 493 2410 523 au-

408 563 595 612 &oritas
632 556 905 605 confirmata
936 551 1024 610 est,
1058 548 1259 596 referam.
1325 548 1379 594 P.
1409 547 1622 594 Servilius
1658 545 1926 607 consularis,
1960 549 2212 613 censorius,
2247 555 2410 603 trium-

400 640 569 706 phalis,
605 637 683 700 qui
718 634 945 697 majorum
979 626 1163 675 suorum
1198 625 1344 674 titulis
1383 622 1426 653 ¹⁶
1453 625 1630 687 Istzuricz'
1664 641 1928 688 cognomen
1961 627 2155 691 adjecit,
2191 649 2299 680 cum
2334 635 2405 682 fo-

401 741 504 772 rum
538 721 807 786 praeteriens
849 713 980 762 testes
1023 712 1071 758 in
1113 727 1241 758 reum
1284 708 1379 755 dari
1419 706 1596 755 vidisset
1621 741 1637 766 ‚
1682 707 1787 754 loco
1825 706 1946 754 testis
1982 711 2224 773 constitit,
2274 722 2315 755 ¹7
2351 733 2402 764 ac

404 805 624 852 lumniam
659 801 774 846 inter
810 809 1107 861 patronorum
1143 791 1310 855 pariter
1344 788 1393 836 &
1416 787 1731 836 accusatorum
1766 787 2111 837 admirationem
2148 790 2210 838 fic
2251 790 2291 821 ¹8
2329 812 2403 841 01·-

410 1016 547 1052 Cicero
577 1012 711 1061 aliique
740 1009 857 1047 testati
886 1007 988 1051 sunt,
1014 1006 1131 1054 ipsum
1162 1016 1210 1042 eo
1230 1010 1379 1050 tempo-

412 1078 450 1104 re
479 1068 626 1103 Romae
656 1062 815 1100 omnino
844 1057 960 1096 fuiffe.
1012 1057 1141 1095 Nihilo
1171 1065 1299 1093 tamen
1326 1053 1380 1090 se-

412 1118 487 1154 cius
513 1115 668 1153 Clodius
698 1112 880 1150 absolutus
906 1110 986 1147 fuit.
1034 1107 1232 1146 VORST.
1277 1105 1380 1142 Prio-

408 1180 488 1205 rem
517 1167 623 1215 hujus
647 1172 759 1201 notae
787 1170 929 1211 partem
961 1171 1006 1196 ex
1030 1158 1203 1196 Oliverio
1229 1156 1274 1195 ad
1296 1167 1379 1193 ver-

407 1220 496 1255 bum
526 1215 707 1264 descripsit
727 1212 893 1251 Vorstius
910 1238 921 1254 ‚
947 1210 1011 1260 qui
1032 1209 1056 1246 fi
1079 1217 1259 1258 uterque,
1287 1207 1376 1245 dum

407 1269 571 1312 addunt,
609 1282 643 1303 eo
674 1281 761 1302 anno
793 1263 971 1310 Pontificis
994 1275 1087 1296 max.
1120 1260 1316 1297 Caesarem
1342 1273 1377 1293 eo

407 1321 579 1357 duntaxat
593 1316 881 1362 annoPontificem
901 1328 991 1349 max.
1006 1309 1110 1349 fuiffe
1132 1310 1380 1356 crediderunt,

407 1379 572 1409 errarunt
592 1368 809 1417 turpissime.
848 1366 948 1402 Nam
969 1365 1044 1410 jam
1066 1375 1166 1400 anno
1190 1370 1274 1399 ante
1289 1365 1381 1397 Pon-

408 1425 496 1468 tifex
518 1425 628 1458 Max.
653 1421 794 1460 fuerat,
824 1418 861 1454 ὅ(
882 1414 1145 1453 Pontificatum
1170 1414 1273 1450 Max.
1301 1424 1381 1451 non

407 1474 474 1511 nili
495 1481 619 1510 morte
643 1468 833 1508 Pontificis
857 1466 1002 1504 finitum
1031 1463 1158 1509 fuisse,
1185 1465 1264 1502 satis
1293 1476 1380 1501 con-

408 1525 484 1561 stat.
513 1523 570 1560 Sic
589 1521 720 1559 Caesar
740 1523 789 1569 Q.
811 1518 967 1555 Metello
982 1517 1051 1554 Pio
1072 1515 1254 1560 suCCCffit‚
1283 1515 1379 1552 Cae-

406 1576 474 1613 sari
506 1573 681 1621 Lepidus.
733 1572 795 1608 An
823 1568 969 1606 interest
1003 1579 1160 1605 monere
1183 1595 1195 1611 ,
1238 1567 1375 1615 pleros-

407 1637 482 1675 que
508 1624 615 1662 MSS.
642 1635 709 1673 pro
731 1621 884 1659 Ciodium
903 1628 1064 1669 utroque
1086 1619 1173 1656 loco
1196 1617 1377 1655 Claudiurn

409 1674 611 1714 exhibere?

464 1740 520 1774 14.
547 1728 610 1762 Illo
630 1724 843 1774 sacrilegium
875 1730 920 1758 (Υ
938 1718 1134 1773 flagitium]
1173 1719 1310 1756 Melius
1338 1719 1377 1756 in

411 1776 628 1816 Coloniensi
660 1777 697 1813 ὃ(
725 1773 955 1812 Atrebatenfi
977 1800 986 1815 ,
1028 1771 1176 1819 aliisque
1207 1769 1281 1806 fine
1310 1781 1375 1806 co-

407 1830 515 1878 pula,
542 1829 603 1864 illo
624 1827 826 1876 sacrilegum
851 1824 1049 1875 flagitium?
1070 1820 1211 1858 PIGH.
1241 1822 1302 1855 Illo
1314 1823 1377 1867 sa-

404 1883 561 1931 crilegum
579 1879 757 1928 flagitismz
781 1890 845 1911 uno
867 1875 1036 1922 absentiae
1062 1882 1256 1922 argumento
1284 1882 1377 1907 tuen-

407 1943 450 1969 te.
488 1931 690 1979 Sacrilegum
708 1928 886 1976 flagitium
912 1923 1044 1972 scripsit
1062 1922 1210 1970 Pighius
1237 1933 1281 1957 ex
1313 1922 1376 1958 ali-

407 1990 502 2032 quot
537 1980 646 2018 codd.
682 1979 790 2016 MSS.
827 1977 944 2014 Aldus
983 1976 1021 2012 ὃ(
1051 1971 1376 2020 Clialcocondyles

407 2033 616 2074 ediderant,
635 2029 851 2079 sacrilegium
871 2036 916 2062 (φ’
934 2026 1115 2077 flagitium.
1173 2023 1269 2060 Mihi
1287 2034 1377 2060 neu-

406 2093 507 2122 trum
544 2083 695 2130 placem
745 2082 782 2117 ὃς
813 2079 958 2126 utrique
994 2076 1166 2124 praefero
1204 2072 1307 2123 quod
1338 2075 1375 2111 in

404 2147 484 2172 uno
512 2132 595 2169 cod.
623 2130 799 2168 lsi-andei),
830 2128 984 2165 observo
999 2126 1374 2175 sacrilegiiflagitium

408 2195 449 2223 ut
478 2195 619 2221 nomen
647 2181 789 2230 generis
817 2181 855 2217 δε
878 2190 1023 2216 nomen
1053 2177 1187 2225 speciei
1216 2177 1374 2224 conjun-

407 2244 560 2285 gantur,
590 2235 626 2271 ἃ
647 2234 801 2270 alterum
823 2242 955 2267 eorum
977 2228 1058 2265 casu
1077 2227 1231 2276 obliquo
1257 2238 1373 2276 pona-

405 2296 476 2325 tur.
502 2285 694 2322 VORST.
719 2281 942 2330 Complures
964 2279 1071 2316 MSS.
1091 2280 1296 2330 sacrilegum
1327 2287 1372 2314 ey

397 2339 585 2388 flagitium.
633 2334 735 2372 Harl.
766 2334 981 2382 satrilegium
1010 2331 1198 2380 flagitium.
1242 2329 1372 2377 Ultraj.

408 2391 516 2438 prim.
533 2388 747 2433 sacrileaium
766 2385 967 2433 flagitium,
995 2380 1063 2418 sec.
1082 2382 1283 2431 sacrilegum
1301 2382 1374 2427 fla-

403 2442 546 2490 gitium.
572 2418 676 2486 quod
706 2446 769 2471 cur
799 2446 877 2471 non
896 2430 1082 2481 probem?
1112 2443 1197 2468 cum
1217 2443 1294 2468 uuo
1316 2432 1372 2467 in-

412 2493 486 2538 .·efli
508 2491 640 2525 crimine
669 2487 709 2524 sit
733 2485 937 2528 accusatuS,
972 2482 1008 2519 id
1036 2482 1107 2526 est,
1145 2481 1250 2530 quod
1278 2482 1375 2519 sacra

409 2543 537 2579 Bonae
557 2540 661 2577 Deae
688 2543 839 2586 propter
862 2533 1054 2571 libidinem
1083 2532 1296 2569 violaverat.
1329 2533 1376 2569 E-

410 2602 465 2630 rat
496 2602 585 2639 ergo
604 2590 779 2640 flagitium
807 2589 873 2633 (ut
893 2585 941 2621 est
969 2595 1011 2620 ea
1031 2594 1107 2619 vox
1136 2583 1308 2630 frequens
1329 2584 1374 2621 de

407 2641 580 2690 libidine)
604 2652 681 2690 quo
710 2639 805 2676 sacra
834 2635 1013 2677 violarat,
1044 2634 1079 2670 h.
1109 2644 1140 2669 e.
1162 2635 1374 2683 sacrilegum.

463 2709 516 2741 ῖς.
546 2693 657 2738 Incesti
687 2687 837 2737 crimine]
867 2684 986 2735 Quod
1005 2684 1101 2721 sacra
1122 2683 1249 2720 Bonae
1270 2686 1374 2722 Deae

409 2743 584 2782 vioiai'set.
639 2743 740 2779 Ante
773 2745 975 2778 vocaverat
993 2736 1165 2785 sacrilegii
1183 2736 1376 2784 flagitium.

407 2795 600 2834 VORST.

461 2847 515 2884 16.
553 2843 692 2890 Isaurici
724 2839 914 2893 cognomen]
958 2839 1000 2876 P.
1034 2837 1207 2875 Servilius
1250 2835 1371 2874 miffus

407 2906 536 2935 contra
564 2897 694 2942 piratas
718 2894 798 2931 fuit.
859 2894 969 2939 Quos
995 2901 1072 2927 non
1103 2890 1196 2925 mari
1225 2895 1369 2925 tantum

404 2948 613 2990 submovit,
639 2944 698 2982 scd
719 2946 756 2982 δε
776 2943 912 2992 oppida
936 2952 1068 2979 eorum
1086 2967 1096 2983 ‚
1120 2938 1299 2976 Phalerim
1331 2940 1369 2976 &

407 3000 605 3048 Olympon
632 3024 640 3039 ,
680 2996 918 3043 lsaurumque
945 2992 1058 3041 ipsam
1080 3018 1090 3035 ‚
1129 3001 1251 3028 arcem
1279 2989 1368 3027 Cili-

399 3053 500 3097 ciae,
525 3048 750 3098 expugnavit
769 3056 879 3098 atque
900 3043 1042 3083 evertit.
1086 3044 1174 3092 Qua
1197 3042 1242 3080 de
1263 3041 1366 3080 causa

2335 874 2403 924 sus

1432 1001 1570 1047 Isaurici
1598 998 1660 1038 fibi
1679 1011 1822 1039 nomen
1841 998 2002 1049 sumpsit.
2029 1000 2225 1043 VORST.

1466 1065 1521 1099 17.
1536 1055 1606 1091 „Ac
1622 1065 1682 1102 per
1691 1055 1857 1101 summam
1878 1054 1965 1089 inter
1983 1055 2194 1101 patronorum
2213 1055 2342 1100 pariter
2355 1064 2401 1094 G?

1429 1106 1653 1151 accusatorum
1673 1103 1931 1140 admirationem
1940 1103 1990 1149 fic
2009 1104 2118 1153 orsus]
2135 1105 2174 1142 Ii]
2188 1106 2403 1156 Campenfi,

1432 1155 1720 1197 Wincheliano,
1750 1154 1988 1196 Coloniensi,
2011 1156 2289 1194 &Atrebatensi
2304 1187 2314 1203 ‚
2335 1165 2404 1200 αΛα

1429 1207 1519 1242 inter
1530 1209 1696 1253 summam
1717 1217 1932 1254 patronorum
1959 1207 2088 1254 pariter
2115 1215 2160 1243 ἐφ’
2181 1212 2405 1256 accusatorum

1428 1255 1684 1293 admirationem
1696 1257 1746 1304 fic
1772 1259 1861 1304 orsus
1883 1259 1937 1302 eft.
1958 1257 2277 1305 Optime.PIGH‚
2304 1266 2402 1297 Sum-

1430 1321 1517 1343 mam
1535 1310 1623 1344 inter
1646 1319 1861 1357 patronorum
1881 1309 2008 1356 pariter
2028 1322 2067 1344 ac
2091 1313 2313 1357 accusatorum
2338 1312 2403 1349 ad-

1432 1361 1656 1396 mirationem.
1671 1359 1725 1396 Ita
1745 1358 1944 1407 legendum
1967 1358 2124 1397 videtur.
2136 1361 2252 1399 Aldus
2275 1362 2401 1401 edide-

1432 1418 1509 1455 rat,
1541 1422 1599 1460 per
1615 1413 1784 1458 summam
1811 1412 1899 1446 inter
1929 1420 2141 1456 patronorum
2167 1424 2240 1462 par.
2265 1422 2311 1449 (9·
2333 1429 2398 1453 acc.

1431 1461 1594 1498 admirat.
1623 1462 1705 1499 Nec
1723 1461 1825 1498 aliter
1846 1461 2025 1498 Chalcoc.
2051 1463 2090 1499 ὅ(
2111 1464 2223 1501 Mart.
2242 1465 2402 1514 Herbip.

1433 1512 1505 1550 Sed
1524 1512 1657 1550 vocula
1676 1525 1733 1561 per
1751 1512 1943 1550 manifeste
1965 1512 2081 1550 otiosa
2104 1514 2163 1551 est.
2196 1515 2243 1552 Et
2265 1519 2400 1565 reperit

1430 1563 1514 1601 sane
1540 1564 1688 1612 Pighius
1717 1564 1756 1601 in
1783 1564 1926 1613 aliquot
1963 1562 2072 1600 codd.
2115 1567 2201 1601 inter
2230 1569 2399 1614 summam

1423 1625 1642 1662 patronorum
1668 1616 1798 1663 pariter
1816 1623 1860 1651 <9⁴
1881 1616 2105 1658 accusatorum
2121 1615 2376 1655 admirationem

1430 1667 1565 1704 vocula
1587 1678 1646 1715 per
1675 1663 1815 1703 omiffa.
1843 1665 2040 1704 VORST.
2068 1667 2123 1703 Ut
2140 1667 2256 1705 Aldus
2277 1649 2399 1707 edides

1430 1725 1507 1756 rat,
1534 1719 1584 1754 ita
1605 1717 1716 1753 video
1741 1718 1777 1753 in
1806 1716 1967 1765 pluribus
1994 1716 2131 1754 exstare
2150 1717 2260 1756 codd.
2280 1729 2320 1757 ut
2336 1721 2399 1758 Pi-

1429 1767 1555 1814 ghius,
1583 1767 1717 1805 habent
1742 1776 1814 1806 tres
1835 1767 1943 1804 Leid.
1971 1767 2008 1804 &
2030 1767 2162 1816 Ultraj.
2183 1770 2290 1817 prim.
2324 1771 2397 1811 Sed

1430 1818 1564 1865 Copes.
1612 1818 1716 1855 Paris.
1762 1826 1843 1855 tert.
1883 1830 1940 1867 per
1971 1819 2138 1862 summam
2170 1831 2399 1868 patronorum.

1430 1869 1539 1924 Leid.
1578 1870 1645 1906 sec.
1685 1880 1741 1916 per
1762 1872 1925 1916 summas.
1954 1867 2066 1905 Certe
2097 1869 2267 1908 alterutra
2294 1885 2400 1921 prae-

1428 1919 1562 1967 positio
1592 1921 1640 1957 est
1670 1919 1901 1967 supervacua.
1955 1919 2018 1956 An
2054 1919 2224 1968 scripsit?
2269 1926 2314 1959 Et
2334 1935 2398 1970 per

1419 1973 1586 2018 summam
1607 1973 1740 2006 interim
1766 1981 1979 2018 patronorum
2000 1971 2130 2018 pariter
2157 1979 2202 2006 ω’
2229 1977 2399 2022 accufino-

1427 2035 1498 2056 rum
1526 2020 1806 2056 admirationem:
1840 2029 1879 2058 ut
1911 2020 2033 2062 dic-at,
2075 2020 2165 2058 dum
2190 2021 2239 2059 illi
2262 2026 2398 2072 pariter

1424 2071 1569 2159 fufium
1603 2073 1680 2121 ejus
1710 2071 1914 2116 mirantur,
1938 2071 2055 2120 ipsum
2083 2070 2130 2108 fic
2159 2074 2281 2112 orsum
2309 2077 2397 2115 fuis-

1442 2134 1474 2159 e.

1482 2173 1539 2210 18.
1567 2175 1669 2221 Orscrs
1699 2171 1760 2222 est]
1797 2175 1850 2219 Est
1876 2170 2017 2209 addidit
2042 2172 2211 2222 Pighius,
2240 2178 2344 2226 quod
2374 2191 2395 2218 a

1429 2223 1581 2272 vulgatis
1613 2223 1706 2262 Edd.
1734 2222 1925 2266 exulabat3
1961 2222 2034 2260 Sed
2062 2236 2141 2262 non
2171 2239 2191 2264 a
2220 2228 2327 2277 Mog.
2357 2232 2397 2269 &

1427 2276 1536 2331 MSS.
1573 2283 1654 2313 tum
1684 2275 1836 2324 quidam
1876 2275 1953 2324 quir
1974 2274 2055 2320 fit3
2096 2276 2187 2314 item
2223 2281 2313 2326 cujas
2340 2282 2397 2325 fit.

1427 2325 1497 2384 Bit.
1525 2327 1631 2376 prim.
1657 2325 1836 2376 cuiusmodi
1856 2326 1918 2374 fit.
1944 2325 2083 2370 Multi,
2115 2342 2217 2378 quam
2245 2333 2338 2368 ‘viam
2359 2348 2395 2369 e-

1419 2389 1525 2427 gent.

1482 2441 1538 2476 19.
1576 2427 1655 2467 Ad
1686 2427 1878 2480 religionem
1907 2427 2071 2479 vestram]
2130 2429 2173 2467 In
2200 2430 2276 2469 aliis
2306 2441 2398 2473 vett.

1427 2479 1522 2517 Edd.
1567 2479 1786 2528 legebatur,
1832 2480 2042 2529 Religionem
2075 2483 2231 2526 nostram.
2272 2483 2401 2525 Franc.

1428 2530 1665 2569 Robortellus
1696 2531 1875 2568 mendum
1896 2528 1967 2567 effe
1986 2531 2160 2579 putabat,
2189 2534 2227 2570 ὃ(
2247 2545 2316 2582 pro
2336 2551 2397 2572 no-

1417 2584 1525 2628 stram
1547 2611 1558 2627 ‚
1602 2584 1745 2628 vestram
1771 2581 1842 2619 effe
1869 2581 2142 2630 reponendum.
2195 2584 2231 2621 Si
2258 2584 2399 2634 legatur

1425 2637 1574 2680 nostram
1597 2661 1608 2677 ‚
1653 2633 1890 2670 Robortellus
1931 2633 2008 2677 ait,
2052 2633 2088 2670 se
2124 2646 2203 2671 non
2244 2636 2395 2684 videre,

1427 2696 1524 2733 quae
1545 2684 1725 2721 sententia
1748 2685 1830 2721 elici
1847 2682 1965 2732 poffit.
2003 2684 2088 2721 Car.
2119 2685 2290 2734 Sigonius
2310 2688 2394 2728 Lib.

1432 2747 1463 2771 1.
1493 2735 1653 2772 Emend.
1681 2747 1718 2783 p.
1746 2735 1806 2773 66.
1829 2733 2035 2783 respondet.
2087 2735 2170 2784 Ego
2198 2749 2289 2776 vero
2315 2740 2397 2777 Ro-

1423 2784 1646 2830 bonellum,
1675 2785 1739 2835 qui
1772 2785 1916 2824 nullum
1945 2797 1990 2823 ex
2018 2789 2129 2833 nostra
2157 2787 2290 2826 elicere
2315 2791 2397 2828 sen-

1422 2835 1500 2893 sum
1531 2837 1565 2874 se
1595 2835 1697 2885 poffe
1727 2838 1798 2882 ait,
1823 2848 1942 2874 errare
1973 2837 2165 2882 existimo,
2194 2839 2395 2879 &nostram

1424 2895 1579 2924 retineo.
1637 2888 1748 2933 Jubet
1787 2889 1887 2925 enirn
1929 2888 2134 2933 Servilius,
2176 2897 2216 2926 ut
2251 2891 2395 2939 judices

1425 2938 1637 2982 aestiment,
1681 2950 1727 2976 an
1756 2938 1915 2988 negleefi
1943 2939 2012 2976 viri
2043 2939 2272 2989 triumphalis
2300 2942 2392 2980 senis

1419 2996 1615 3045 peccatum
1647 2989 1784 3038 aliquid
1806 2990 1852 3029 ad
1868 2989 2102 3028 severitatem
2122 2992 2317 3028 Romanae
2336 2992 2392 3029 di-

1416 3039 1591 3089 sciplinae
1619 3041 1803 3089 pertineat
1827 3055 1836 3078 ε
1877 3041 1983 3092 quod
2012 3043 2051 3081 δε
2079 3041 2260 3090 judicibus
2295 3042 2397 3080 casti-

2309 3104 2399 3142 gan-
