2516 3509
371 84 512 167 ΒΕ
588 104 1346 167 EFFECTIBUS
1417 106 1904 172 An’rluM.

134 207 436 275 cupiditatem
479 206 598 252 muti
645 206 804 272 lapidis
846 208 1126 255 lineamentis
1172 207 1418 254 excitatam
1461 209 1736 257 videamus?

195 296 236 321 2⁷
274 287 496 334 Ceterum
532 299 690 334 natura
723 287 1108 351 quemadmodum
1144 285 1462 350 saepenumero
1499 289 1721 336 aemulam
1757 290 1922 338 virium
1958 288 2134 338 suarum

121 352 394 414 a1⁴tem⁷effe
427 365 625 429 patitur,
662 366 724 412 ita
758 366 999 429 aliquando
1035 366 1215 412 irritum
1248 363 1358 410 fesso
1394 365 1548 412 labore
1581 367 1798 414 dimittit:
1849 369 1974 431 quod
2010 369 2127 416 suin-

125 446 188 492 mi
223 443 409 491 artificis
459 440 503 469 28
549 444 864 506 Euphranoris
903 460 1058 490 manus
1092 441 1333 489 senserunt.

128 526 237 572 deos
270 525 506 587 pingeret,
557 524 775 588 Neptuni
812 525 1056 587 imaginem
1091 539 1225 587 quam
1259 536 1440 586 poterat
1475 524 1854 572 excellentiffimis
1890 529 2127 592 majestatis

124 602 354 649 coloribus
388 602 658 665 complexus
693 604 786 662 est,
818 603 1003 667 perinde
1036 619 1086 649 ac
1107 602 1265 661 Jovis‚
1295 608 1340 639 29
1365 602 1596 665 aliquanto
1622 602 1927 667 augustiorem
1954 622 2125 669 reprac-

123 677 386 728 sentaturus.

457 681 545 729 Sed
595 684 721 728 omni
767 683 945 746 impetu
990 680 1285 745 cogitationis
1331 680 1377 727 in
1417 679 1634 744 superiori
1680 697 1817 744 opere
1860 682 2126 747 absumpto,

125 760 392 821 posteriores
427 763 522 826 ejus
556 777 745 808 conatus
779 762 1028 825 assurgere,
1066 776 1157 824 quo
1194 758 1472 818 tendebant,
1504 760 1824 824 nequiverunt.

196 844 241 876 30
276 839 407 901 Qid
442 840 517 886 ille
550 838 659 886 alter
695 856 834 904 aeque
869 839 1032 886 nobilis
1068 837 1242 903 pistor,
1279 837 1534 886 ludtuosum
1573 845 1610 875 3¹
1641 842 1899 889 immolatae
1935 845 2122 909 {phige-

129 1047 168 1083 &
198 1046 305 1084 exstat
334 1047 371 1084 in
399 1046 514 1084 tribus
542 1046 646 1085 MSS.
676 1048 786 1085 ceteri
809 1057 895 1084 cum
919 1047 1099 1097 antiquio-

129 1098 225 1134 ribus
244 1097 342 1136 Edd.
364 1098 568 1135 ani-mantia.

179 1148 237 1184 26.
265 1153 368 1188 eArte
397 1148 546 1198 decepta]
577 1149 637 1186 De
667 1149 797 1187 ovibus
826 1160 890 1197 per
916 1148 1096 1198 ptum-am

133 1197 296 1248 deceptis
323 1228 333 1244 ‚
369 1199 450 1235 imo
488 1200 564 1248 ipso
596 1200 736 1248 pretore
759 1218 792 1244 ,-
817 1200 903 1237 vide
931 1200 1021 1238 Plin.
1055 1200 1100 1236 L.

130 1261 239 1287 xxxv.
272 1263 328 1288 ro.
365 1250 608 1289 PERIZON.

180 1312 239 1346 27.
267 1301 437 1350 Ceterum]
480 1301 556 1339 Hic
585 1309 669 1339 ante
699 1300 870 1348 Pighium
903 1300 1102 1349 incipiebat

130 1362 209 1400 cap.
241 1364 296 1389 12.
330 1363 415 1388 cum
444 1352 517 1389 hoc
542 1353 663 1390 titulo.
716 1350 892 1402 Quaedam
922 1353 1019 1388 nulla
1047 1367 1102 1388 ar-

133 1413 166 1438 te
195 1401 276 1448 effici
303 1405 397 1451 poJJe.
443 1403 491 1440 Et
529 1403 576 1440 fic
604 1403 709 1440 MSS.
746 1403 853 1440 Paris.
888 1411 1006 1452 quart.
1046 1407 1106 1440 De

131 1453 327 1502 quibusdam
342 1482 351 1498 ‚
380 1468 466 1504 quae
486 1457 582 1492 nulla
603 1466 676 1491 arte
694 1453 774 1500 effici
789 1453 931 1501 poffimt.

180 1505 240 1542 28.
270 1506 495 1554 Euphranoris
522 1504 659 1555 manus]
708 1504 844 1542 Plinius
882 1504 964 1542 Lib.
993 1517 1103 1542 XXXV.

138 1566 217 1602 cap.
246 1567 304 1593 21.
331 1556 523 1593 Pausanias
551 1557 589 1593 in
618 1556 751 1594 Atticis
771 1555 939 1593 Praxiteli
968 1556 1104 1593 tribuit.

136 1605 374 1644 CORRAD.
413 1607 648 1655 Euphranoris.
690 1607 795 1655 Lege
826 1607 984 1643 Plinium
1020 1607 1104 1645 Lib.

130 1667 241 1693 xxxv.
278 1668 356 1705 cap.
388 1669 442 1694 11.
481 1658 674 1696 COLER.
720 1658 943 1706 Euphranoris
978 1672 1107 1696 manns.

135 1706 317 1744 Observat
337 1707 548 1754 Corradus,
575 1709 790 1747 Pausaniam
821 1708 858 1744 in
878 1708 1012 1745 Atticis
1043 1709 1106 1745 tri-

130 1756 242 1795 buere
260 1758 335 1795 hoc
351 1758 532 1796 Praxiteli.
563 1759 759 1797 VORST.
796 1759 848 1795 At
867 1758 1002 1796 Plinius
1025 1758 1108 1797 Lib.

131 1819 241 1846 xxxv.
274 1822 329 1847 11.
375 1809 471 1846 inter
508 1809 664 1858 picturas
701 1809 951 1858 Euphranoris
990 1809 1103 1847 etiarn

128 1858 332 1897 duodecim
369 1860 475 1897 Deos
515 1861 637 1898 refert.
700 1861 748 1898 Et
788 1860 979 1898 Pausanias
1016 1859 1104 1898 dicit

69 1923 71 1926 ⁴
128 1921 208 1958 cap.
251 1923 312 1957 40.
355 1911 393 1948 in
433 1910 547 1950 Attic.
614 1911 780 1951 Ε’νῖωῦθοι
819 1915 850 1961 ,ς
891 1910 921 1947 ἓ
966 1909 1099 1964 δῶδζεκοι

121 1961 359 2010 σ’νομκξομένωυ
396 1964 476 1997 Ξεῧν
528 1963 593 2001 ε’ςιν
628 1962 820 2005 ἐγέλμοιῖκ
841 1990 851 2006 ,
900 1960 987 2008 ’ἔργα
1018 1966 1096 2009 a'vaq

127 2009 296 2057 λεγᾶμῖμα
321 2011 540 2060 Πρίφξιῑέλες.
595 2012 673 2050 Hic
704 2023 793 2049 vero
823 2023 908 2049 cum
938 2011 1099 2060 sculptor

128 2061 263 2105 fuerit,
300 2072 355 2097 res
383 2061 454 2108 ipsa
480 2062 611 2110 jubet,
636 2070 677 2099 ut
707 2063 782 2100 hoc
805 2061 851 2099 de
872 2061 978 2110 signis
1001 2063 1097 2100 duo—

128 2111 252 2149 decim
271 2110 428 2148 deorum
443 2112 665 2160 accipiamus
685 2113 729 2150 ab
747 2113 810 2150 illo
831 2112 974 2160 sculptis
987 2124 1096 2156 ‚cum

130 2162 287 2211 pinxerit
311 2173 375 2199 eos
405 2163 636 2211 Euphranor.

174 2225 235 2262 29.
264 2215 474 2261 =silt'quanto
503 2211 740 2265 augustiorem]
792 2213 900 2250 Haec
931 2212 1095 2252 addititia

129 2263 312 2301 videntur.
348 2264 545 2302 GUYET.
593 2265 689 2302 Mihi
717 2276 870 2313 quoque
902 2263 962 2301 hic
990 2264 1095 2303 locus

128 2313 308 2363 suspeuus
345 2314 403 2352 est.
457 2317 565 2362 Quae
603 2316 702 2352 enim
740 2315 833 2352 ratio
866 2315 990 2352 movit
1018 2316 1093 2353 Eu-

126 2366 373 2414 phranorem,
410 2373 451 2402 ut
482 2366 647 2414 Neptuni
673 2366 877 2413 imaginem
904 2366 1094 2415 aliquanto

128 2416 375 2465 augustiorem
397 2417 666 2465 repraesentare
686 2415 869 2460 voluerit,
896 2428 1011 2466 quam
1030 2418 1095 2465 Jo-

128 2467 210 2504 vis?
239 2467 350 2504 Certe
367 2467 502 2513 Jovem
517 2468 689 2505 Deorum
708 2479 833 2515 regem
853 2467 995 2506 summa
1016 2479 1096 2506 ma-

132 2518 235 2565 jestas
262 2518 376 2566 magis
397 2517 549 2556 decebat
563 2547 573 2564 ,
595 2530 706 2568 quam
732 2519 965 2567 Neptunum.
986 2519 1095 2559 MSS.

127 2577 256 2606 tamen
285 2569 373 2606 nihil
402 2570 542 2615 iuvant.
567 2570 700 2618 Copes.
726 2569 762 2606 id
789 2569 967 2607 scribendi
987 2582 1093 2609 com-

126 2619 303 2668 pendium
340 2620 482 2665 habet,
524 2633 601 2671 quo
638 2619 857 2669 significatur
897 2621 1093 2670 aliquando.

128 2670 240 2708 Libet
267 2669 457 2718 indulgere
484 2671 730 2720 conjeuurae.
783 2670 886 2720 Quid
916 2670 940 2708 fi
962 2672 1092 2711 auctor

125 2720 328 2770 scripserit?
356 2721 491 2759 Deinde
519 2730 564 2759 <²7¹
585 2722 692 2768 Jovis
721 2723 898 2771 aliquanto
926 2725 1092 2775 augustio.

124 2786 193 2809 rem
215 2774 534 2820 repraesentaturus.
581 2774 724 2811 Scilicet
754 2774 920 2821 pinxerat
941 2775 1021 2822 jam
1051 2776 1090 2813 δε

129 2823 348 2871 complexus
367 2832 443 2860 erat
454 2825 672 2872 Neptunum
695 2823 999 2863 excellentiffimis
1016 2837 1089 2864 ma-

121 2874 259 2922 jestatis
287 2874 491 2918 coloribus,
518 2874 576 2912 sed
609 2887 655 2912 eo
687 2873 866 2919 consilio,
896 2883 934 2913 ut
950 2875 1090 2922 Jovem

125 2923 296 2962 redderet
327 2926 442 2973 magis
472 2926 583 2962 ctiam
612 2925 826 2973 augustum,
863 2927 901 2963 ὅ(
925 2927 1090 2973 maiesta-

123 2975 168 3013 tis
196 2976 347 3024 plenum
367 3005 378 3020 ,
411 2977 449 3013 in
477 2988 554 3026 quo
584 2988 637 3014 ars
664 2975 766 3013 illum
795 2975 960 3020 defecit,
1001 2990 1087 3016 cum

122 3026 162 3064 in
187 3027 364 3077 superiori
384 3038 498 3076 opere
523 3027 548 3066 i.
574 3038 605 3065 e.
634 3027 816 3076 Neptuno
839 3039 996 3067 omnem
1020 3030 1091 3075 im,

2028 925 2126 970 niae

1154 1053 1283 1094 petum
1312 1045 1545 1093 cogitationis
1572 1045 1826 1096 absumpsisset.
1874 1050 2009 1086 Deinde
2036 1061 2122 1091 cum

1153 1097 1191 1133 in
1217 1096 1352 1144 perinde
1381 1096 1467 1134 effer
1494 1105 1704 1142 mutatum,
1732 1109 1827 1146 pene
1856 1100 2055 1141 neceffario
2075 1112 2121 1140 ω’

1153 1148 1188 1184 in
1217 1162 1254 1183 ac
1281 1149 1415 1185 mutari
1447 1147 1585 1185 debuit.

1205 1209 1263 1246 30.
1293 1197 1382 1245 Quid
1411 1197 1486 1247 ille]
1517 1199 1764 1237 Timanthem
1792 1200 1971 1250 intelligit.
2016 1204 2048 1242 Is
2065 1206 2120 1244 A·

1146 1248 1271 1297 jacem
1291 1250 1574 1298 Armorumque
1596 1249 1777 1297 judicium
1807 1252 1982 1298 pinxerat.
2019 1255 2118 1303 Iphi-

1152 1300 1299 1346 gemam
1339 1300 1416 1348 ejus
1454 1302 1660 1337 Oratoruin
1702 1300 1865 1339 laudibus
1902 1304 1991 1342 olim
2020 1307 2117 1344 cele-

1152 1350 1293 1387 bratam
1324 1358 1602 1389 commemorat
1626 1351 1773 1388 Plinius
1801 1365 1876 1400 quo
1897 1354 2041 1399 alludit,
2061 1359 2116 1395 ni-

1157 1400 1181 1437 fi
1210 1402 1453 1439 vehementer
1484 1402 1609 1438 frustra
1653 1401 1755 1445 sum,
1797 1404 1989 1443 Ciceronis
2016 1407 2119 1446 locus

1156 1452 1193 1488 in
1231 1454 1405 1491 Oratore.
1462 1453 1560 1490 Eum
1600 1451 1794 1491 illustrandi
1834 1454 1972 1493 Valerii
2015 1460 2117 1496 causa

1156 1503 1255 1541 haud
1282 1502 1452 1552 pigrabor
1481 1502 1677 1551 subjicere:
1713 1506 1751 1540 Si
1778 1502 1918 1555 denique
1943 1509 2050 1556 piflar
2075 1512 2120 1545 il-

1156 1555 1187 1588 le
1206 1554 1320 1597 vidit,
1355 1569 1425 1590 cum
1449 1552 1653 1590 immolanda
1679 1555 1880 1604 Iphigenia,
1911 1560 2016 1604 tristis
2043 1562 2123 1595 Cal-

1157 1604 1230 1640 chas
1262 1606 1356 1653 esset,
1383 1608 1531 1653 moestior
1551 1604 1698 1653 Ulyffin,
1733 1619 1886 1642 moereret
1915 1611 2120 1654 Menelaus,

1158 1654 1399 1692 obvolvendum
1424 1666 1521 1705 caput
1540 1659 1817 1707 <Agamemnonis
1847 1658 1932 1705 effe,
1966 1663 2123 1708 quoniam

1150 1709 1317 1753 summum
1345 1707 1443 1742 illum
1470 1706 1595 1743 lut‘ium
1617 1707 1773 1754 penicillo
1796 1721 1860 1744 non
1883 1709 1983 1757 poffit
2010 1714 2123 1748 imita..

1156 1757 1199 1793 ri.
1249 1756 1320 1795 Sed
1347 1757 1437 1806 quid
1464 1756 1523 1794 illa
1541 1757 1810 1795 Ciceronianae
1837 1758 2038 1808 elegantiae
2057 1763 2121 1800 ha-

1154 1805 1262 1844 bent:
1290 1808 1439 1853 moestior
1455 1807 1598 1856 UlyJses,
1634 1820 1786 1846 moereret
1805 1812 2018 1849 Menelaus?
2051 1813 2120 1851 Di-

1156 1866 1215 1895 cat
1244 1866 1396 1907 oportet
1415 1859 1551 1896 Cicero
1576 1861 1774 1905 moestiorem
1793 1861 1897 1910 Ulyffe
1918 1863 2018 1910 fusffi*
2038 1867 2119 1901 Me-

1151 1910 1296 1947 nelaum.
1346 1909 1433 1947 Sine
1465 1909 1572 1948 omni
1601 1909 1836 1948 cunetatione
1870 1912 2111 1961 incongruam

1146 1960 1337 2007 puriffimo
1366 1961 1532 2009 scriptori
1560 1961 1743 1999 maculam
1778 1961 1871 1999 tollo
1894 1976 1903 1999 :
1951 1967 2115 2011 Moeftier

1146 2012 1251 2058 Ulyffe
1279 2023 1434 2049 moereret
1462 2013 1659 2048 Menelaus.
1712 2013 1851 2049 Nonne
1878 2014 1915 2050 δε
1945 2015 2116 2054 Valerius

1148 2061 1237 2099 dicit
1259 2062 1399 2110 Ulyssem
1429 2066 1602 2110 moestum,
1630 2062 1823 2099 Menelaum
1848 2065 2114 2104 lamentantem?

1148 2111 1264 2150 Addo
1291 2115 1329 2150 ὅ(
1348 2113 1529 2151 calculum
1548 2113 1778 2151 Plinianum:
1806 2128 1876 2150 cum
1900 2118 2030 2161 moestos
2058 2119 2115 2155 in-

1148 2164 1229 2212 quit
1250 2164 1411 2213 pinxisset
1440 2178 1549 2201 omnes
1569 2189 1580 2206 ,
1616 2166 1788 2213 praecipue
1810 2175 1978 2213 patruum.
2022 2167 2114 2207 CO·

1149 2213 1267 2252 LER.
1291 2214 1388 2265 ,Quid
1406 2216 1464 2251 ille
1481 2216 1569 2252 alter
1586 2228 1690 2264 aeque
1707 2215 1828 2251 nobilis
1841 2218 1960 2265 pistor.
1996 2218 2054 2256 Est
2080 2221 2108 2257 is

1147 2264 1384 2303 Timanthes.
1433 2266 1494 2303 De
1532 2276 1610 2315 quo
1644 2265 1780 2303 Plinius
1815 2278 1926 2306 xxxv.
1964 2282 2020 2307 10.
2059 2270 2110 2308 ita

1146 2316 1320 2352 Timanthi
1345 2317 1401 2353 vel
1420 2317 1601 2364 plurimum
1627 2315 1732 2365 afficit
1759 2318 1898 2367 ingenii.
1926 2322 2007 2364 Ejus
2023 2323 2109 2357 enim

1147 2368 1192 2412 est
1221 2367 1422 2418 Iphigenia,
1455 2377 1620 2404 oratorum
1647 2365 1802 2404 laudibus
1823 2367 2005 2413 celebrata,
2037 2386 2106 2419 qua

1139 2419 1254 2464 stante
1278 2417 1325 2454 ad
1350 2430 1430 2455 aras
1455 2419 1604 2466 peritura
1628 2446 1639 2462 ‚
1683 2432 1752 2455 cnm
1787 2423 1918 2462 moestos
1951 2422 2106 2470 pinxisset

1147 2481 1276 2512 omnes,
1300 2470 1475 2519 praecipue
1497 2479 1656 2519 patruum
1671 2496 1680 2513 ,
1706 2483 1777 2506 cum
1802 2472 1960 2517 tristitiae
1984 2486 2106 2507 omnem

1141 2520 1321 2570 imaginem
1347 2520 1607 2570 cbnfumpfiffet,
1631 2522 1740 2571 patris
1770 2521 1869 2569 ipsius
1894 2523 2020 2556 vultum
2046 2536 2105 2557 νε-

1142 2571 1256 2615 lavit,
1291 2584 1386 2622 quem
1411 2570 1512 2621 digne
1537 2586 1602 2607 non
1628 2582 1760 2622 poterat
1786 2570 1954 2613 ostendere.
1991 2572 2102 2609 Men·

1141 2621 1287 2660 tionem
1316 2623 1393 2670 ejus
1421 2623 1459 2660 &
1482 2622 1618 2660 Cicero
1650 2623 1737 2660 facit
1761 2621 1798 2657 in
1828 2622 2010 2663 Oratore;
2036 2622 2098 2661 sed

1141 2681 1183 2711 ut
1218 2684 1362 2711 nomen
1392 2672 1524 2711 itidem
1551 2685 1630 2710 non
1668 2672 1854 2721 exprimat.
1903 2671 2099 2713 VORST.

1141 2722 1242 2769 Vide
1270 2724 1316 2762 de
1336 2725 1545 2763 Timanthe
1569 2724 1712 2761 Aelian.
1749 2722 1791 2758 L.
1820 2733 1872 2758 rx.
1906 2722 1955 2760 V.
1986 2723 2038 2760 H.
2067 2735 2100 2762 c.

1147 2788 1203 2814 11.
1232 2774 1357 2825 ibique
1386 2774 1625 2813 Schefferum.
1656 2771 1896 2810 PERIZON.

1193 2839 1250 2877 31.
1294 2828 1490 2863 Immolatae
1527 2825 1709 2875 Iphigeniae
1738 2821 1956 2872 sacrificium]
2000 2824 2098 2863 Cum

1144 2877 1278 2914 Graeci
1300 2876 1487 2916 *v‘eniffent
1513 2876 1557 2914 ad
1584 2873 1759 2913 Aulidem
1781 2900 1791 2916 ‚
1827 2874 2096 2922 Agamemnon

1140 2928 1354 2977 imprudens
1383 2940 1527 2966 cervam
1552 2927 1695 2965 Dianae
1725 2924 1872 2961 occidit.
1901 2925 2011 2963 Unde
2031 2927 2098 2963 ira-

1142 2986 1178 3016 ta
1210 2980 1293 3017 Dea
1319 2980 1573 3028 tempestatem
1611 2974 1814 3019 excitavit,
1856 2984 1896 3013 ut
1924 2977 2095 3024 navigare

1143 3028 1278 3070 Graeci
1297 3042 1376 3069 non
1401 3028 1554 3079 possent.
1605 3026 1666 3063 Ad
1692 3025 1794 3063 illam
1823 3027 1930 3076 igitur
1953 3027 2097 3075 placan-

1570 3076 1662 3115 Ccc
1700 3086 1751 3114 cc
1784 3088 1806 3114 2
2012 3077 2096 3115 dam

2051 124 2159 185 ⁴755

2153 361 2229 391 Plin.
2245 325 2348 397 5xxxv.

2153 413 2163 432 1
2177 413 2198 433 i.
2222 404 2308 437 Faus.

1405 444 1534 490 Nam
1565 479 1580 503 ,
1627 461 1735 491 cum
1780 446 1974 493 Athenis
2010 449 2126 497 XII.
2150 446 2247 477 Astic-
