2516 3509
362 171 446 230 50,
658 126 1069 198 VALERII
1139 120 1514 180 MAX1M1
1554 119 1680 175 Lm.
1722 116 1769 172 1.
1808 116 1954 177 CAP.
1993 118 2071 208 V.

367 250 620 322 respondit,
653 240 826 305 Persam
843 236 1022 300 periiffin
1059 229 1353 279 ²²deeefferat
1376 240 1526 276 autem
1554 223 1766 283 catellus,
1802 239 1940 288 quem
1957 224 2108 288 puella
2134 222 2183 270 in
2199 220 2370 273 deliciis

370 332 610 381 habuerat,
642 317 828 365 nornine
855 312 998 362 Persa.
1079 317 1119 350 ²3
1148 308 1360 374 Arripuit
1386 306 1531 371 igitur
1559 318 1697 350 omen
1713 301 1922 362 Paullus,
1972 309 2016 338 ²⁴
2036 318 2183 366 exque
2209 301 2375 349 fortui-

368 416 419 450 to
439 398 591 456 dieto,
624 391 748 458 quafi
767 391 891 458 spem
913 402 1083 438 certam
1104 385 1328 436 clariffimi
1345 382 1571 448 triumphi
1590 382 1741 429 animo
1760 379 2070 446 praesumpsit.

240 504 263 537 4
438 484 479 515 ²5
517 477 585 523 At
613 471 815 520 Caecilia
840 469 1051 529 Metelli,
1085 466 1196 514 dum
1236 462 1279 493 ²⁶
1299 462 1464 511 sororis
1498 461 1644 523 filiae,
1676 459 1855 508 adultae
1873 459 2028 506 aetatis
2046 457 2241 522 virgini,
2273 472 2376 503 mo-

161 539 339 614 &iliiu-
373 573 421 606 re
440 554 615 622 prisco,
649 552 784 601 noete
808 550 1034 600 concubia
1062 546 1281 612 nuptialia
1306 544 1454 610 petit,
1489 557 1627 589 omen
1655 540 1747 604 ipsa
1774 539 1900 587 fecit.
1970 539 2100 586 Nam
2122 553 2232 584 cum
2270 543 2309 571 ²⁷
2329 537 2380 582 in

162 625 264 696 {ie-121?
267 631 314 695 ¹⁶1
374 633 532 683 sacello
554 629 755 696 quodam
775 629 870 692 ejus
888 627 950 674 rei
977 625 1145 691 gratia,
1178 622 1380 685 aliquam
1389 617 1469 665 diu
1489 615 1770 681 persediffet‚
1808 612 1857 643 ²⁸
1872 631 1956 663 nec
1975 615 2066 662 ulla
2096 631 2190 663 vox
2211 630 2386 678 propo-

164 709 203 739 C.
227 710 279 739 46.

379 712 465 761 fito
496 723 750 773 congruens
778 703 885 751 effet
913 702 1088 750 audita:
1125 699 1231 746 fessa
1263 699 1406 761 longa
1435 694 1576 742 standi
1606 709 1732 741 mora
1757 692 1936 758 puella,
1968 695 2151 757 rogavit
2170 705 2386 740 materte-

379 807 474 838 ram
496 823 511 847 ‚
554 798 606 832 ut
645 783 727 830 fibi
761 780 981 847 paulisper
1010 779 1169 828 locum
1197 776 1418 825 residendi
1455 773 1839 823 accommodaret.
1875 773 1953 821 cui
1984 772 2060 819 illa
2076 805 2093 831 ‚
2135 774 2229 840 Ego
2255 789 2388 833 vero,

383 865 558 928 inquit,
596 866 637 895 ²9
658 860 828 907 libenter
856 859 937 906 tibi
956 872 1047 905 mea
1057 855 1156 918 sede
1176 856 1279 902 cedo.
1348 852 1495 913 Qod
1512 853 1687 899 dietum
1711 852 1767 899 ab
1789 850 2072 915 indulgentia
2102 849 2391 912 profectum,

388 944 444 993 ad
465 942 578 990 certi
596 939 760 987 ominis
786 935 999 1002 proceffit
1022 948 1264 984 eventum:
1300 934 1518 998 quoniam
1545 932 1765 979 Metellus
1803 937 1845 968 30
1862 947 1958 977 non
1987 930 2051 977 ita
2077 929 2227 977 multo
2262 931 2396 995 post,

392 1138 467 1177 dici
486 1136 632 1175 notavit
656 1134 689 1182 J.
705 1133 765 1172 Fr.
782 1134 997 1172 Gronovius
1023 1132 1070 1170 ad
1088 1132 1173 1170 Liv.
1195 1133 1240 1168 L.
1261 1143 1371 1169 xtrr.

395 1184 737 1236 C.25.L.1V.Obs.
750 1185 792 1222 C.
818 1197 871 1233 15.
891 1184 1053 1221 Broukh.
1074 1183 1121 1220 ad
1139 1183 1250 1231 Prop.
1273 1183 1371 1219 L.11.

399 1253 457 1278 11.
483 1252 512 1276 1.
538 1237 705 1274 Perizon.
725 1235 773 1273 ad
789 1232 1374 1284 Aelian.L.111.V.H.3o.Vide

396 1291 494 1328 infra
515 1290 560 1326 L.
579 1301 614 1325 v.
639 1298 669 1324 1.
702 1299 732 1324 1.
1367 1319 1372 1325 .

445 1353 506 1377 21.
532 1340 692 1377 Filiolam
713 1343 786 1374 Ue.
811 1350 899 1387 quae
915 1333 1091 1372 admodum
1109 1334 1273 1386 parvula]
1306 1334 1378 1371 Vi-

401 1391 543 1429 dendus
564 1389 661 1427 Gud.
680 1387 726 1425 ad
744 1387 897 1425 Phaedr.
910 1387 955 1423 L.
980 1399 1010 1423 1.
1031 1399 1064 1423 2.

454 1454 515 1479 22.
553 1439 731 1488 Deceffi’rat
763 1450 875 1475 autem
909 1436 1069 1486 catellus]
1116 1438 1376 1475 Vehementer

408 1491 568 1530 offendit
594 1491 668 1527 hoc
693 1489 848 1526 verbum
866 1487 1037 1536 decefferat
1057 1490 1263 1537 Rupertum
1278 1515 1288 1531 ,
1315 1488 1379 1536 qui

409 1555 443 1590 p.
463 1544 522 1589 69.
548 1543 598 1579 ita
626 1541 762 1578 scribit:
792 1539 884 1577 Illud
912 1539 1110 1576 locutionis
1138 1539 1314 1587 flagitium
1341 1538 1379 1574 in

408 1589 565 1631 'Valerio
586 1591 780 1641 praeterire
799 1602 876 1627 non
896 1589 1025 1638 poffim
1040 1602 1148 1632 ,cum
1167 1591 1216 1627 ait
1233 1587 1382 1637 deceffiffe

409 1647 588 1686 ratellum,
608 1657 701 1692 quem
730 1643 844 1691 puella
873 1643 908 1676 in
933 1640 1058 1677 deliciis
1097 1640 1268 1678 habuerat.
1322 1640 1382 1677 Est

414 1695 516 1731 enim
530 1695 565 1731 in
578 1693 691 1729 verbo
702 1690 1100 1733 decedere'Evr-quza-peo‘q,
1112 1704 1226 1741 quem
1240 1691 1265 1728 fi
1277 1702 1384 1728 men-

412 1746 468 1783 no
486 1746 671 1782 humanae
692 1744 820 1779 morus
841 1742 1007 1779 facienda
1029 1742 1076 1778 est
1091 1770 1100 1786 ‚
1120 1751 1263 1779 tantum
1285 1742 1385 1779 usur-

415 1807 557 1844 pamuss.
587 1796 640 1831 lta
658 1793 702 1831 de
725 1793 870 1830 canibus
882 1793 1002 1830 dicere
1021 1805 1098 1829 non
1117 1791 1262 1840 poffum
1276 1804 1384 1837 ‚curn

419 1847 556 1884 mortui
587 1846 688 1889 sunt,
722 1843 836 1892 abiisse
855 1872 865 1886 ‚
898 1843 942 1879 ad
964 1845 1076 1892 plures
1102 1844 1315 1892 penetrasse5
1350 1845 1388 1880 &

417 1910 513 1946 quae
531 1897 610 1933 sunt
627 1896 695 1933 alia
725 1893 873 1932 inventii
889 1923 898 1938 ,
934 1895 1062 1944 quibus
1082 1894 1265 1942 ingratum
1288 1906 1391 1931 mor-

419 1950 463 1985 tis
484 1959 625 1984 nomen
641 1946 819 1994 tegimus.
847 1947 936 1983 Hoc
956 1945 1004 1982 est
1024 1944 1134 1989 illud,
1161 1945 1264 1995 quod
1284 1945 1394 1983 Scali-

419 2010 549 2047 gerum
578 1999 614 2034 in
643 1996 836 2034 Cataleftis
864 1997 1074 2044 permovit,
1115 2004 1153 2033 ut
1176 1996 1221 2033 de
1239 1996 1392 2034 Valerio

422 2049 546 2086 nostro
585 2048 752 2092 diceret,
788 2047 847 2095 effi?
878 2048 1025 2096 ineptum
1051 2047 1224 2084 verborum
1253 2047 1394 2098 affetsla-

422 2111 536 2137 3orem.

471 2163 531 2199 23.
552 2150 729 2198 Arripuit
750 2162 839 2183 emen
860 2145 1014 2195 Paullus]
1047 2148 1181 2185 Cicero
1204 2162 1233 2186 1.
1254 2147 1299 2185 de
1309 2148 1397 2185 Div.

421 2203 571 2249 2Acaipio
590 2214 679 2235 omen
694 2228 705 2243 ,
733 2201 867 2248 inquit,
891 2213 960 2234 mea
970 2200 1064 2247 filia.
1107 2199 1183 2247 Ipse
1203 2199 1324 2236 noster
1343 2199 1398 2236 su-

421 2264 482 2299 'pl'a
520 2264 551 2294 I,
574 2265 616 2298 ς,·
634 2264 663 2287 1.
699 2255 841 2286 Senatus
863 2251 901 2296 se
928 2251 1068 2296 accipere
1101 2265 1192 2285 omen
1218 2249 1399 2298 respondit.

429 2304 475 2339 At
494 2314 593 2338 nunc
612 2301 698 2337 dicit
715 2302 869 2349 arripere.
894 2300 1089 2336 VORST.
1141 2300 1305 2337 Amatid
1326 2301 1400 2336 im-

425 2353 550 2401 primis
571 2351 699 2388 auctor
716 2351 836 2388 noster
854 2350 898 2386 ad
914 2351 1139 2387 celeritatem
1162 2351 1399 2387 aviditatem-

429 2415 501 2453 que
522 2405 619 2451 ejus,
648 2402 709 2450 qui
736 2402 889 2448 accipit,
915 2400 1161 2437 indicandam.
1218 2401 1274 2438 Sic
1294 2401 1399 2449 saepe

430 2455 543 2490 utitur
560 2453 671 2489 etiam
690 2451 840 2498 simplici
859 2462 986 2499 rapere.
1008 2459 1048 2487 ut
1068 2452 1113 2487 L.
1130 2464 1208 2488 111.
1221 2464 1253 2488 z.
1268 2464 1298 2500 3.
1311 2466 1401 2487 omen

430 2504 590 2539 vifloriae
607 2503 735 2551 rapuit.
764 2503 801 2538 ὃζ
822 2502 866 2537 L.
882 2514 965 2537 VII.
987 2513 1018 2536 2.
1041 2514 1071 2547 ς,
1100 2503 1239 2537 Timoris
1258 2503 1408 2546 modum,

433 2567 555 2596 poenae
569 2568 675 2605 genus
694 2581 705 2595 ,
730 2553 804 2600 spei
822 2554 915 2587 ‘riam
933 2579 946 2594 ,
978 2565 1042 2586 uno
1069 2553 1186 2587 mentis
1205 2553 1329 2600 impetu
1355 2567 1410 2587 ra-

432 2598 561 2641 hendo.
600 2605 750 2641 L.Y11.
772 2615 803 2652 3.
827 2614 858 2651 3.
886 2603 999 2647 rapuit
1027 2600 1241 2637 conditionem
1269 2602 1412 2638 imbellis

437 2665 483 2691 U
503 2653 624 2691 timida
653 2659 826 2703 juventus.
857 2654 893 2690 ἃ
913 2653 995 2689 Ext.
1020 2665 1048 2688 Ι.
1077 2652 1266 2697 occasionem
1290 2654 1326 2688 in
1344 2654 1410 2688 ali-

440 2717 564 2757 quanto
585 2707 706 2742 viliore
725 2705 866 2740 animali
892 2702 1078 2751 expiandae
1099 2704 1267 2754 religionis
1284 2705 1410 2753 rapuit.

491 2769 549 2801 24.
580 2759 671 2805 Eque
692 2758 834 2801 fortuito
861 2753 964 2801 diflo‘]
1000 2753 1159 2790 Codices
1185 2754 1317 2791 Brund.
1343 2758 1413 2790 Ex-

447 2820 505 2848 que
518 2810 661 2853 fortuito
683 2805 781 2843 dic't'o.
811 2806 893 2843 Nec
920 2805 1022 2842 aliter
1050 2812 1152 2841 vetus
1171 2804 1284 2842 editio
1303 2806 1416 2842 Mart.

444 2850 598 2904 Herbip.
627 2857 697 2893 Sed
715 2871 795 2907 eque
813 2857 934 2894 noster
957 2857 994 2893 ἃ
1011 2856 1112 2904 supra
1132 2868 1208 2892 non
1230 2855 1342 2893 semel
1363 2855 1416 2893 di-

448 2907 508 2944 xit.
537 2908 731 2945 VORST.
785 2909 859 2944 Hic
877 2919 968 2944 vero
996 2918 1081 2944 cum
1103 2920 1207 2956 exque
1227 2907 1415 2956 plusquam

449 2959 573 3005 viginti
593 2958 750 2995 habeant
771 2957 790 2995 ὲ
810 2958 935 2994 nostris
949 2986 958 3001 ‚
978 2957 1066 2994 illud
1086 2957 1337 2994 revocandum
1351 2970 1418 3005 pu-

448 3010 547 3045 {am
572 3010 785 3058 praeferunt
813 3010 925 3047 eumn
952 3008 1039 3047 illud
1058 3008 1311 3047 venistiffimae
1342 3008 1420 3048 edi-

455 3069 569 3093 snt-m,

2268 1028 2392 1058 mOI‘-

1472 1142 1531 1178 ις.
1558 1133 1628 1169 „At
1648 1131 1795 1167 Caecilia
1814 1129 1973 1177 Metelli]
2015 1129 2186 1178 Antiquo
2215 1140 2322 1168 more
2344 1129 2403 1168 lo-

1426 1181 1587 1229 quendi,
1616 1191 1654 1219 ut
1684 1181 1858 1219 Cornelia
1886 1181 2068 1223 Gracchi;
2098 1181 2146 1217 Et
2173 1188 2213 1216 ut
2230 1181 2269 1217 in
2288 1182 2400 1218 Mauo

1426 1231 1551 1269 solaco
1570 1244 1648 1269 non
1665 1233 1798 1281 procul
1816 1233 1860 1270 ab
1879 1232 1967 1270 urbe
1987 1231 2034 1269 ad
2051 1231 2152 1269 viam
2165 1231 2348 1279 Appiam:

1752 1312 2087 1355 CAECILIAE

1701 1382 1754 1434 Q.
1793 1381 2051 1424 cRET1C1.
2088 1381 2138 1424 F.

1609 1444 1957 1492 METELLAE.
1987 1446 2211 1491 CRASSI.

1434 1529 1624 1580 Intellige‚
1655 1547 1750 1570 uxor.
1805 1533 1858 1570 At
1884 1533 1922 1569 in
1946 1531 2131 1570 nonnullis
2158 1532 2409 1581 manuscripti}

1432 1581 1620 1620 codicibus
1647 1583 1721 1621 hoc
1749 1583 1982 1632 adjungitur,
2010 1583 2114 1632 quod
2140 1590 2266 1621 tamen
2290 1595 2335 1620 ex
2353 1585 2411 1621 in-

1434 1632 1683 1671 terlinearibus
1702 1635 1846 1672 scholiis
1864 1633 2039 1683 irrepfiffe
2058 1635 2097 1672 in
2118 1642 2335 1672 contextum
2356 1637 2412 1672 vi-

1437 1682 1567 1721 detur:
1596 1697 1683 1722 nam
1702 1686 1761 1722 ille
1781 1686 1958 1736 loquendi
1987 1686 2121 1723 modus
2149 1685 2413 1733 receptissimus

1437 1733 1535 1782 apud
1553 1737 1724 1785 antiquos
1749 1738 1828 1774 fuit.
1883 1738 2045 1774 Cuina'm
2074 1735 2233 1774 Metello
2255 1736 2418 1774 Caecilia

1438 1786 1532 1822 haec
1559 1787 1670 1824 fuerit
1696 1795 1832 1836 nupta,
1861 1800 1939 1825 non
1966 1788 2104 1826 indicat
2134 1787 2269 1825 Cicero
2287 1787 2333 1824 de
2350 1788 2420 1825 Di-

1439 1836 1552 1874 vinat.
1578 1837 1638 1875 lib.
1672 1851 1702 1875 1.
1738 1839 1794 1876 Ex
1822 1852 1898 1889 quo
1929 1840 2069 1877 Valerii
2096 1839 2172 1876 hoe
2203 1838 2418 1887 exemplum

1441 1886 1676 1937 desumptum
1705 1891 1863 1928 omnino
1892 1890 2049 1928 videtur.
2099 1891 2156 1927 Ex
2171 1889 2350 1927 relatione
2370 1890 2423 1928 L.v

1444 1938 1566 1976 Flacci
1595 1939 1751 1978 flaminis
1778 1941 1957 1978 Martialis
1982 1941 2017 1978 se
2043 1942 2118 1978 hoc
2143 1940 2299 1977 scribere
2318 1941 2426 1978 testa-

1443 1996 1525 2034 tur,
1551 2003 1665 2040 quem
1695 1991 1884 2030 consulem
1906 1992 2037 2029 scimus
2066 1989 2172 2029 fuisse
2198 2002 2298 2028 anno
2325 1991 2423 2028 urbis

1448 2052 1565 2079 Dcxm
1578 2056 1607 2080 1.
1634 2052 1675 2080 ut
1690 2044 1776 2080 hinc
1796 2042 1904 2080 facile
1932 2042 2054 2091 colligi
2074 2042 2204 2091 poffit,
2232 2043 2309 2090 ejus
2326 2049 2426 2079 tem-

1448 2104 1540 2140 pore
1566 2094 1640 2130 hoc
1661 2092 1850 2142 contigiffe
1864 2123 1874 2139 ,
1902 2106 1978 2143 quo
1999 2093 2142 2131 Metelli
2162 2100 2321 2142 quatuor
2341 2094 2427 2129 Ma-

1450 2143 1621 2181 cedonici
1638 2144 1700 2182 filii
1719 2145 1854 2195 aliique
1873 2145 1991 2194 plures
2014 2146 2175 2182 fuerunt.
2221 2143 2340 2191 Ipsam
2361 2155 2427 2181 ve-

1451 2205 1493 2231 ro
1517 2195 1716 2233 Caeciliam
1738 2198 1788 2244 Q.
1809 2195 2002 2233 Numidici
2031 2196 2196 2233 sororem
2224 2192 2353 2238 fuisse,
2382 2206 2429 2232 ex

1452 2245 1603 2283 auctore
1624 2246 1669 2283 de
1688 2248 1787 2284 Viris
1807 2246 1962 2284 illustrib.
1984 2246 2032 2283 est
2051 2246 2222 2294 colligere
2238 2272 2248 2289 ‚
2267 2245 2330 2295 qui
2352 2256 2430 2294 cap.

1453 2296 1512 2332 62.
1538 2297 1657 2334 scribit
1683 2297 1899 2334 Numidicum
1926 2299 2047 2343 sororis
2066 2300 2151 2346 suae
2170 2298 2282 2334 ‘virum
2301 2298 2434 2333 Metel-

1452 2346 1520 2380 lum
1548 2346 1689 2383 laudare
1710 2347 1868 2395 noluisse,
1894 2346 1981 2397 quod
2008 2352 2035 2384 is
2056 2350 2134 2384 olim
2156 2351 2257 2397 suum
2269 2346 2434 2394 judicium

1451 2404 1496 2431 (7
1525 2398 1612 2448 leges
1640 2397 1853 2434 detreftarat.
1885 2399 2025 2435 PIGH.
2099 2400 2247 2434 Caecilia
2275 2399 2430 2435 Metelli.

1454 2448 1556 2485 Nota
1575 2456 1731 2497 utraque
1742 2448 1901 2484 Caecilia
1914 2448 2059 2484 Metelli
2079 2447 2288 2485 &Caecilia
2308 2447 2435 2487 Craffi.

1461 2497 1506 2535 de
1525 2499 1595 2536 hac
1616 2507 1721 2536 vetus
1740 2498 1945 2546 inscriptio:
1976 2499 2192 2536 CAECXLIAE
2212 2513 2251 2544 Q
2267 2510 2435 2536 cnrrxcx

1462 2561 1493 2585 r.
1523 2562 1726 2587 meretur:
1755 2561 1900 2585 cmssr.
1930 2549 2124 2587 COLER.
2154 2550 2321 2599 intellige
2337 2563 2436 2587 uxor:

1463 2600 1567 2647 quod
1592 2601 1630 2637 in
1657 2599 1869 2649 quibusdam
1909 2600 2015 2638 codd.
2044 2601 2082 2638 &
2110 2601 2239 2638 diserte
2266 2600 2435 2638 additum
2486 2644 2489 2647 ¹

1463 2650 1633 2695 testatum
1664 2659 1829 2688 ceterum
1859 2663 1904 2688 ex
1932 2651 2075 2689 scholiis
2110 2654 2147 2689 in
2175 2659 2319 2689 textum
2350 2653 2441 2688 irre-

1465 2699 1566 2748 pfiffe
1583 2701 1726 2751 judicat
1742 2702 1899 2750 Pighius.
1926 2703 2061 2740 Cicero
2084 2716 2113 2740 1.
2134 2703 2179 2740 de
2198 2702 2286 2740 Div.
2305 2702 2436 2740 itidem

1464 2754 1643 2788 Caeciliam
1665 2755 1808 2789 Metelli
1827 2762 1948 2791 vocat.
1983 2754 2139 2803 Parique
2157 2753 2275 2790 modo
2299 2753 2441 2798 dicunt,

1466 2804 1624 2838 Cornelia
1660 2805 1807 2841 Graschi.
1842 2805 2058 2842 VORST.·
2093 2812 2185 2840 Uxor
2221 2804 2364 2842 additur
2398 2805 2440 2842 in

1467 2852 1578 2890 Bitur.
1599 2855 1703 2902 prim.
1725 2855 1829 2892 Med.
1846 2856 1914 2893 sec.
1942 2856 1980 2892 δε
2009 2853 2115 2891 Leid.
2141 2863 2223 2892 tert.
2251 2856 2289 2892 ὃς
2307 2854 2441 2904 Ultraj.

1466 2903 1534 2942 sec,
1579 2905 1649 2942 Sed
1670 2906 1766 2942 reete
1777 2906 1921 2954 Pighius
1941 2904 2034 2942 vidit
2052 2904 2138 2941 illud
2159 2915 2283 2943 ortum
2303 2905 2322 2942 ὲ
2335 2905 2443 2943 Glos-

1468 2955 1522 2998 sa;
1551 2956 1641 2993 solet
1661 2958 1759 2993 enim
1781 2957 1825 2993 ab
1844 2956 2010 2993 Auctore
2031 2956 2164 2993 omitti.
2217 2956 2275 2993 Sic
2298 2957 2442 2994 L.vr11,

1473 3018 1529 3054 13.
1552 3007 1584 3043 6.
1613 3016 1842 3045 memoratur
1859 3009 1963 3042 Livia
1981 3008 2124 3056 Rutilii,
2153 3007 2191 3044 &
2210 3009 2365 3043 Terentia
2384 3009 2445 3043 Ci-

1468 3059 1612 3102 renuis,
1635 3058 1757 3095 Clodia
1774 3059 1926 3104 fflufilii.
1947 3058 1985 3096 ὃς
2004 3058 2101 3106 apud
2120 3058 2208 3096 alios
2225 3060 2345 3096 Porcia
2364 3059 2448 3095 Bru-

2395 3110 2454 3158 ei,
