2516 3509
652 135 795 191 DE
918 131 1589 188 OMINIB-US.

2051 151 2126 209 57

103 243 232 295 *sentt
268 242 504 303 Accipimus
523 239 630 301 quod
651 238 806 297 datur,
848 237 1172 304 responderunt
1182 261 1197 296 3
1233 241 1365 303 eique
1390 239 1592 302 primum
1621 238 1668 283 in
1686 240 1782 286 acie
1800 239 1982 300 locum,
2017 256 2127 304 per-¹

118 325 222 372 inde
247 339 298 370 ac
325 321 459 380 duci,
495 318 836 384 affignaverunt.
907 320 982 367 Ex
1000 319 1222 384 insperato
1244 320 1367 366 enim
1387 317 1601 382 superatis
1619 318 1850 380 hostibus,
1888 318 1930 359 ⁶5
1958 320 2125 368 succes-

108 401 213 449 sum
234 399 530 448 suum··omini
548 411 790 464 acceptum
811 383 1074 458 referentes,
1101 397 1205 445 ⁶⁶&
1228 387 1338 445 tunc
1360 396 1528 446 Aeanti
1545 407 1601 442 —ut
1619 396 1724 443 Deo
1747 396 2127 456 immolaverunt,

107 481 166 529 ὃς
185 480 396 544 deinceps
431 476 476 514 ⁶⁷
494 478 706 527 omnibus
726 478 907 544 proeliis
933 474 980 506 ⁶8
1001 477 1120 528 duce
1139 478 1210 526 uti
1226 477 1533 523 instituerunt.

110 612 166 649 *ita
183 608 302 648 lufiffe
320 608 577 659 Apolloniatas
591 638 600 653 ,
614 609 703 647 dum
723 608 894 647 dicebant
912 611 947 646 se
968 610 1092 647 mitte-v

117 673 156 699 re
175 661 300 706 οὶίοωῖςὶ,
312 661 418 712 quod
435 663 472 699 &
491 660 808 710 fortiffimiAjacis
819 660 916 709 apud
926 660 1092 698 Graecos

114 724 271 751 nomen.

167 764 226 811 64.
254 766 294 800 In
310 763 514 812 adjutorium
533 761 656 813 eqrum]
688 765 808 799 Eorum
838 760 933 799 abest
954 759 998 798 ab
1016 759 1093 798 edi-

117 814 279 852 tionibus
300 814 408 859 Aldi,
435 815 575 863 Pighii‚
603 813 752 857 Coleri‚
781 811 937 860 Thyfii,
955 810 1094 848 Minel-

118 866 169 902 lii.
198 865 269 903 Sed
285 864 403 903 abeffe
421 865 459 902 id
475 876 553 902 non
570 863 698 912 potest.
751 863 823 899 Vel
839 863 946 908 ‘enim
967 861 1093 896 dicen-

120 916 211 954 dum
224 917 279 954 'est
296 919 332 953 in
349 915 553 964 adjusorium
572 916 676 950 alicui
706 913 858 951 mittere,
885 909 946 946 vel
969 910 1005 944 in
1032 907 1094 943 ad-

42 1004 49 1007 .
112 969 278 1016 jutorium
295 968 437 1012 alicujus
455 966 609 1008 mittere;
647 969 687 998 ut
711 959 960 1007 intelligatur,
988 958 1091 1006 Cujus

118 1019 157 1055 in
175 1018 232 1066 adj
240 1017 400 1055 utorium
416 1013 554 1062 aliquid
572 1014 748 1050 mittatur.
773 1010 822 1047 Et
839 1008 977 1046 habent
995 1019 1093 1058 quo-

121 1080 196 1119 que
215 1079 296 1105 eam
323 1076 461 1103 vocem
490 1064 596 1101 MSS.
624 1059 755 1100 Brand.
776 1062 837 1105 δε,
865 1068 904 1097 ut
930 1059 1092 1096 Wetste-

121 1120 203 1157 nius
221 1117 311 1155 mihi
330 1114 565 1164 significavit,
586 1112 815 1151 Bafileenses.
840 1111 921 1148 irno
941 1112 980 1148 &
998 1111 1093 1148 inter

122 1177 266 1207 veteres
282 1167 378 1216 typis
389 1164 572 1216 expressos
588 1166 634 1210 ii,
647 1175 741 1215 quos
752 1162 930 1200 Chalcoc.
942 1163 979 1199 &
990 1162 1095 1199 Mar-

124 1220 221 1258 tinus
256 1217 410 1266 Herbip.
447 1225 629 1255 curarunt.
666 1213 861 1253 VORST.
940 1213 982 1251 In
1010 1213 1092 1251 edd.

120 1281 209 1319 quas
230 1280 300 1318 ego
328 1267 517 1317 poffideo,
544 1271 688 1309 Eorum,
712 1277 791 1303 non
818 1264 972 1302 invenio
987 1293 997 1308 ,
1032 1264 1094 1302 sed

120 1321 158 1358 in
169 1320 346 1369 plerisque
362 1319 471 1358 MSS.
489 1322 617 1368 Quare
635 1329 720 1356 eam
730 1328 868 1355 vocem
885 1316 945 1353 hic
963 1315 1091 1353 locum

119 1372 226 1410 suum
251 1379 379 1409 tenere
406 1371 513 1409 facile
542 1371 663 1419 patior
673 1384 684 1413 ;
711 1369 766 1406 Ut
787 1376 916 1405 tamen
933 1365 1095 1404 neceffa-

125 1423 219 1460 riam
257 1421 327 1459 effe
349 1421 517 1472 judicem
538 1450 549 1466 ‚
584 1420 751 1458 Vorstius
785 1430 865 1457 non
892 1417 1095 1467 persuadet.

124 1473 216 1512 Satis
235 1474 336 1511 enim
355 1485 419 1521 per
434 1474 469 1511 se
496 1472 730 1520 intelligitur,
757 1472 888 1507 mittere
914 1483 964 1506 eos
983 1470 1019 1506 in
1035 1468 1097 1506 ad-

118 1526 284 1571 jutorium
302 1535 391 1574 opem
410 1525 588 1561 orantium.
619 1524 700 1560 Sen.
723 1521 768 1558 de
789 1522 846 1558 Ira
867 1521 912 1558 L.
928 1533 1005 1569 1.9.
1021 1519 1099 1557 Ideo

123 1588 294 1625 nunquam
312 1574 463 1623 adsumet
492 1576 582 1611 ratio
608 1576 644 1610 in
669 1571 873 1617 adjutorium
902 1573 1101 1620 inconsultos

128 1634 176 1662 <9⁶
197 1626 399 1676 improvidos
424 1623 581 1676 aff'eflus.
609 1626 647 1662 &
667 1624 710 1662 C.
732 1635 788 1673 13.
817 1625 897 1660 Non
914 1625 951 1659 in
969 1621 1103 1670 adjuto-

126 1677 214 1714 rium
233 1678 343 1714 virtus
360 1679 465 1713 venit.
516 1679 592 1724 Sese
609 1687 676 1724 pro
695 1677 735 1723 se
760 1674 911 1712 restituit
936 1673 1104 1712 Vorstius

133 1739 180 1765 ex
196 1726 285 1772 suis,
308 1727 441 1773 cred0‚
458 1727 568 1765 MSS.
589 1726 720 1777 quibus
743 1724 977 1763 consentiunt
996 1723 1106 1773 pleri-

129 1790 204 1829 que
224 1789 408 1816 meorum.

178 1829 236 1878 65.
267 1829 439 1878 Succeffnm
459 1831 559 1877 suum
586 1829 688 1866 emim·
710 1839 874 1879 acceptum
901 1826 1102 1879 reserentes]

130 1880 468 1929 Manuscriptorum
496 1880 671 1918 codicum
696 1879 808 1918 lefflo
836 1880 951 1928 magis
971 1879 1104 1929 placet,

127 1931 306 1980 Succefficm
316 1934 415 1980 suum
436 1934 472 1968 in
491 1947 582 1969 omen
598 1941 761 1982 acceptum
776 1935 951 1979 referentes
970 1945 1012 1967 ex
1029 1942 1106 1968 tunc

129 1984 277 2024 ‘Aeanti
296 1994 334 2019 ut
351 1983 409 2020 deo
424 1984 682 2020 immolaverunt
693 2008 705 2025 ,
717 1991 762 2019 (θ’
780 1982 928 2029 deinceps
946 1983 983 2019 in
1000 1984 1103 2020 omni-

128 2032 187 2069 bus
201 2034 341 2083 praeliis
358 2037 410 2071 uti
425 2033 536 2071 ducem
555 2036 803 2081 constituerunt.
831 2034 971 2072 PIGH.
1023 2035 1104 2072 Ve-

131 2082 200 2119 lim
219 2084 306 2121 scire
324 2097 371 2122 an
398 2085 473 2123 ullo
501 2085 676 2135 exemplo
690 2086 839 2135 probari
870 2085 998 2135 possit,
1023 2085 1104 2124 satis

138 2133 273 2171 Latine
293 2134 364 2173 dici
389 2137 523 2187 aliquid
544 2139 579 2173 in
597 2152 689 2174 omen
706 2149 870 2187 acceptum
888 2139 1008 2184 referre
1020 2139 1038 2175 ἔ
1057 2136 1103 2175 de

134 2183 262 2221 Codd.
279 2185 395 2234 Pighii
408 2217 418 2232 ,
444 2188 557 2225 credo
579 2188 681 2225 fuiffe
695 2216 705 2232 ‚
732 2190 796 2238 qui
814 2191 864 2227 ita
885 2188 1081 2226 exhibeant
1094 2217 1105 2233 ‚

130 2246 225 2271 >cum
254 2235 402 2274 videam
421 2239 460 2274 in
479 2238 613 2287 Ultraj.
631 2240 755 2287 primo
774 2240 910 2278 exstare
923 2267 934 2284 ,
958 2241 996 2276 ¹in
1015 2254 1107 2276 omen

138 2287 342 2331 referentes;
377 2288 415 2324 &
441 2290 541 2323 omini
566 2291 602 2324 in
621 2299 786 2337 acceptum
813 2305 904 2325 omen
931 2290 970 2324 in
997 2289 1107 2325 Leid.

141 2344 224 2373 tert.
279 2335 349 2374 Sed
367 2337 405 2373 in
422 2337 707 2385 quatuordecim
727 2338 802 2374 aliis
818 2338 972 2374 invenio
991 2338 1111 2378 omini,

1193 607 1253 644 66.
1280 608 1324 643 Et
1342 616 1419 644 tunc
1438 604 1584 647 eAeanti
1602 615 1638 643 ut
1660 607 1736 642 Deo
1757 605 1902 655 immet]
1933 606 1988 645 Ita
2008 612 2124 647 rursus

1144 665 1288 695 veteres
1304 659 1401 707 typis
1420 669 1520 707 expr.
1539 658 1577 695 δε
1598 657 1706 696 MSS.
1726 657 1857 695 Brand.
1877 658 2024 706 Pighius
2043 671 2124 696 ma—

1142 708 1211 746 luit
1228 724 1270 745 ex
1291 719 1388 746 tunc:
1418 721 1532 759 quein
1552 708 1668 746 rursus
1701 709 1759 745 alii
1778 709 1859 746 sunt
1876 708 2000 746 secuti.
2043 709 2144 759 Ve-⁸

1145 772 1229 798 rum
1254 759 1315 797 vel
1341 759 1499 798 voculae
1527 772 1623 809 quae
1651 759 1851 809 sequuntur
1878 767 1923 795 ω’
1952 759 2128 808 ᾰεὶηεερς,,“

1146 819 1367 858 argumento
1388 809 1459 847 effe
1478 808 1649 859 possunt,
1676 810 1780 860 quod
1798 809 2001 859 legendum
2024 809 2126 847 fite-'7'

1144 871 1235 897 tunc.
1259 860 1456 898 VORST.
1518 862 1694 898 Refertur
1718 860 1808 898 illud
1833 861 2126 910 pulcherrimum

1145 923 1187 944 ex
1213 920 1289 945 tunc
1310 909 1405 946 inter
1433 921 1499 954 ea,
1521 915 1623 959 quae
1643 911 1844 958 suspeuam
1871 911 2025 949 redd-ant
2044 912 2126 949 Va-

1143 958 1223 1009 lerii
1242 959 1485 996 Latinitatem
1498 988 1508 1004 ‚
1529 960 1676 1003 {1190st
1686 962 1877 998 Munkero
1896 963 1934 999 in
1953 961 2128 1011 Append.

1145 1008 1193 1047 ad
1212 1009 1356 1048 Anton.
1376 1010 1489 1048 Liber
1507 1011 1549 1049 C.
1576 1011 1630 1049 16.
1659 1011 1731 1049 Sed
1748 1012 1788 1049 in
1809 1024 1862 1049 eo
1883 1012 2025 1050 Valerii
2041 1012 2120 1050 cul-

1146 1072 1192 1109 pa
1211 1061 1260 1098 est
1277 1061 1375 1099 nulla
1388 1090 1398 1106 ,
1424 1062 1489 1112 qui
1507 1061 1662 1111 scripsit,
1692 1071 1737 1099 (9·
1758 1074 1854 1107 tunc,
1887 1070 1928 1101 ut
1947 1075 1993 1101 ex
2004 1064 2124 1113 longe

1145 1113 1314 1149 maximo
1339 1112 1567 1151 MSStorum
1586 1125 1748 1151 numero
1767 1121 1928 1162 apparet.

1191 1163 1251 1210 67.
1278 1163 1436 1201 Omnibus
1453 1163 1617 1213 proeliis]
1650 1164 1708 1201 Sic
1725 1164 1893 1213 reposui,
1913 1176 1999 1202 cum
2019 1164 2128 1203 vide-'

1143 1225 1224 1252 rem
1242 1215 1292 1252 ita
1313 1215 1454 1253 editum
1477 1213 1580 1253 fuisse
1601 1224 1686 1253 ante
1704 1215 1876 1264 Pighium
1890 1244 1901 1260 ,
1926 1215 2039 1264 idque
2058 1216 2127 1254 nit'i

1146 1265 1254 1303 MSS.
1289 1265 1508 1304 auctoritate
1528 1295 1538 1311 ‚
1565 1268 1613 1304 >Sc
1648 1265 1914 1304 consuetudine
1941 1265 2135 1305 Aridior-is.

1148 1317 1206 1354 Sic
1233 1328 1290 1354 ex.
1321 1328 1355 1363 7.
1389 1317 1596 1365 Philippensi
1622 1319 1705 1357 acie.
1745 1316 1866 1355 ..Adde
1885 1318 1931 1355 L.
1954 1329 2012 1356 1v.
2030 1329 2066 1354 2.
2092 1328 2129 1363 7.

1147 1368 1193 1405 L.
1221 1380 1256 1406 v.
1283 1368 1362 1406 init.
1390 1366 1525 1406 omiffo
1553 1370 1600 1406 in.

1198 1417 1258 1457 68.
1286 1422 1327 1456 In
1352 1419 1500 1457 omnibus
1513 1420 1653 1470 proeliis
1670 1420 1722 1457 uti
1747 1419 1859 1457 ducem
1875 1416 2127 1467 constituerunt]

1146 1469 1373 1519 Praeoptem
1400 1479 1441 1509 ut
1465 1471 1504 1509 in
1533 1471 1680 1520 prisco:
1717 1470 1794 1508 duce
1823 1472 1875 1507 uti
1903 1470 2132 1519 instituerunt.

1152 1521 1273 1559 LIPS.
1326 1522 1488 1570 Corrigit
1517 1522 1680 1571 Lipfius:
1716 1523 1773 1558 Uti
1797 1520 1876 1558 duce
1903 1522 2132 1568 instituerunt.

1152 1572 1285 1611 Probe.
1315 1573 1507 1611 COLER.
1561 1577 1604 1610 Et
1635 1572 1781 1621 deinceps
1813 1571 1959 1608 omnibus
1989 1572 2133 1620 praeliis

1154 1622 1232 1661 duce
1246 1625 1298 1661 uti
1319 1625 1546 1671 instituerunt.
1572 1625 1628 1662 Ita
1645 1624 1759 1662 rursus
1770 1630 1912 1661 veteres
1923 1623 2019 1670 typis
2030 1633 2130 1669 expr..

1156 1676 1195 1713 &
1214 1675 1321 1713 MSS.
1348 1675 1480 1713 Brand.
1500 1686 1544 1713 ac
1563 1674 1665 1713 Bafil.
1694 1674 1765 1712 Sed
1791 1676 1828 1712 &
1848 1673 2064 1710 Gronovius
2083 1673 2134 1710 ita

1153 1725 1327 1775 scriptum
1346 1727 1480 1774 reperit
1490 1741 1501 1769 ;
1540 1725 1605 1763 nisi
1622 1725 1726 1775 quod
1743 1725 1782 1762 in
1802 1737 1880 1762 uno
1902 1724 1970 1761 fuit
1989 1734 2050 1771 pro
2071 1722 2135 1759 dn-

1153 1791 1185 1814 ce
1207 1779 1260 1814 uti
1276 1778 1355 1825 inst.
1378 1777 1492 1815 Unde
1510 1776 1569 1813 ille
1589 1777 1749 1825 colligit,
1775 1775 1976 1824 legendum
2007 1773 2078 1811 effe
2097 1789 2134 1810 eo

1153 1826 1232 1865 duce
1249 1830 1301 1865 uti
1322 1829 1400 1875 inst.
1450 1828 1498 1865 Et
1514 1827 1597 1865 sane
1618 1839 1830 1876 pronomen
1851 1825 2050 1864 demonstr.
2069 1825 2133 1862 ab-

1156 1877 1227 1916 effe
1246 1879 1307 1917 vix
1322 1880 1451 1928 potest.
1503 1881 1560 1916 Uti
1581 1881 1697 1930 aliquo
1718 1877 1795 1915 duce
1814 1879 1960 1915 formae
1980 1876 2133 1914 usitatis-

1154 1929 1267 1969 fimae
1287 1931 1345 1968 est.
1398 1931 1528 1979 Nepos
1551 1943 1585 1975 1,
1609 1944 1641 1975 1,
1662 1943 1720 1975 zo.
1749 1931 1822 1978 Qoo
1844 1927 2036 1978 potiffimum
2050 1926 2134 1963 duce

1153 1992 1334 2019 uterentur.
1374 1982 1522 2031 Pighius
1540 1982 1601 2019 hic
1620 1981 1735 2018 rursus
1753 1980 1903 2029 peffime
1917 2008 1927 2024 ,
1953 1981 2004 2015 uti
2019 1977 2132 2015 ducem

1150 2036 1397 2081 constituerunt.
1420 2045 1534 2082 quem
1555 2032 1714 2070 editores
1735 2031 1848 2069 ceteri
1873 2031 1997 2067 secure
2015 2028 2133 2066 rursus

1152 2085 1233 2123 sunt
1250 2085 1372 2122 secuti.
1400 2084 1595 2122 VORST.
1648 2084 1704 2120 Ut
1721 2093 1821 2120 nunc
1841 2081 1982 2118 editum
2010 2079 2130 2124 vides,

1152 2136 1202 2174 ita
1222 2148 1266 2173 ex
1285 2135 1532 2173 Bafilienfibus
1550 2133 1694 2183 legebat
1715 2134 1828 2171 eti-am
1838 2131 2040 2175 Klokkius,
2061 2141 2134 2167 nec

1154 2187 1257 2225 aliter
1285 2186 1398 2224 credo
1426 2187 1474 2224 est
1498 2188 1537 2224 in
1565 2185 1800 2234 Anglimnis,
1829 2184 1892 2233 qui
1918 2184 2133 2227 instituerunt:

1154 2238 1280 2275 saltem
1310 2239 1492 2282 retinent,
1518 2237 1606 2274 teste
1632 2237 1663 2283 J.
1684 2234 1810 2273 NVaffe
1829 2236 1867 2271 in
1890 2233 1968 2271 Ind.
1992 2232 2071 2270 Sall.
2093 2245 2129 2269 v.

1154 2289 1310 2332 constituo
1373 2288 1481 2324 MSS.
1500 2288 1741 2324 mei·va1·iant.
1752 2286 1827 2323 hoc
1846 2284 1980 2328 modo,
1998 2291 2039 2321 ut
2057 2282 2133 2331 ple-

1162 2337 1267 2385 rique
1303 2337 1532 2374 consentiant
1569 2349 1656 2374 cum
1692 2336 1906 2374 VorstianiS.
1962 2337 2029 2370 Pro
2057 2333 2133 2369 duce

137 2394 184 2423 ,ut
212 2385 386 2427 edebatur
412 2394 497 2426 ante
513 2387 685 2437 Pighium
697 2415 709 2433 ,
735 2388 774 2426 &
791 2388 927 2426 merito
946 2387 1113 2425 Vorstius
1163 2387 1275 2424 habet
1293 2387 1397 2425 Harl.
1423 2389 1474 2424 uti
1493 2387 1640 2424 omnibus
1656 2389 1792 2430 praeliis
1810 2386 1911 2428 duce,
1925 2384 2032 2424 Leid.
2052 2391 2134 2422 tert.

146 2436 305 2476 restituit.

1165 2440 1296 2475 Ducem
1316 2439 1545 2485 instituerunt.
1572 2437 1681 2477 Leid.
1697 2438 1784 2477 sext.
1803 2438 1841 2476 &
1858 2437 1945 2485 sept.

871 2562 1404 2621 CAPUTVI..

584 2690 744 2756 DE
879 2692 1718 2763 PRODIGIIS.

279 2831 442 2893 'QAE
475 2846 720 2881 EVENERE
737 2847 991 2886 ROMANIS·

152 2925 195 2958 επ.
228 2914 316 2958 Ser.
339 2915 479 2961 Tullio
502 2916 603 2977 regi.

157 3007 204 3055 ς..
237 2992 292 3042 L.
315 2994 492 3055 Marcio
506 2996 746 3046 «centurioni.

1178 2851 1220 2897 3.
1253 2836 1404 2896 Populo
1423 2836 1546 2882 Rom.
1574 2848 1624 2878 ac
1641 2832 1688 2876 V
1682 2826 1896 2889 ejentibus.

1179 2932 1223 2978 4.
1258 2919 1314 2962 L.
1339 2917 1484 2964 Sullae
1499 2929 1658 2977 procos.

1186 3008 1227 3058 ς.
1260 2998 1409 3066 Popula}
1432 2997 1612 3047 Roman.
1634 2986 2084 3058 diveJfis-temporibus„

1619 3075 1672 3124 H
2024 3074 2072 3118 ὅ,
2095 3070 2150 3116 C.
