2516 3509
653 58 807 114 DE
913 62 1642 123 PUDI-CITIA.
2034 87 2142 147 529

145 162 318 212 tribuni
361 159 423 226 pl.
467 161 678 226 rempub.
722 166 918 214 nostram
961 185 1067 217 cum
1103 170 1298 219 fortibus
1331 172 1438 219 viris
1473 170 1638 235 pacisci
1672 184 1886 235 oportere
1909 207 1924 234 ,
1969 188 2022 224 ut
2053 192 2137 224 ex-

145 243 282 290 ternis
336 241 546 305 periculis
599 242 865 294 domesticas
920 246 1099 298 delicias
1153 263 1366 299 emerent.

238 323 496 371 Libidinosi
528 327 805 373 centurionis
836 328 1108 394 supplicium
1133 367 1149 393 ‚
1202 330 1247 372 38
1292 334 1368 381 M.
1414 332 1616 380 Laetorii
1651 336 1809 399 Mergi
1844 337 2013 384 tribuni
2049 340 2134 385 mi-

139 404 311 463 litaris,
369 411 413 442 39
448 420 588 468 aeque
624 405 775 454 fimilis
809 407 967 458 foedus
1001 413 1149 459 exitus
1183 411 1395 477 sequitur.
1463 411 1558 458 Cui
1591 411 1831 460 Cominius
1867 417 1971 463 trib.
2007 415 2124 480 pleb.

138 483 259 529 diem
293 483 348 529 ad
383 483 611 546 populum
646 485 793 546 dixit,
829 489 954 551 quod
988 497 1033 528 40
1060 492 1411 539 cornicularium
1445 490 1573 537 suum
1621 499 1660 530 4¹
1703 493 1844 557 stupri
1879 499 2021 545 caussa
2055 515 2131 562 ap-

139 562 350 628 pellaffet.
420 569 462 602 ’τὶ
502 563 613 609 Nec
646 563 851 613 sustinuit
884 569 978 631 ejus
1013 569 1076 614 rei
1111 568 1374 618 sententiam
1410 570 1649 618 Laetorius
1669 594 1685 628 3
1734 571 1807 620 sed
1841 573 1882 619 se
1924 576 2012 640 ipse
2053 595 2129 624 an-

138 654 185 688 te
213 640 377 705 judicii
411 653 591 705 tempus
625 641 733 706 fuga
767 645 889 707 prius
924 644 1144 694 subtraxit
1171 666 1180 694 ε
1227 647 1387 695 deinde
1420 649 1556 696 etiam
1591 662 1742 697 morte
1775 654 1972 715 punivit.
2027 656 2128 702 Na-

137 735 264 769 turae
306 720 497 767 modum
540 722 837 784 expleverat:
895 724 989 771 fato
1033 738 1184 775 tamen
1230 729 1410 776 funestus
1433 763 1446 788 ‚
1502 730 1726 777 universae
1768 732 1909 795 plebis
1957 733 2129 782 senten-

137 796 199 842 tia
254 797 443 842 crimine
494 795 807 859 impudicitiae
853 798 1087 860 damnatus
1133 802 1210 849 est.
1302 806 1442 868 Signa
1485 805 1614 852 illum
1655 807 1897 870 militaria,
1942 811 2129 859 sacratae

136 875 307 938 aquilae
332 909 346 933 ,
387 873 436 920 &
471 875 708 922 certiffima
737 879 939 924 Romani
980 880 1160 944 imperii
1203 882 1351 929 custos
1396 882 1541 931 severa
1588 885 1835 934 castrorum
1868 890 2126 955 disciplina,

135 960 179 991 43
217 951 354 1014 usque
387 951 441 997 ad
476 951 638 999 inferos
673 954 902 1017 persecuta
935 956 1013 1002 est.
1080 957 1316 1024 Qoniam
1352 968 1398 999 44
1432 963 1561 1025 cujus
1594 966 1807 1029 magister
1840 969 1925 1015 effe
1958 970 2124 1018 debue-

134 1044 202 1078 rat
225 1065 240 1089 ‚
283 1029 522 1078 sanetitatis
554 1046 812 1097 corruptor⁴
837 1034 1043 1083 tentabat
1077 1038 1279 1086 existere.

196 1112 238 1142 45
274 1106 385 1152 Hoc
420 1106 567 1153 movit
602 1106 660 1153 C.
693 1111 897 1157 Marium
930 1113 1252 1177 imperatorem
1287 1129 1423 1178 tum,
1465 1136 1572 1167 cum
1613 1121 1661 1161 4⁶
1708 1126 1756 1170 C.
1791 1125 1984 1186 Lases'um
2005 1161 2019 1187 ‚
2051 1129 2123 1191 fh-

2056 1223 2122 1251 7¹0-

136 1306 237 1344 bant.
288 1307 387 1345 Vide
427 1308 664 1348 Buchnerum
701 1310 746 1349 ad
778 1311 951 1352 Lexicon
984 1315 1111 1362 Fabri,

140 1358 350 1406 Rupertum
372 1360 408 1395 in
430 1358 576 1397 Differt.
598 1360 643 1397 ad
664 1362 746 1400 Val.
775 1363 830 1400 M.
860 1366 998 1414 quique
1026 1376 1112 1405 ante

135 1407 205 1446 hos
237 1420 280 1446 ea
306 1409 351 1446 de
379 1421 417 1446 re
446 1411 684 1459 scripserunt,
713 1413 1034 1465 Lindenbrogium
1065 1419 1111 1457 ad

136 1459 269 1496 Amm.
296 1461 412 1497 Marc.
438 1462 474 1498 ὃς
498 1461 711 1500 Salmafium
734 1465 772 1501 in
794 1465 954 1504 Exercit.
980 1469 1018 1506 in
1040 1469 1108 1507 So-

132 1509 195 1547 lin.
218 1522 255 1558 p.
286 1510 369 1558 548.
400 1511 595 1550 Suetonius
621 1513 659 1549 in
688 1515 832 1554 Orbilio
870 1521 1029 1555 corniculo
1058 1529 1104 1557 (φ

132 1575 214 1611 equo
236 1565 350 1597 mereri
369 1560 464 1599 dicit.
488 1563 685 1601 VORST.
1158 1574 1295 1613 morbo
1321 1588 1366 1613 ex
1393 1579 1508 1616 amini
1539 1580 1765 1627 aegritudine
1785 1583 1977 1622 contrado
1999 1585 2124 1624 obiisse

184 1623 243 1657 41.
269 1614 385 1661 Stupri
413 1613 537 1663 cauffiz]
577 1614 681 1652 Med.
701 1616 810 1664 prim.
845 1617 921 1659 2Ad
938 1622 1102 1670 stuprum.
1156 1623 1368 1672 supremum
1399 1628 1523 1672 diem,
1547 1631 1585 1667 ὃς
1602 1638 1730 1669 tamen
1758 1633 1817 1670 vel
1844 1633 1916 1678 fic,
1940 1635 2020 1673 fato
2040 1638 2123 1675 fun-

128 1660 200 1699 sec.
222 1664 281 1697 De
290 1665 416 1711 stupro.
1157 1673 1258 1712 &tum
1285 1677 1402 1725 ipsum
1433 1677 1535 1716 fuiffe
1563 1680 1795 1720 damnatum.
1856 1686 1954 1723 Nam
1981 1698 2122 1725 naturae

177 1724 237 1758 42.
265 1716 334 1748 Nec
350 1714 514 1760 sustinuit
532 1718 603 1759 ejus
623 1717 670 1751 rei
682 1719 886 1765 sententiam
909 1722 1100 1768 laetorius5
1151 1724 1280 1762 modum
1299 1730 1430 1778 explere
1444 1755 1453 1772 ,
1483 1731 1542 1773 &‚
1558 1733 1636 1776 fato
1647 1736 1751 1783 fungi
1765 1761 1775 1778 ‚
1797 1735 1928 1774 reffius
1948 1737 2120 1777 Videntur

117 1760 182 1809 sed
193 1766 232 1810 se
250 1765 316 1813 ipse
327 1775 405 1800 ante
416 1763 538 1809 judicii
557 1776 681 1816 tempus
694 1770 781 1818 fuga
798 1771 890 1817 prius
903 1772 1092 1820 subtraxit,-
1150 1774 1222 1813 dici
1243 1776 1316 1822 illi,
1345 1779 1408 1828 qui
1428 1780 1695 1820 consumuntur
1727 1785 1883 1831 morbo,
1910 1799 2021 1835 quam
2053 1791 2116 1840 qui

126 1811 244 1850 deinde
261 1816 364 1850 etiam
379 1826 482 1851 morte
498 1817 652 1867 punivit]
684 1818 773 1857 Satis
797 1819 912 1871 liquet
944 1826 1014 1858 Nec
1031 1826 1093 1870 su·
1146 1827 1327 1866 violentas
1339 1829 1576 1870 fibiinferunt
1595 1845 1825 1874 manus.non
1840 1840 2114 1886 pugnotamen.

118 1866 244 1910 stinuit
268 1870 337 1911 ejus
365 1866 413 1901 rei
429 1869 633 1913 sententiam
662 1872 861 1916 Laetorius,
888 1884 966 1910 non
992 1873 1094 1912 aliter
1194 1890 1255 1928 43.
1282 1883 1389 1931 Usque
1407 1881 1452 1919 ad
1471 1885 1592 1930 inferos
1607 1887 1775 1935 persecuta
1791 1888 1855 1937 est]
1885 1889 1989 1927 MSS.
2012 1892 2112 1938 fere,

124 1914 278 1963 intelligi
296 1915 428 1952 debere
443 1944 452 1960 ,
475 1929 586 1966 quam
618 1931 696 1957 non
725 1922 940 1970 exspeecaffe
972 1924 1090 1971 ipsum
1145 1929 1225 1965 Ad
1246 1932 1369 1974 inferos
1389 1936 1500 1983 usque.
1522 1934 1656 1984 Ultraj.
1684 1936 1791 1985 prim.
1812 1942 1981 1988 persecuta
1991 1945 2086 1989 sunt.

1161 1318 1381 1359 sententiam
1396 1351 1406 1368 ‚
1435 1330 1476 1361 ut
1495 1324 1642 1363 credam
1667 1327 1837 1373 proxime
1857 1341 1878 1366 a
1900 1342 1988 1368 vero
2007 1332 2123 1371 abesse

1161 1369 1273 1408 libros
1288 1397 1299 1415 ‚
1326 1374 1390 1422 qui
1407 1374 1576 1414 scribunt.
1632 1376 1744 1425 Sedse
1759 1380 1826 1428 ipse
1838 1383 1924 1430 fuga
1944 1386 2034 1431 prius
2044 1385 2123 1432 sub-

1161 1424 1291 1458 traxit:
1317 1424 1434 1461 deinde
1463 1428 1565 1463 etiam
1591 1438 1734 1465 naturae
1762 1429 1890 1466 modum
1921 1435 2125 1482 expleverat.

1159 1475 1246 1508 Fato
1266 1483 1377 1511 tamen
1388 1477 1547 1521 sthus,
1570 1479 1641 1515 &c.
1664 1479 1718 1516 Ut
1736 1479 1898 1525 indicet,
1926 1483 2041 1532 ipsum
2063 1497 2126 1522 an-

1158 1529 1197 1559 te
1219 1523 1350 1572 judicii
1377 1534 1523 1576 tempus
1551 1528 1588 1565 in
1619 1529 1770 1568 exilium
1803 1530 1924 1569 abiisse
1948 1559 1957 1575 ,
1994 1535 2125 1573 deinde

124 1964 246 2002 donec
267 1966 408 2013 judices
434 1967 478 2003 de
507 1969 660 2007 crimine
684 1996 695 2013 ,
726 1984 802 2021 quo
835 1974 1090 2017 accusabatur,

123 2015 340 2052 sententiam
363 2019 510 2056 terrent.
561 2020 631 2058 Sed
651 2022 731 2071 quis
750 2031 920 2061 veterum
942 2024 1018 2061 hoc
1039 2025 1088 2063 ita

123 2065 242 2103 dixit?
274 2067 406 2115 Ultraj.
440 2068 510 2106 sec.
542 2069 658 2108 Periz.
691 2073 800 2110 Leid.
837 2073 924 2122 sept.
951 2075 1088 2114 habent

110 2119 301 2166 scientiam.
361 2118 469 2166 Lego
509 2124 747 2169 conscientiam.
807 2126 886 2160 Non
923 2127 1087 2173 sustinuit

119 2169 346 2213 conscientia-m
377 2174 448 2210 ejus
474 2171 544 2212 rei,
580 2171 603 2208 i.
625 2184 655 2209 e.
683 2174 907 2212 conscientia
934 2177 1010 2224 ejus
1032 2178 1085 2215 rei

122 2219 282 2256 nimium
303 2217 364 2266 ipsi
383 2219 452 2255 fuit
472 2221 610 2267 gravis,
638 2223 724 2260 ideo
744 2225 867 2272 seipse
887 2234 972 2263 ante
985 2227 1085 2276 judi—

120 2270 169 2306 cii
188 2277 333 2318 tempus
353 2270 505 2317 punivit.
559 2272 736 2310 Ceterum
769 2276 879 2312 etiam
901 2288 965 2320 ea,
989 2290 1083 2327 quae

118 2319 340 2369 sequuntur,
368 2321 467 2357 varie
485 2320 691 2360 admodum
712 2324 841 2372 scripta
861 2337 1081 2373 occurrunt,

120 2371 197 2408 aliis
223 2370 318 2408 libris
345 2371 411 2408 alia
440 2372 705 2411 omittentibus.
731 2374 797 2412 Bit.
824 2377 931 2424 prim.
955 2380 992 2416 δε
1012 2380 1080 2418 sec.

119 2421 224 2459 Med.
246 2423 353 2470 prim.
381 2422 489 2459 Leid.
509 2423 577 2460 sec,
604 2432 720 2473 quart.
750 2427 866 2474 quint.
893 2428 979 2466 sext.
1017 2432 1079 2468 Sed

0 2481 1 2509 ς
106 2475 234 2520 seipse
255 2475 340 2521 suga
362 2475 456 2523 prius
476 2499 486 2515 ,
523 2473 637 2510 deinde
666 2478 767 2511 etiam
795 2489 898 2513 morte
924 2482 1077 2529 punivit.

0 2516 1 2596 l
120 2524 158 2559 &
187 2522 234 2559 fic
263 2523 331 2559 Ed.
368 2524 525 2561 Mediol.
556 2525 616 2563 sed
652 2525 711 2563 alii
751 2527 916 2578 quinque
954 2530 1077 2570 delent

114 2575 236 2610 Morte
259 2576 395 2621 puni-vit
417 2603 427 2619 ,
461 2576 536 2613 hoc
566 2576 696 2614 modo.
748 2577 811 2614 Sed
830 2584 870 2626 se
895 2582 962 2628 ipse
985 2585 1074 2633 fuga

109 2626 206 2674 prius
220 2624 395 2672 subtraxit
411 2652 420 2668 ‚
445 2625 562 2662 deinde
580 2629 681 2663 etiam
700 2638 841 2665 naturae
867 2631 995 2668 modum
1017 2648 1074 2670 ex-

109 2676 275 2723 ple-verat.
302 2676 404 2725 quod
428 2677 574 2714 exhibet
602 2678 670 2715 Ed.
707 2679 813 2728 Mog.
852 2682 954 2720 Harl.
981 2696 1072 2723 vero

116 2725 225 2763 Leid.
251 2734 366 2774 quart.
392 2728 478 2775 sept.
504 2728 634 2777 Ultraj.
668 2729 760 2777 prim
800 2731 944 2776 delent,
974 2746 1074 2772 natu-

113 2790 172 2812 rae
202 2776 328 2812 modum
353 2780 558 2825 expleverat.
585 2779 716 2829 Ultraj.
747 2781 814 2818 sec.
835 2786 874 2830 se
900 2786 967 2832 ipse
994 2798 1073 2824 ante

107 2827 230 2874 judicii
256 2839 381 2876 tempus
404 2831 492 2878 fuga
518 2831 611 2877 prius

0 2888 3 2968 Ι
112 2892 216 2927 neque
236 2878 363 2914 modum
382 2882 578 2927 expleverit.

1192 1991 1250 2026 44.
1278 1984 1383 2027 Cujus
1402 1985 1557 2035 magister
1579 1987 1639 2035 effe
1655 1985 1827 2039 debuerat]
1858 1991 1916 2028 Sic
1942 1992 2111 2041 Pighius,

1139 2027 1263 2068 Antea
1284 2032 1494 2081 legebatur,
1513 2040 1779 2087 qnoniamsscuy'us
1798 2043 1939 2078 virtutis
1959 2046 2112 2095 magister

1137 2079 1196 2126 effi:
1223 2081 1391 2123 debuerat.
1443 2088 1562 2135 Quod
1588 2089 1743 2128 invenio
1770 2092 1808 2130 in
1838 2105 1979 2132 novem
2000 2096 2107 2135 MSS.

1138 2129 1268 2180 Ultraj.
1293 2136 1401 2183 prim.
1433 2140 1573 2176 Virtute.
1611 2141 1778 2189 Suspicor
1805 2143 1997 2183 auetorem
2025 2147 2106 2185 scri-

1136 2181 1249 2228 pfiffe.
1301 2189 1364 2221 Cus·
1391 2188 1531 2225 *virtutis
1560 2193 1715 2240 magister
1742 2193 1800 2238 effe
1828 2194 1996 2234 debuerat.
2022 2199 2045 2235 i.
2073 2211 2104 2237 e.

1138 2231 1208 2269 Cui
1240 2237 1379 2282 praeire
1419 2238 1465 2275 ad
1503 2251 1658 2277 omnem
1699 2242 1875 2282 virtutem
1918 2246 2102 2287 debuerat.

1134 2280 1348 2323 Perizonius
1367 2288 1455 2324 nihil
1484 2291 1615 2328 certius
1635 2292 1883 2340 existimabat,
1911 2309 2022 2346 quam
2048 2300 2099 2337 le-

1132 2334 1298 2380 gendum
1319 2335 1389 2374 effe
1410 2344 1500 2385 cujus
1519 2343 1683 2386 virtutis,
1708 2351 1747 2381 ut
1770 2354 1845 2384 erat
1865 2346 1903 2384 in
1926 2348 2097 2398 Copefia-

1132 2395 1195 2422 no.
1218 2386 1275 2423 ve]
1292 2387 1330 2424 in
1350 2394 1441 2437 cujus
1460 2390 1685 2441 subintellige
1698 2418 1708 2435 ,
1727 2397 1937 2442 sanffltatis.

1181 2447 1240 2484 45.
1266 2441 1342 2474 Hoc
1373 2440 1496 2490 movit]
1535 2443 1632 2492 Cop.
1663 2444 1780 2483 Periz.
1820 2449 1859 2485 &
1889 2450 2092 2497 complures

1128 2484 1213 2530 alii,
1238 2492 1313 2525 Hoc
1344 2493 1502 2536 monuit3
1544 2495 1582 2532 ὃ(
1609 2495 1659 2532 ita
1690 2497 1878 2548 Antiquae
1903 2499 2089 2538 editiones.

1128 2536 1293 2577 Mutavit
1310 2540 1470 2589 Pighius.

1174 2590 1232 2635 46.
1260 2593 1300 2627 C.
1313 2593 1482 2643 Luscium]
1513 2594 1567 2633 Ita
1585 2595 1805 2646 legendum,
1833 2609 1907 2634 non
1928 2606 2087 2647 utprae-

1124 2644 1179 2675 ter
1202 2640 1292 2678 alios
1312 2642 1498 2682 Danielis:
1534 2649 1571 2684 C.
1598 2650 1754 2695 Clusium·
1782 2652 1817 2684 C.
1846 2651 1955 2696 Luscii
1978 2650 2085 2699 hujus

1123 2692 1297 2729 meminit
1327 2694 1462 2732 Cicero
1486 2709 1638 2747 quoque
1664 2700 1701 2735 in
1732 2698 1945 2736 Miloniana.
1999 2702 2084 2739 Me-

1125 2741 1233 2779 minit
1265 2744 1303 2781 &
1323 2747 1361 2782 C.
1390 2748 1498 2793 Luscii
1529 2748 1713 2797 cujusdam
1743 2748 1933 2786 Asconius.
1959 2752 2081 2802 aitque

1123 2794 1382 2833 centurionem
1406 2796 1593 2836 Sullanum
1614 2796 1725 2835 fuisse.
1750 2798 1940 2837 COLER.
1962 2805 1998 2838 C.
2013 2808 2082 2839 Lu-

640 2832 800 2878 pn›1i7⁷it,
836 2833 951 2872 deinde
969 2840 1070 2875 etiam
1111 2843 1230 2888 stium.
1249 2845 1314 2883 ,Ita
1341 2846 1515 2896 rescripsit
1543 2849 1707 2897 Pighius;
1746 2860 1831 2886 cum
1861 2850 1920 2888 alii
1952 2853 2079 2891 edidis-

631 2882 725 2929 Quis
751 2895 881 2922 verum
911 2887 948 2924 in
969 2896 1068 2928 tanta
1118 2892 1196 2930 sent

1222 2897 1378 2941 Clusium.
1406 2901 1442 2934 C.
1474 2900 1579 2946 Lustii
1606 2900 1642 2935 ὃς
1663 2899 1886 2938 Ciceronem
1917 2904 1982 2940 Or.
2010 2917 2076 2951 pro

113 2937 289 2967 varietate
321 2929 504 2978 elegerit?
541 2931 726 2982 Equidem
755 2934 791 2972 in
819 2947 901 2976 eam
928 2938 1067 2980 inclino
1119 2943 1268 2986 Milone
1286 2975 1298 2994 ,
1328 2947 1534 3000 itidemque
1572 2949 1777 2989 Asconium
1799 2979 1809 2995 ‚
1844 2954 2075 3010 mentionem

1702 3000 1802 3040 Xxx
2026 3008 2080 3041 ie-

2230 371 2286 398 11.
2345 366 2350 372 '

2153 411 2238 440 Arm.
2263 409 2332 440 urb.

2153 456 2224 488 436.
2239 452 2329 483 circi·

2153 500 2211 523 ter.
2241 493 2307 524 Sui-

2153 534 2219 564 das.
2248 543 2328 566 voce

2153 580 2280 617 ΓαέΘκ
