2516 3509
355 167 461 221 114.

632 126 1066 194 VALERIIV
1116 122 1500 182 MAXIMI
1540 123 1664 180 L113.
1702 121 1749 178 Ι.
1789 120 1937 180 ΟΑΡ.
1979 119 2143 181 VIII.

144 250 399 305 riin.x1.37.²⁶
429 249 488 294 ob
518 240 732 288 eximiam
761 233 1057 283 calliditatem
1077 228 1333 290 exse&u1n‚
1369 237 1408 265 2⁷
1431 230 1535 294 pilis
1557 229 1775 279 refertum
1794 230 2089 278 invenerunt:
2127 242 2235 275 cum
2254 242 2362 277 eum

141 311 306 390 3232352'2
355 319 587 385 aliquoties
610 327 824 379 captum,
861 311 909 359 ὃς
927 309 1087 358 astutia
1107 307 1331 373 elapsum,
1369 309 1600 372 cepissent.

221 438 233 462 Ι
241 425 275 459 6.
421 399 486 444 At
506 394 646 459 po'e'ta
682 386 728 419 23
748 390 993 454 Antipater
1017 387 1257 447 Sidonius,
1288 385 1500 433 omnibus
1520 387 1645 434 annis
1658 421 1671 447 ,
1689 403 1785 434 uno
1807 386 2133 435 tantummodo
2150 386 2250 447 die,
2270 405 2365 452 quo

142 476 340 554 {fin-032¹&
357 478 536 544 genitus
568 486 688 533 erat,
725 471 839 520 febri
870 469 1204 533 implicabatur:
1278 467 1497 530 Cumque
1526 466 1582 512 ad
1611 466 1822 514 ultimam
1848 480 2041 516 aetatem
2069 466 2366 533 pervenisset,

143 562 232 591 rato.
251 565 278 591 ³·
359 556 495 606 natali
517 553 595 602 suo
618 566 746 600 certo
766 551 846 598 illo
867 550 1068 598 circuitu
1087 547 1238 595 morbi
1257 544 1555 609 consumptus
1576 543 1654 590 est.

143 704 165 733 Τ
190 700 197 730 1
222 660 279 731 ἔρ,
303 699 311 705 .
428 634 539 681 Hoc
558 632 665 679 loco
703 637 741 666 ²9
759 644 864 693 apte
891 628 1141 676 referantur
1161 624 1442 690 Polystratus
1476 622 1525 669 &
1545 621 1852 687 Hippoclides
1879 623 2174 688 Philosophi,
2209 622 2373 671 eodem

169 711 187 730 o
203 710 222 741 y
252 708 313 732 rati

143 752 245 774 ment.
269 741 348 773 facit
361 715 433 763 die
454 714 572 773 nati,
606 710 803 776 ejusdem
824 708 1132 773 praeceptoris
1155 707 1350 770 Epicuri
1381 704 1545 754 smitam
1577 701 1743 762 secuti,
1779 702 2045 765 patrimonii
2069 704 2204 750 etiam
2239 703 2375 767 poffi-

143 786 252 817 La'e'rt.
271 785 306 816 in

145 828 236 870 {pie

363 937 423 965 rus
449 922 639 965 scriberet,
667 919 861 958 Valerium
892 915 1106 967 exemplum
1127 915 1164 953 id
1192 927 1237 953 ex
1252 915 1348 953 Pau-

366 977 487 1014 saniae
516 971 727 1011 Meffenicis
755 968 950 1020 sumpsisse.
1014 967 1179 1006 Videndi
1221 975 1347 1004 autem

367 1028 414 1066 de
444 1025 684 1064 Aristomene
705 1025 743 1061 &
761 1021 975 1060 Plutarchus
998 1020 1036 1057 in
1064 1020 1139 1058 vita
1170 1017 1351 1062 Romuli,

368 1081 409 1117 &
436 1077 641 1126 Stephanus
661 1073 735 1116 a&
755 1074 884 1111 πέλειαν
902 1074 941 1111 in
961 1069 1227 1119 ’Ausucum-qui
1249 1081 1353 1118 prae-

368 1138 427 1168 ter
447 1127 686 1166 Plutarchum
709 1126 747 1162 &
767 1123 1012 1162 Herodotum
1031 1133 1075 1158 ac
1095 1121 1285 1158 Rhianum
1306 1120 1357 1156 ci-

369 1189 434 1218 tat.
464 1178 662 1216 VORST.
697 1176 909 1213 Notaverat
930 1173 1044 1211 etiam
1066 1171 1122 1208 Cl.
1142 1170 1357 1209 Perizonius

372 1233 412 1269 in
433 1229 577 1268 Codice
598 1228 664 1266 suo
684 1227 785 1264 hunc
803 1225 945 1263 Valerii
965 1234 1143 1261 errorem.
1167 1230 1206 1260 ut
1227 1223 1265 1259 ὃ(
1278 1222 1359 1258 Gu-

373 1283 455 1321 dius
474 1283 568 1319 inter
588 1285 764 1327 excerpta
790 1277 863 1315 sua.
914 1277 963 1314 Et
977 1276 1058 1325 jam
1089 1274 1181 1312 olim
1204 1284 1360 1323 quoque

374 1331 637 1382 Theophilus,
668 1330 839 1378 itemque
865 1327 1053 1366 Brodaeus
1075 1325 1122 1363 ad
1143 1325 1299 1363 Anthol.
1323 1336 1358 1373 p.

375 1385 465 1424 286.
492 1385 599 1421 Errat
621 1393 734 1431 porro
762 1379 951 1429 infigniter
967 1377 1147 1421 Colerus,
1176 1375 1267 1413 dum
1289 1388 1360 1413 no-

376 1444 433 1474 tat
458 1431 641 1483 sumpsisse
661 1433 737 1470 hoc
757 1430 952 1469 Valerium
975 1441 1021 1466 ex
1040 1427 1240 1466 Pausaniae
1262 1426 1361 1464 Mes-

377 1487 529 1530 senicis,
555 1485 615 1522 hic
635 1484 736 1521 enim
758 1490 843 1520 toto
870 1480 996 1519 seculo
1022 1479 1203 1529 posterior
1223 1478 1272 1516 est
1290 1490 1361 1516 no-

378 1539 464 1577 stro.
516 1536 655 1575 Floruit
681 1534 781 1572 enim
800 1533 994 1571 Pausanias
1024 1531 1088 1569 sub
1108 1529 1303 1567 Hadriano
1322 1530 1361 1567 &

381 1589 598 1628 Antoninis.
649 1586 749 1624 Vide
768 1584 924 1622 Fabricii
942 1581 1032 1622 Bibl.
1053 1582 1118 1620 Gr.
1138 1580 1223 1619 Lib.
1244 1593 1297 1619 ιν.
1317 1580 1362 1618 C.

385 1654 444 1690 15.
463 1653 498 1689 p.
521 1639 605 1687 467.
631 1638 704 1676 Pro
728 1635 896 1684 Messeni,
923 1633 1133 1683 complures
1150 1632 1258 1670 MSS.
1279 1635 1365 1668 Me-

376 1695 451 1743 seni
466 1720 477 1737 ,
503 1691 563 1729 alii
587 1692 726 1737 Miseni.
778 1690 909 1736 Meseni
938 1687 987 1724 est
1009 1685 1123 1724 etiam
1147 1685 1186 1723 in
1206 1683 1368 1722 vetustis-

386 1744 486 1782 simis
508 1740 744 1779 editionibus.

439 1794 497 1832 26.
542 1792 591 1830 Ob
618 1794 778 1828 eximiam
814 1784 1063 1835 calliditatem]
1113 1784 1246 1834 Copes.
1283 1795 1371 1822 cum

390 1847 557 1895 quinque
576 1842 651 1880 aliis
670 1842 708 1878 oli
719 1842 857 1878 nimiam
871 1868 881 1884 ‚
894 1837 999 1889 quod
1017 1837 1055 1875 in
1075 1836 1220 1874 duobus
1237 1847 1371 1873 eorum

393 1895 606 1934 correctum
627 1894 686 1931 est.
715 1893 847 1942 Copes.
868 1892 982 1928 etiam
996 1898 1142 1940 propter.
1171 1889 1209 1925 &
1229 1886 1374 1924 videtur

383 1960 523 1998 'propter
542 1947 680 1983 nimiam
697 1956 776 1982 non
795 1941 1053 1991 improbatum
1088 1936 1192 1977 fuisse
1219 1937 1371 1975 Perizo-

393 2000 471 2037 nio.
525 1995 707 2036 Nonnulli
731 1994 865 2033 deinde
891 1994 1059 2036 excitum,
1092 2002 1187 2029 unus
1210 1991 1374 2025 exaesam.

393 2053 480 2087 Eum
501 2049 625 2086 delent
644 2047 772 2085 Heins.
795 2047 833 2084 δί
854 2044 960 2083 Barb.
977 2042 1099 2092 primi.
1125 2043 1375 2091 Aliquotiens.

394 2101 499 2138 Barb.
520 2102 557 2138 ὃς
578 2099 711 2146 Ultraj.
739 2097 886 2147 utrique
908 2094 1017 2133 Leid.
1036 2093 1155 2145 quint.
1176 2093 1263 2130 sext.
1289 2091 1378 2141 sept.

396 2164 483 2190 cum
510 2151 682 2189 Perizon.

448 2214 509 2250 27.
537 2203 623 2238 Pilis
642 2197 817 2248 refertum]
848 2196 976 2236 Fortes
996 2195 1125 2233 haberi
1146 2193 1211 2244 qui
1230 2205 1296 2232 cor
1313 2194 1379 2232 ha-

399 2255 490 2291 bent
508 2253 666 2301 pilosum
680 2250 861 2300 ,pluribus
881 2247 1058 2296 exemplis
1077 2247 1188 2285 docet
1209 2246 1380 2283 Muretus

396 2307 492 2354 Uar.
513 2303 618 2341 Le&
641 2315 714 2346 ΧΠ,
740 2315 796 2340 10.
823 2299 1019 2337 VORST.

453 2356 512 2393 28.
541 2357 741 2404 :Antipater
762 2350 937 2400 Sidonius]
960 2347 1118 2387 Sidonias
1141 2347 1258 2385 didius
1278 2345 1298 2384 ’ὲ
1319 2358 1384 2396 pa-

401 2408 471 2445 tria
489 2406 639 2444 Sidone.
692 2405 828 2441 Cicero
848 2415 892 2440 11.
913 2402 959 2440 de
981 2399 1061 2439 Off.
1089 2401 1225 2448 Tyrium
1248 2406 1383 2442 vocat;

401 2460 570 2509 itemque
596 2456 764 2498 Stoicam,
792 2454 855 2502 qui
884 2464 1002 2501 nuper
1024 2450 1182 2489 Athenis
1211 2449 1253 2487 fit
1282 2460 1386 2487 mor-

402 2521 498 2547 tuus.
549 2509 603 2546 At
620 2518 682 2543 111.
713 2505 758 2543 de
783 2505 851 2541 Or.
868 2514 987 2551 aeque
1011 2513 1054 2538 ac
1072 2501 1193 2538 noster
1212 2498 1386 2536 Sidonium

407 2558 586 2609 appellat3
617 2555 730 2595 credo
751 2553 856 2605 quod
872 2553 978 2590 urbes
996 2551 1142 2588 vicinae
1166 2549 1282 2587 effent
1302 2552 1387 2599 Ty-

408 2623 468 2649 rus
484 2621 528 2649 ac
551 2609 678 2647 Sidon.
723 2606 853 2644 Scribit
868 2604 959 2641 item
973 2631 983 2647 ,
1004 2604 1143 2650 solitum
1154 2601 1254 2649 fnisse
1273 2605 1387 2649 verfhs

405 2664 614 2699 {hexametros
631 2660 780 2710 aliosque
796 2658 906 2694 ‘variis
919 2654 1023 2692 modis
1031 2664 1132 2703 atque
1149 2652 1293 2688 numeris
1306 2654 1390 2698 frm-

405 2713 482 2750 dere
513 2728 555 2749 ex
576 2721 716 2761 tempore
738 2738 748 2755 ,
782 2719 978 2757 tantumque
1006 2705 1145 2741 bominis
1174 2703 1333 2753 ingeniofi
1354 2717 1392 2738 ac

414 2767 561 2801 memoris
583 2760 725 2809 valuiffe
743 2762 1011 2797 exercitationem
1024 2785 1034 2801 ‚
1060 2767 1120 2799 ut,
1146 2769 1216 2791 cum
1229 2757 1267 2804 fi'
1285 2765 1392 2790 mente

411 2830 450 2852 ac
465 2818 643 2853 voluntate
663 2810 839 2862 conjeci-ffel·
865 2813 902 2848 in
920 2810 1051 2857 ‘versum
1064 2835 1075 2852 ,
1101 2806 1205 2844 ‘verba
1215 2808 1395 2857 sequeren-

414 2877 480 2904 νην.
532 2865 675 2903 Alludit
700 2864 745 2902 ad
776 2869 863 2900 eum
892 2862 931 2899 &
960 2859 1082 2898 noster
1102 2886 1113 2903 ,
1147 2856 1251 2907 quod
1283 2856 1394 2904 paulo

417 2918 495 2967 post
523 2929 637 2953 ‘vatem
663 2917 788 2965 ingenii
802 2915 958 2962 florentis
988 2910 1171 2948 nominat.
1198 2907 1394 2946 VORST.

420 2968 518 3007 Mihi
536 2979 630 3005 vero
648 2976 886 3015 nequaquam
914 2961 1086 3001 videntur
1099 2961 1294 3010 Antipater
1312 2959 1398 3008 Ty-

424 3022 494 3057 rius
511 3018 754 3066 Philosophus
776 3016 921 3054 Stoicus
943 3015 981 3052 δε
1005 3013 1065 3049 hic
1086 3012 1208 3049 noster
1226 3011 1397 3048 Sidonius

422 3070 541 3109 Poeta
561 3082 628 3121 pro
646 3069 774 3109 iisdem
800 3066 926 3106 haberi
945 3065 966 3104 a
986 3064 1182 3102 Cicerone,
1232 3063 1400 3102 Praeter-

2215 783 2350 830 dendi
2361 816 2378 843 ,

1402 924 1517 964 quam
1535 913 1636 950 enim
1660 912 1765 963 quod
1794 923 1859 950 eos
1880 911 1994 961 patria
2014 911 2052 949 ἃ
2073 910 2298 960 professione
2328 910 2384 949 di-

1402 965 1525 1003 versos
1548 964 1659 1008 facit,
1698 965 1746 1002 ita
1796 976 1922 1013 uoque
1949 962 2145 1000 Sidonium
2170 963 2294 1012 Tyrio
2321 973 2384 1000 ae-

1403 1023 1479 1054 tate
1499 1016 1684 1064 majorem
1706 1016 1758 1052 fui
1793 1027 1812 1051 e
1839 1015 1926 1052 inde
1956 1014 2116 1062 collig03
2145 1013 2250 1063 quod
2279 1013 2388 1051 Sido-

1405 1068 1511 1105 nium
1532 1067 1583 1104 ita
1614 1066 1788 1107 describit,
1808 1066 1891 1103 Lib.
1911 1077 1972 1103 111.
2003 1064 2050 1103 de
2070 1066 2176 1103 Orat.
2202 1078 2259 1114 50.
2287 1061 2390 1114 Qod

1408 1119 1432 1157 Ιὶ
1454 1120 1658 1168 ,Antipater
1683 1120 1742 1154 ille
1770 1116 1948 1161 sidonius,
1977 1130 2073 1166 quem
2098 1117 2248 1165 mprobe
2268 1117 2389 1152 Catule

1410 1171 1585 1216 meministi-
1599 1198 1609 1213 ‚
1613 1170 1735 1217 solitus
1752 1171 1795 1216 est
1807 1171 1921 1217 ‘versus
1937 1168 2143 1204 hexametros
2155 1169 2303 1219 aliosque
2322 1181 2390 1203 ‘va-

1410 1222 1469 1256 riis
1494 1218 1599 1256 modis
1616 1232 1719 1270 atque
1736 1222 1880 1257 nnmeris
1893 1217 2032 1267 fundere
2060 1234 2102 1255 cx
2121 1229 2262 1268 tempore
2275 1246 2285 1263 ‚
2312 1229 2392 1254 tan-

1411 1282 1545 1321 tumque
1566 1271 1707 1307 hominis
1736 1273 1893 1321 ingeniosi
1912 1279 1957 1307 ἐφ’
1979 1271 2128 1307 memoris
2157 1272 2273 1308 ‘valuit
2298 1283 2394 1305 exer-

1411 1324 1526 1358 citatio
1539 1349 1549 1366 ,
1571 1333 1609 1357 ut
1625 1335 1712 1366 ,cum
1725 1327 1763 1371 se
1779 1334 1884 1358 mente
1904 1331 1948 1358 Θ
1962 1325 2138 1360 ‘voluntate
2158 1319 2335 1370 conjeciffet
2357 1323 2394 1356 in

1408 1374 1539 1421 ‘versiam
1555 1400 1565 1417 ,
1591 1372 1695 1409 verba
1719 1375 1956 1423 sequerentur,
1983 1385 2080 1423 quae
2102 1373 2180 1410 fere
2199 1370 2395 1419 descriptio

1412 1423 1460 1461 est
1480 1424 1644 1462 hominis
1672 1425 1749 1470 jam
1768 1424 1844 1462 vita
1872 1424 2009 1469 sumiti,
2038 1424 2141 1472 cujus
2174 1422 2392 1460 meminerit

1415 1475 1568 1513 Catulus
1584 1503 1593 1519 ,
1614 1476 1677 1525 qui
1696 1475 1910 1513 interfestus
1932 1475 1980 1512 est
2000 1476 2048 1512 A.
2069 1474 2153 1511 666.
2172 1485 2258 1512 cum
2278 1473 2392 1511 Anti-

1413 1535 1518 1576 pater
1531 1527 1671 1576 Tyrius
1690 1525 1858 1565 videatur
1879 1526 2033 1564 demum
2054 1525 2133 1563 fato
2155 1523 2302 1562 fumftus
2325 1521 2402 1561 effe>

1416 1579 1512 1616 circa
1545 1590 1686 1616 annum
1718 1588 1804 1626 709.
1842 1578 1902 1615 De
1934 1577 2009 1615 hoc
2040 1577 2141 1613 enim
2174 1575 2220 1614 de
2255 1574 2400 1613 Officiis

1417 1630 1501 1667 Lib.
1520 1641 1565 1667 11.
1594 1630 1637 1666 C.
1661 1641 1718 1676 24.
1752 1629 1907 1667 scribens
1931 1629 2066 1665 Cicero
2097 1625 2185 1665 dicit
2217 1638 2305 1664 eum
2337 1640 2402 1661 nu-

1415 1691 1476 1732 per
1498 1691 1663 1717 mortuum
1685 1680 1753 1729 effi.
1808 1680 1880 1718 Sed
1900 1680 2019 1729 plures
2049 1679 2200 1716 fuerunt
2230 1679 2403 1726 „Antipa-

1423 1735 1470 1769 tri
1491 1734 1616 1776 Stoici,
1643 1732 1688 1769 ab
1710 1733 1784 1769 hoc
1807 1733 1909 1769 enim
1929 1730 2090 1769 omnino
2111 1729 2271 1767 diversus
2293 1728 2405 1767 debet

1425 1781 1531 1821 fuisse
1563 1782 1647 1827 ille,
1684 1783 1748 1833 qui
1777 1791 1996 1832 praeceptor
2030 1781 2099 1818 fuit
2130 1779 2321 1823 Panaetii,
2354 1778 2402 1816 de

1426 1846 1505 1884 quo
1542 1834 1623 1872 Cic.
1646 1833 1691 1871 L.
1720 1847 1749 1873 1.
1784 1834 1831 1872 de
1851 1835 1941 1873 Div.
1961 1833 2006 1871 C.
2031 1844 2064 1884 3.
2092 1830 2275 1870 Nonnulli
2295 1829 2407 1868 MSS.

1426 1888 1472 1924 Et
1487 1888 1590 1935 poeta
1611 1887 1825 1935 Antipater.

1475 1949 1536 1986 29.
1564 1940 1674 1986 ,Apte
1691 1935 1897 1985 referantur]
1923 1934 2030 1973 MSS.
2053 1933 2238 1971 sexdecim
2259 1935 2408 1981 referun-

1429 1989 1557 2075 tur.d&
1579 1987 1627 2025 fic
1648 1986 1718 2026 Ed.
1731 1988 1839 2037 Mog.
1853 1986 2023 2025 nonnulli
2047 1982 2219 2034 Ypoclides.
2249 1984 2346 2032 Cop.
2365 1986 2408 2022 Y-

1450 2041 1495 2076 oli
1519 2054 1563 2076 es.

1422 2049 1446 2089 p
1481 2103 1540 2140 30.
1562 2088 1799 2140 „Alendaeque
1817 2089 1949 2138 scholae
1968 2085 2204 2135 communione]
2235 2085 2278 2123 In
2302 2086 2412 2124 Win-

1429 2141 1599 2179 cheliano
1623 2141 1754 2178 melius
1768 2169 1778 2185 ‚
1805 2138 2039 2188 adeundaeque
2059 2138 2201 2186 scholae.
2237 2137 2265 2174 P
2281 2137 2296 2174 I
2311 2137 2345 2174 G
2358 2139 2412 2175 H.

1429 2193 1617 2230 Patrimom'
1623 2193 1635 2227 i
1673 2195 1777 2229 etiam
1810 2189 1987 2241 possidendi
2022 2187 2256 2240 adeundaeque
2280 2189 2414 2237 scholae

1427 2247 1651 2281 communione
1689 2245 1866 2291 conjurasti.
1903 2243 2007 2279 Vetr.
2040 2238 2244 2291 alendaeque
2271 2240 2413 2288 filiolae.

1430 2295 1560 2332 malim
1574 2323 1585 2339 ,
1612 2291 1852 2343 habendaeque.
1874 2301 1914 2330 ut
1937 2305 2011 2330 una
2033 2303 2098 2330 eos
2121 2289 2284 2329 docuiffe
2306 2289 2415 2340 figni-

1434 2345 1530 2383 ficet'.
1559 2344 1681 2383 LIPS.
1734 2342 1999 2394 adeundaeque
2021 2344 2164 2392 scholae.
2204 2343 2418 2390 Inmagna

1436 2397 1622 2434 amicitiae
1654 2404 1757 2445 parte
1789 2396 1979 2443 ponebant
2009 2392 2209 2432 istiusmodi
2241 2404 2417 2429 commu-

1438 2449 1607 2486 nionem.
1671 2445 1973 2494 Condi’scipnlatum
2014 2452 2128 2481 vocat
2170 2444 2417 2492 antiquissima

1438 2499 1634 2548 legationis
1666 2495 1829 2534 formula
1851 2495 1949 2545 apud
1971 2494 2190 2532 Fabricium.
2245 2493 2357 2543 Lipfii
2380 2505 2419 2530 e-

1442 2549 1701 2588 mendationes
1723 2547 1784 2584 vix
1806 2546 1854 2584 est
1878 2556 1917 2584 ut
1937 2545 2095 2595 probem
2115 2544 2303 2583 hocloco.
2327 2545 2420 2582 CO-

1442 2602 1558 2639 LER,
1586 2597 1817 2648 estleneiaeque
1828 2599 1969 2646 filiolae.
1981 2597 2128 2646 Pighius
2142 2608 2187 2634 ex
2210 2596 2293 2634 cod.
2307 2596 2416 2633 Win-

1442 2652 1612 2689 cheliano
1643 2649 1843 2698 legendum
1876 2657 1979 2699 putat
2010 2646 2241 2697 adeundaeque
2266 2647 2417 2695 scholae:

1442 2715 1557 2752 quem
1580 2700 1735 2739 Colerus
1757 2701 1795 2738 ὃς
1817 2699 1876 2737 alii
1906 2701 1989 2737 sunt
2009 2699 2132 2737 secuti.
2182 2698 2329 2735 Verum
2354 2698 2421 2734 Li·—

1444 2752 1521 2802 pfio
1542 2752 1582 2790 id
1601 2763 1680 2789 non
1699 2751 1841 2801 placet:
1870 2751 2070 2800 malletque
2090 2749 2174 2792 hic,
2197 2747 2314 2798 siquid
2337 2760 2422 2786 mu-

1444 2804 1599 2842 tandum
1622 2802 1688 2847 fit,
1714 2801 1943 2853 habendaeque
1965 2802 2094 2850 fi'wlae
2114 2799 2248 2848 legere.
2301 2800 2422 2838 NobiS

1446 2854 1535 2893 illud
1563 2853 1702 2891 alendae
1724 2854 1855 2903 scholae
1875 2851 2110 2891 retinendum
2133 2850 2288 2888 videtur.
2340 2852 2423 2889 Ha-

1447 2906 1537 2944 bent
1558 2906 1595 2944 id
1617 2914 1759 2944 veteres
1780 2905 1877 2954 typis
1900 2902 2049 2952 expreffi
2082 2913 2214 2940 omnes
2228 2930 2240 2945 ‚
2268 2903 2307 2940 8<
2327 2901 2423 2940 inter

1448 2957 1557 2999 MSS.
1581 2966 1735 3007 uterque
1758 2958 1870 2995 etiam
1894 2954 2023 2992 Brand.
2046 2954 2084 2990 &
2100 2982 2109 2998 ,
2132 2962 2173 2991 ut
2195 2953 2421 2991 Wetstenius

1450 3009 1540 3047 mihi
1565 3005 2032 3056 fignificavitfflafileenfis.
2059 3005 2108 3042 Et
2131 3004 2421 3043 consentaneum

1449 3061 1489 3101 id
1510 3060 1559 3100 est
1580 3060 1720 3099 Valerii
1740 3057 1992 3108 superioribus.
2046 3056 2146 3096 Nam
2179 3056 2226 3095 de
2249 3066 2423 3094 commu-

2311 3106 2427 3147 mone
