2516 3509
203 229 564 312 sseT'xissii'e'Pequ
600 230 768 294 Magni
803 239 959 292 pater,
994 230 1035 261 3⁷

409 130 520 187 606

674 118 1081 185 VALERII
1157 111 1528 173 MAXIMI
1567 111 2144 172 L13.V1.CA1›.1X.

1071 223 1124 270 P.
1157 217 1611 281 Ventidium‚aetate
1644 213 1941 279 puberem‚38
1980 217 2026 263 in
2063 214 2302 281 triumpho
2337 215 2433 266 suo

202 317 248 350 ius
266 315 397 361 Gellius·
413 310 575 375 populi
611 308 755 355 oculis
789 304 996 370 subjecit.
1065 301 1163 349 Hic
1197 297 1261 345 est
1296 294 1572 353 Ventidius,
1617 295 1695 358 qui
1730 294 1883 359 postea
1915 296 2098 342 Romae
2136 302 2179 334 39
2216 312 2273 343 ex
2307 297 2415 343 Par-

202 359 398 456 &rapiens
415 391 530 449 this,
566 389 615 450 Ex}
647 405 727 453 per
761 386 980 444 Parthos,
1015 383 1071 429 de
1107 378 1248 428 Craffi
1282 376 1573 437 manibus1in
1608 374 1761 422 hostili
1794 374 1889 422 solo
1924 373 2233 422 miserabiliter
2261 376 2419 438 jacen-

203 446 276 519 3³52?
296 450 379 514 vitii-⁹
416 473 537 521 tibus
567 506 582 530 ,
625 470 913 534 triumphum
962 466 1110 513 duxit.
1187 468 1233 501 4⁰
1282 458 1554 524 Itaque,qui
1588 458 1797 521 captivus
1833 472 2059 504 carcerem
2095 456 2419 516 exhorruerat,

203 531 454 618 iiiifff‘anhffl
496 551 643 600 vicfftor
678 548 965 614 Capitolium
1004 543 1222 591 felicitate
1256 539 1514 588 celebravit.
1575 538 1630 584 In
1664 535 1826 584 eodem
1859 537 1997 583 etiam
2031 535 2144 583 illud
2177 537 2417 595 eximium,

200 609 402 685 {³1¹2'{¹3¹.⁰s<
416 624 541 696 quod
572 628 734 676 eodem
766 643 882 673 anno
919 632 960 663 4²
1003 636 1182 687 praetor
1217 620 1266 667 &
1301 617 1459 667 consul
1492 616 1557 663 est
1591 615 1769 664 faetus...

204 692 335 774 amm
481 714 524 746 43
563 704 762 751 Casuum
798 718 920 748 nunc
956 699 1325 763 contemplemur
1358 695 1637 744 varietatem.
1672 699 1718 731 44
1745 693 1803 740 L.
1827 692 2052 739 Lentulus
2085 691 2324 739 consularis
2357 694 2420 739 le-

203 791 290 861 2¹¹2·
316 787 382 820 urb.
416 797 475 845 ge
518 781 715 827 Caecilia
759 777 1113 843 repetundarum
1160 776 1349 823 crimine
1391 771 1624 837 oppress‘us
1649 805 1665 830 ‚
1720 769 1876 818 censor
1923 785 2030 816 curn
2068 767 2419 824 L.-Censorino

2303 866 2422 899 crea-

421 1002 577 1040 capturas
604 998 716 1028 vocat
747 988 940 1037 veftigalia
965 1016 975 1033 ,
1012 999 1108 1036 quae
1138 987 1178 1023 P.
1211 985 1392 1030 Rutilius,

421 1043 703 1091 publicanorum
735 1041 895 1078 minister
917 1067 927 1083 ‚
975 1040 1121 1087 exigere
1163 1038 1285 1075 solitus
1312 1037 1393 1074 fuit.

423 1095 620 1131 Suetonius
635 1121 645 1137 ,
668 1101 712 1130 ·ut
729 1092 895 1129 observat
912 1090 1069 1127 Colerus
1084 1118 1093 1133 ‚
1113 1100 1286 1137 capturam
1315 1099 1393 1137 pro-

411 1147 625 1192 stitutarum,
649 1145 694 1181 Et
711 1143 850 1180 Seneca
870 1142 1056 1178 Controv.
1085 1141 1192 1176 Domi
1202 1143 1284 1188 sunt
1303 1140 1393 1175 leno-

421 1211 498 1231 num
523 1199 680 1232 rationes.
715 1206 852 1243 captura
873 1195 1055 1228 conveniet.
1079 1191 1280 1229 VORST.
1310 1191 1393 1227 NO-

421 1248 489 1284 ster
524 1248 570 1284 L.
598 1259 708 1293 1X.4.
743 1259 771 1283 1.
819 1245 985 1291 Inhonesti'
1011 1244 1102 1279 'lucri
1137 1253 1276 1292 captura
1303 1242 1395 1278 invi-

423 1309 505 1334 tati.

475 1361 533 1399 35.
560 1346 717 1397 tAsculo]
749 1346 861 1384 Multi
890 1345 995 1383 MSS.
1024 1345 1152 1395 Est-ulo,
1177 1343 1236 1382 vel
1257 1346 1398 1393 eAescu-

424 1401 468 1436 lo.
489 1399 758 1446 Hartssscalo.

477 1452 535 1502 36.
563 1453 622 1486 Cn.
653 1449 803 1496 Pompeii
826 1448 958 1498 Magni
982 1457 1104 1497 pater,
1137 1449 1179 1483 P.
1209 1444 1396 1483 Ventidium

425 1513 539 1539 aetate
554 1501 706 1550 puberem
726 1503 762 1536 in
788 1499 952 1548 triumpho
981 1497 1055 1547 luo]
1087 1497 1309 1546 Legendum
1331 1509 1398 1545 pu—

427 1563 468 1591 to
493 1568 501 1590 :
543 1563 656 1588 aetate
682 1550 878 1599 impuberem
897 1579 908 1594 ‚
945 1558 985 1587 ut
1011 1549 1116 1586 latius
1144 1550 1182 1586 in
1213 1548 1399 1597 magistra·

424 1613 531 1642 tuum
554 1602 756 1640 Annalibus
777 1601 1037 1639 demonstravi.
1058 1601 1199 1638 PIGH.
1219 1603 1282 1636 Cn.
1297 1603 1394 1635 Pom-

416 1661 536 1705 peius,
571 1656 704 1704 Magni
725 1657 837 1690 Pater.
865 1652 982 1690 Aldus
1003 1655 1062 1688 Cn.
1093 1653 1242 1700 Pompeji'
1263 1651 1396 1701 Magni

417 1717 538 1756 pater:
572 1704 772 1756 quomodo
807 1716 900 1741 unus
941 1713 1094 1753 quoque
1140 1701 1224 1738 cod.
1264 1701 1394 1739 Brand.

425 1759 573 1795 Verum
607 1755 705 1793 reae
735 1752 944 1802 rescripsisse
980 1754 1126 1790 videtur
1153 1752 1301 1799 Pighius
1329 1755 1393 1789 Cn.

423 1811 620 1857 Pompejus:
655 1805 759 1856 quod
789 1807 826 1842 ὅ(
857 1806 893 1842 in
922 1804 1037 1841 altero
1068 1802 1152 1840 cod.
1179 1802 1312 1840 Brand.
1339 1814 1397 1839 re·

426 1861 543 1908 perio.
593 1859 805 1906 Pompejo‚
833 1856 897 1905 qui
916 1855 1047 1903 Magni
1076 1862 1178 1902 pater
1205 1854 1299 1896 fuit,
1333 1864 1398 1890 co-

429 1921 597 1960 gnomen
628 1909 697 1946 fuit
725 1907 901 1950 Straboni;
931 1914 970 1943 ut
999 1918 1043 1942 ex
1076 1903 1224 1951 Vellejo
1257 1906 1296 1942 ὃς
1322 1904 1398 1942 aliis

430 1962 581 1999 constat.
607 1959 803 1997 VORST.
831 1961 896 1994 Cn.
923 1960 1099 2006 Pompeius
1129 1955 1238 1992 habet
1266 1955 1398 2003 Ultraj.

431 2013 539 2062 prim.
569 2010 639 2049 Sed
659 2010 790 2048 decem
813 2009 873 2046 alii
895 2010 1057 2058 Pompeii.

487 2077 547 2113 37.
573 2066 610 2100 P.
640 2061 836 2099 Ventidium
854 2071 965 2096 aetate
989 2056 1158 2110 puberem]
1187 2055 1323 2094 Maluit
1341 2055 1401 2093 Pi-

434 2116 539 2164 ghius
565 2113 770 2162 impuberem.
834 2112 979 2148 Verum
1016 2110 1166 2159 puberem
1194 2108 1332 2145 habent
1360 2119 1402 2145 o-

436 2178 542 2203 mnes
569 2174 712 2202 veteres
746 2163 842 2212 typis
878 2162 1029 2210 expressi
1050 2186 1061 2203 ,
1101 2162 1140 2199 &
1166 2159 1275 2197 MSS.
1309 2160 1401 2197 item

435 2217 569 2255 Brand.
616 2216 699 2252 Nec
728 2222 856 2252 tamen
882 2225 973 2250 vero
1010 2212 1118 2262 plane
1146 2210 1315 2250 absimilis
1355 2210 1402 2247 est

437 2268 651 2317 conje&111·a
683 2266 811 2314 Pighii.
873 2265 1000 2302 Scribit
1039 2264 1140 2301 enim
1171 2262 1311 2300 Gellius
1342 2273 1401 2298 xv.

437 2333 472 2366 4.
500 2331 587 2357 eum
613 2329 770 2367 puerum
792 2316 869 2354 finu
893 2315 1018 2353 matris
1045 2322 1129 2352 ante
1153 2325 1301 2351 currum
1330 2312 1403 2350 iin-

437 2371 616 2420 peratoris
641 2368 790 2406 venum
820 2365 935 2404 fuiffe.
989 2367 1216 2414 Cognomen
1248 2365 1281 2401 ei
1310 2364 1403 2412 Basso

440 2423 533 2464 fuit,
561 2430 602 2459 ut
625 2433 669 2458 ex
692 2418 831 2456 eodem
850 2418 973 2454 Gellio
996 2418 1144 2454 constat.
1195 2416 1349 2453 Plancus
1370 2428 1403 2453 x.

444 2475 501 2513 18.
527 2473 623 2510 inter
643 2483 724 2520 epp.
748 2470 826 2507 Cic.
852 2470 1026 2504 mulionem
1046 2475 1182 2510 vocat,
1205 2474 1402 2515 propterea

438 2524 545 2577 quod
569 2520 826 2572 comparandis
857 2519 963 2556 mulis
983 2547 993 2562 ‚
1034 2519 1202 2567 farreque
1226 2519 1263 2555 in
1296 2517 1404 2555 castra

441 2573 715 2617 convehendo,
752 2570 961 2610 adolescens
987 2569 1127 2606 viRum
1161 2567 1222 2604 sibi
1254 2577 1405 2616 pararat.

441 2628 542 2666 Vide
573 2628 611 2664 &
630 2625 791 2663 Plinium
820 2635 863 2659 VI
876 2634 906 2659 1.
937 2632 996 2669 43.
1026 2619 1228 2663 ⁴VORST.
1263 2622 1407 2657 Aetate

441 2678 651 2728 impuberem.
679 2677 824 2714 Omnes
846 2671 943 2710 Cod.
968 2669 1130 2720 puberem.
1181 2669 1253 2706 Sed
1280 2669 1406 2717 legen-

439 2731 531 2769 dum
559 2729 619 2766 vel
647 2739 733 2765 cum
763 2725 865 2774 Pigh.
899 2722 1096 2772 impuberem
1119 2749 1129 2764 ‚
1172 2720 1232 2757 vel
1257 2731 1405 2768 puerum.

438 2783 501 2819 ubi
521 2783 618 2818 forte
636 2778 868 2828 geminatum
890 2790 910 2811 u
931 2773 1034 2811 causa
1062 2774 1130 2810 fuit
1158 2772 1299 2809 erroris.
1325 2771 1405 2808 PE-

437 2831 618 2871 RIZON.
646 2832 790 2868 Omnes
819 2827 931 2864 etiam
960 2824 1071 2862 nostri
1094 2822 1257 2872 puberem.
1292 2833 1405 2871 quare

436 2896 516 2922 non
537 2882 697 2930 displicet
728 2877 941 2927 conjeitura
961 2875 1146 2913 Perizonii
1173 2875 1248 2911 hoc
1280 2881 1404 2910 ortum

436 2948 481 2973 ex
501 2938 548 2981 τῷ
562 2945 696 2982 puerum
717 2931 913 2968 credentis.
936 2928 1026 2965 Plin.
1047 2925 1406 2973 L.V11.43.Trium-

430 2987 536 3037 phare
569 2986 608 3020 P.
634 2981 819 3020 Ventidium
840 2980 880 3018 de
900 2979 1036 3017 Parthis
1065 2978 1170 3015 voluit
1201 2976 1402 3022 (fortuna)

431 3036 564 3089 quidem
579 3035 710 3086 solum,
730 3033 790 3083 sed
809 3030 954 3071 eumdem
981 3032 1018 3069 in
1033 3027 1197 3080 triumpho
1215 3028 1403 3076 „Asculano

1444 986 1506 1020 Cn.
1537 982 1687 1031 Pompeji
1707 980 1883 1018 Strabonis
1911 979 2014 1016 duxit
2039 990 2186 1028 puerum.
2209 979 2421 1030 Quamquam

1444 1034 1639 1082 Massurius
1665 1034 1779 1069 auctor
1808 1035 1851 1080 est
1883 1031 1934 1067 bis
1957 1033 1993 1067 in
2020 1031 2184 1080 triumpho
2211 1030 2357 1069 duflum.

1498 1086 1557 1134 38.
1587 1088 1623 1121 In
1644 1083 1808 1130 triumpho
1820 1085 1882 1130 suo
1895 1083 2010 1131 populi
2030 1084 2130 1117 oculis
2146 1081 2305 1131 subjecit]
2323 1082 2416 1121 Vell.

1450 1149 1506 1174 11.
1533 1137 1592 1184 ὃς.
1616 1148 1649 1186 3.
1686 1132 1787 1170 Vidit
1805 1134 1855 1170 hic
1874 1147 1981 1169 annus
2005 1131 2217 1176 Ventidium,
2239 1144 2300 1182 per
2319 1148 2421 1183 quam

1445 1187 1556 1223 urliem
1576 1189 1662 1223 inter
1679 1187 1829 1234 captivos
1849 1186 2031 1220 Picentium
2060 1186 2095 1219 in
2122 1184 2285 1231 triumpho
2304 1183 2422 1222 duflus

1447 1250 1520 1275 erat
1533 1266 1543 1283 ,
1563 1240 1598 1274 in
1617 1252 1655 1274 ea
1675 1238 1875 1284 consularem
1891 1245 2106 1286 praetextam
2117 1239 2313 1286 jungentem
2327 1247 2421 1285 prae-

1449 1292 1567 1326 toriae.
1584 1288 1775 1326 VORST.

1502 1352 1561 1390 39.
1592 1343 1644 1377 Ex
1676 1339 1839 1382 Parthis,
1877 1345 1922 1374 ω’
1945 1348 2003 1386 per
2025 1335 2187 1386 Parthos]
2218 1337 2327 1375 Leid.
2352 1337 2423 1377 sec.

1452 1391 1594 1430 omittit
1613 1398 1723 1440 &per
1739 1390 1902 1433 Parthos,
1928 1389 2037 1437 prim.
2065 1390 2102 1426 ὃς
2117 1390 2233 1437 quint.
2256 1400 2326 1438 per.
2347 1390 2423 1427 Mi-

1450 1454 1489 1480 re
1518 1455 1609 1481 vero
1632 1454 1689 1491 per
1710 1441 1851 1478 Parthos
1875 1440 2030 1488 explicat
2059 1438 2261 1476 Ascenfius.
2290 1440 2328 1478 id
2351 1441 2422 1485 est,

1447 1494 1568 1544 inquit
1584 1523 1594 1539 ,
1620 1505 1684 1542 per
1703 1492 1847 1530 medios
1865 1491 2088 1528 Parthorum
2103 1499 2186 1534 ‚aut
2205 1491 2309 1538 super
2330 1503 2423 1528 ven-

1447 1553 1519 1582 tres
1539 1547 1577 1583 &
1597 1544 1700 1582 dorsa
1720 1544 1956 1581 Parthorum.
1985 1554 2071 1579 cum
2092 1541 2182 1579 nihil
2212 1541 2309 1579 aliud
2333 1542 2420 1581 velit

1450 1596 1642 1641 Valerius,
1655 1607 1767 1645 quam
1783 1594 2008 1631 Ventidium
2027 1592 2115 1630 dum
2130 1592 2284 1630 Parthos
2304 1593 2424 1631 victo-

1448 1659 1502 1685 res
1518 1647 1630 1685 Craffi
1661 1646 1762 1684 ducit
1792 1647 1830 1683 in
1858 1645 2072 1693 triumpho,
2098 1645 2135 1682 δε
2154 1643 2310 1682 ostentat
2328 1645 2425 1694 Pop.

1449 1700 1564 1736 Rom.
1590 1698 1822 1746 triumphum
1841 1694 1979 1733 duxisse
2000 1695 2046 1733 de
2073 1695 2153 1743 ipsis
2174 1695 2285 1732 Craffi
2305 1698 2423 1734 mani-

1449 1749 1536 1794 bus,
1559 1750 1622 1798 qui
1642 1749 1686 1785 ab
1707 1748 1833 1786 iisdem
1852 1747 1918 1784 illis
1939 1747 2078 1783 Parthis
2096 1746 2297 1795 turpissima
2319 1746 2422 1785 clade

1451 1808 1527 1846 erat
1545 1799 1721 1845 atreum,
1751 1801 1788 1837 δε
1811 1798 1932 1836 caesus
1961 1797 2035 1844 ipse
2065 1808 2151 1833 cum
2182 1796 2260 1834 filio
2291 1806 2425 1836 contu·

1449 1850 1698 1888 meliosiffime
1728 1850 1881 1888 habitus.
1910 1847 1995 1885 vide
2014 1847 2111 1885 Flor.
2140 1847 2185 1884 L.
2214 1859 2277 1884 111.
2308 1862 2363 1887 11.
2388 1862 2423 1897 9.

1451 1902 1536 1939 Imo
1566 1913 1677 1951 corpus
1705 1900 1812 1949 ipsius
1836 1900 2047 1948 imperatoris
2067 1899 2203 1942 Craffi,
2237 1900 2323 1936 inter
2346 1911 2425 1949 pro-

1449 1955 1587 2000 mifiuaes
1623 1951 1820 1989 cada-verum
1852 1953 1960 1996 strues
1982 1979 1991 1994 ‚
2044 1951 2161 1985 avium
2205 1952 2423 2001 ferarumque

1449 2003 1636 2091 ganiatibus
1661 2003 1831 2052 objecslum.
1855 2009 1894 2040 ut
1927 2001 2049 2038 noster
2078 2000 2168 2038 dixit
2194 2000 2298 2050 supra
2318 2002 2363 2040 L.
2393 2016 2425 2041 1.

1478 2083 1486 2092 .
1517 2067 1574 2092 11.

1500 2118 1560 2152 40.
1598 2106 1714 2156 [taque
1739 2105 1797 2153 qui
1822 2103 1976 2152 captivus
2007 2116 2164 2139 carcerem
2191 2102 2424 2153 exhorruerat]

1454 2156 1513 2194 Sic
1542 2168 1675 2194 omnes
1693 2155 1787 2193 Edd.
1817 2163 1961 2203 praeter
1983 2155 2091 2202 Mog.
2117 2153 2228 2197 habet
2258 2153 2342 2198 illa,
2374 2156 2428 2191 Ita

1453 2210 1513 2257 qui
1533 2209 1685 2257 captivus
1703 2221 1857 2243 carcerem
1877 2205 2103 2242 exhorruerat.
2149 2206 2276 2253 Quam
2298 2204 2430 2243 leffifio-

1454 2271 1543 2297 nem
1562 2259 1786 2297 confirmant
1806 2268 1949 2295 novem
1970 2256 2077 2294 MSS.
2106 2255 2191 2294 vide
2210 2255 2314 2304 supra
2336 2257 2382 2295 L.
2397 2270 2428 2296 1.

1457 2323 1489 2357 7.
1517 2311 1601 2348 Ext.
1631 2310 1665 2347 8.

1505 2375 1563 2408 41.
1596 2362 1712 2397 Vic'lor
1731 2359 1936 2407 Capitolium
1948 2358 2117 2402 felicitate
2140 2357 2340 2408 celebra-vit]
2370 2360 2430 2398 De

1455 2413 1709 2461 triumphante
1726 2411 1904 2461 loquitur.
1942 2411 2053 2447 Anne
2072 2410 2165 2455 felici
2185 2407 2294 2458 dape?
2321 2418 2360 2447 ut
2383 2411 2429 2449 de

1454 2464 1612 2502 solemni
1634 2464 1696 2501 illo
1716 2461 2027 2510 triumphantium
2059 2460 2238 2498 convivio
2268 2460 2306 2497 in
2331 2463 2430 2510 capi·

1455 2515 1549 2553 tolio
1585 2515 1714 2564 capias.
1743 2513 1863 2550 LIPS.
1903 2514 2089 2550 felicitate.
2117 2512 2241 2549 Acute
2266 2511 2433 2560 Lipsius.-

1455 2569 1558 2603 Felsci'
1584 2567 1678 2614 dape.
1731 2565 1767 2602 Si
1794 2576 1880 2602 vera
1909 2564 1956 2601 est
1981 2562 2193 2610 conjecstura
2215 2590 2225 2607 ‚
2261 2562 2431 2612 intelligit

1455 2618 1625 2655 Valerius
1645 2617 1780 2666 dapem
1808 2615 1908 2652 illam
1927 2613 2178 2662 Capitolinam
2199 2614 2429 2662 triumphan-

1454 2671 1561 2706 tium.
1588 2667 1855 2716 Philargyrius:
1885 2669 2069 2702 coenarum
2093 2665 2162 2701 tria
2179 2678 2303 2715 genera
2322 2667 2425 2710 sunt,

1457 2722 1640 2763 Sollemne,
1676 2720 1862 2759 Viaticum,
1894 2718 2045 2753 Geniale.
2100 2715 2288 2753 Sollemne
2314 2716 2426 2752 inter-

1456 2780 1583 2817 pretor
1612 2770 1735 2820 epulas
1768 2768 1842 2805 illas
1867 2767 2028 2814 Joviales
2057 2767 2096 2810 in
2117 2765 2304 2815 Capitolio
2331 2766 2428 2803 cele-

1455 2821 1611 2859 bratum.
1638 2821 1682 2859 de
1710 2833 1787 2870 quo
1806 2820 1928 2857 Varro
1955 2819 2016 2856 lib.
2047 2831 2128 2857 111.
2156 2817 2200 2854 de
2221 2816 2308 2852 Vita
2336 2828 2425 2866 pop.

1459 2872 1573 2909 Rom.
1604 2881 1648 2908 Ut
1667 2877 1738 2917 ejus
1756 2872 1968 2914 con-rivium,
1994 2871 2054 2920 qui
2073 2867 2288 2918 triumpharet
2308 2867 2342 2903 in
2363 2871 2430 2904 Ca-

1455 2924 1573 2971 pitolio
1594 2921 1729 2960 videtur
1749 2923 1807 2970 effe
1824 2923 1991 2971 proprium
2018 2932 2054 2957 ut
2081 2921 2148 2967 ipse
2170 2918 2281 2966 potius
2296 2915 2428 2956 domum

1457 2972 1661 3010 reduceretur
1695 2973 1716 3009 ἂ
1746 2975 1912 3011 convivio.
1954 2971 2148 3009 COLER.
2190 2966 2330 3016 Lipsius
2358 2981 2427 3019 pro

1449 3025 1621 3070 felicitate
1649 3025 1802 3072 conjicit
1827 3023 2028 3073 legendum
2049 3019 2119 3060 effe
2138 3019 2233 3067 felici
2260 3016 2369 3070 dape,
2390 3031 2432 3060 ut

2345 3072 2435 3112 assu-
