<?xml version="1.0" encoding="UTF-8"?>
<!DOCTYPE html PUBLIC "-//W3C//DTD XHTML 1.0 Transitional//EN"
    "http://www.w3.org/TR/xhtml1/DTD/xhtml1-transitional.dtd">
<html xmlns="http://www.w3.org/1999/xhtml" xml:lang="en" lang="en">
 <head>
  <title>
</title>
<meta http-equiv="Content-Type" content="text/html;charset=utf-8" />
  <meta name='ocr-system' content='tesseract 3.04.00' />
  <meta name='ocr-capabilities' content='ocr_page ocr_carea ocr_par ocr_line ocrx_word'/>
</head>
<body>
  <div class='ocr_page' id='page_1' title='image "./librinovemfactor00valeuoft_0879.png"; bbox 0 0 2516 3509; ppageno 0'>
   <div class='ocr_carea' id='block_1_1' title="bbox 356 140 2125 232">
    <p class='ocr_par' dir='ltr' id='par_1_1' title="bbox 356 140 2125 232">
     <span class='ocr_line' id='line_1_1' title="bbox 356 140 2125 232; baseline 0.011 -33"><span class='ocrx_word' id='word_1_1' title='bbox 356 145 471 200; x_wconf 85' lang='lat' dir='ltr'>DE</span> <span class='ocrx_word' id='word_1_2' title='bbox 524 140 999 202; x_wconf 84' lang='lat' dir='ltr'>SUPERBIA</span> <span class='ocrx_word' id='word_1_3' title='bbox 1051 145 1171 202; x_wconf 88' lang='lat' dir='ltr'>ET</span> <span class='ocrx_word' id='word_1_4' title='bbox 1219 144 1877 215; x_wconf 78' lang='lat' dir='ltr'><strong>IMPOTEN·T1A.;</strong></span> <span class='ocrx_word' id='word_1_5' title='bbox 2018 162 2125 232; x_wconf 66' lang='grc' dir='ltr'>εις</span> 
     </span>
    </p>
   </div>
   <div class='ocr_carea' id='block_1_2' title="bbox 140 244 2340 332">
    <p class='ocr_par' dir='ltr' id='par_1_2' title="bbox 140 244 2340 332">
     <span class='ocr_line' id='line_1_2' title="bbox 140 244 2340 332; baseline 0.004 -33"><span class='ocrx_word' id='word_1_6' title='bbox 140 268 233 303; x_wconf 83' lang='lat' dir='ltr'>tem</span> <span class='ocrx_word' id='word_1_7' title='bbox 256 283 271 310; x_wconf 81' lang='lat'>,</span> <span class='ocrx_word' id='word_1_8' title='bbox 304 247 544 310; x_wconf 73' lang='lat' dir='ltr'>prospexiffe</span> <span class='ocrx_word' id='word_1_9' title='bbox 573 244 624 307; x_wconf 79' lang='lat' dir='ltr'>se</span> <span class='ocrx_word' id='word_1_10' title='bbox 659 252 702 272; x_wconf 82' lang='lat'>²2</span> <span class='ocrx_word' id='word_1_11' title='bbox 740 262 914 307; x_wconf 75' lang='lat' dir='ltr'>quonam</span> <span class='ocrx_word' id='word_1_12' title='bbox 947 251 1061 315; x_wconf 74' lang='lat' dir='ltr'>modo</span> <span class='ocrx_word' id='word_1_13' title='bbox 1088 253 1232 311; x_wconf 75' lang='lat' dir='ltr'>paucis</span> <span class='ocrx_word' id='word_1_14' title='bbox 1263 252 1401 298; x_wconf 79' lang='lat' dir='ltr'>dicbus</span> <span class='ocrx_word' id='word_1_15' title='bbox 1435 257 1670 305; x_wconf 48' lang='lat' dir='ltr'>Romae-*in</span> <span class='ocrx_word' id='word_1_16' title='bbox 1707 263 1907 322; x_wconf 75' lang='lat' dir='ltr'>Capitolio</span> <span class='ocrx_word' id='word_1_17' title='bbox 1939 256 2340 332; x_wconf 53' lang='lat' dir='ltr'>cenaret‚}2‡{33¹¹³*=</span> 
     </span>
    </p>
   </div>
   <div class='ocr_carea' id='block_1_3' title="bbox 141 322 2242 392">
    <p class='ocr_par' dir='ltr' id='par_1_3' title="bbox 141 322 2242 392">
     <span class='ocr_line' id='line_1_3' title="bbox 141 322 2242 392; baseline 0.005 -17"><span class='ocrx_word' id='word_1_18' title='bbox 141 329 391 392; x_wconf 87' lang='lat' dir='ltr'>aspernatus</span> <span class='ocrx_word' id='word_1_19' title='bbox 426 327 503 373; x_wconf 90' lang='lat' dir='ltr'>est.</span> <span class='ocrx_word' id='word_1_20' title='bbox 548 325 679 374; x_wconf 84' lang='lat' dir='ltr'>Adeo</span> <span class='ocrx_word' id='word_1_21' title='bbox 715 326 943 376; x_wconf 81' lang='lat' dir='ltr'>felicitatis</span> <span class='ocrx_word' id='word_1_22' title='bbox 966 322 1356 378; x_wconf 79' lang='lat' dir='ltr'>&amp;moderationis</span> <span class='ocrx_word' id='word_1_23' title='bbox 1389 332 1628 383; x_wconf 87' lang='lat' dir='ltr'>dividuum</span> <span class='ocrx_word' id='word_1_24' title='bbox 1662 341 2015 388; x_wconf 87' lang='lat' dir='ltr'>contubernium</span> <span class='ocrx_word' id='word_1_25' title='bbox 2049 341 2242 387; x_wconf 52' lang='lat' dir='ltr'>estss’ffl·</span> 
     </span>
    </p>
   </div>
   <div class='ocr_carea' id='block_1_4' title="bbox 139 403 2129 707">
    <p class='ocr_par' dir='ltr' id='par_1_4' title="bbox 139 403 2129 707">
     <span class='ocr_line' id='line_1_4' title="bbox 207 403 2127 480; baseline 0.007 -29"><span class='ocrx_word' id='word_1_26' title='bbox 207 405 474 451; x_wconf 76' lang='lat' dir='ltr'>Insolentiae</span> <span class='ocrx_word' id='word_1_27' title='bbox 507 419 615 451; x_wconf 89' lang='lat' dir='ltr'>vero</span> <span class='ocrx_word' id='word_1_28' title='bbox 651 405 767 450; x_wconf 90' lang='lat' dir='ltr'>inter</span> <span class='ocrx_word' id='word_1_29' title='bbox 802 403 1219 470; x_wconf 81' lang='lat' dir='ltr'>Carthaginiensem</span> <span class='ocrx_word' id='word_1_30' title='bbox 1255 406 1304 452; x_wconf 66' lang='grc' dir='ltr'>ὃ(</span> <span class='ocrx_word' id='word_1_31' title='bbox 1339 406 1625 472; x_wconf 85' lang='lat' dir='ltr'>Campanum</span> <span class='ocrx_word' id='word_1_32' title='bbox 1672 412 1870 461; x_wconf 90' lang='lat' dir='ltr'>senatum</span> <span class='ocrx_word' id='word_1_33' title='bbox 1903 416 2023 480; x_wconf 83' lang='lat' dir='ltr'>quasi</span> <span class='ocrx_word' id='word_1_34' title='bbox 2056 434 2127 464; x_wconf 85' lang='lat' dir='ltr'>ae-</span> 
     </span>
     <span class='ocr_line' id='line_1_5' title="bbox 142 481 2126 550; baseline 0.006 -19"><span class='ocrx_word' id='word_1_35' title='bbox 142 483 335 531; x_wconf 86' lang='lat' dir='ltr'>mulatio</span> <span class='ocrx_word' id='word_1_36' title='bbox 370 483 474 529; x_wconf 88' lang='lat' dir='ltr'>fuit.</span> <span class='ocrx_word' id='word_1_37' title='bbox 543 481 626 528; x_wconf 91' lang='lat' dir='ltr'>Ille</span> <span class='ocrx_word' id='word_1_38' title='bbox 658 482 781 528; x_wconf 88' lang='lat' dir='ltr'>enim</span> <span class='ocrx_word' id='word_1_39' title='bbox 814 481 1013 546; x_wconf 90' lang='lat' dir='ltr'>separato</span> <span class='ocrx_word' id='word_1_40' title='bbox 1048 486 1073 533; x_wconf 72' lang='lat' dir='ltr'>a</span> <span class='ocrx_word' id='word_1_41' title='bbox 1109 485 1242 550; x_wconf 85' lang='lat' dir='ltr'>plebe</span> <span class='ocrx_word' id='word_1_42' title='bbox 1274 485 1434 534; x_wconf 87' lang='lat' dir='ltr'>balneo</span> <span class='ocrx_word' id='word_1_43' title='bbox 1470 489 1724 540; x_wconf 77' lang='lat' dir='ltr'>lavabatur:</span> <span class='ocrx_word' id='word_1_44' title='bbox 1764 495 1840 541; x_wconf 87' lang='lat' dir='ltr'>hic</span> <span class='ocrx_word' id='word_1_45' title='bbox 1878 503 1918 532; x_wconf 79' lang='lat'>23</span> <span class='ocrx_word' id='word_1_46' title='bbox 1955 495 2126 543; x_wconf 84' lang='lat' dir='ltr'>diverso</span> 
     </span>
     <span class='ocr_line' id='line_1_6' title="bbox 139 560 2129 638; baseline 0.006 -28"><span class='ocrx_word' id='word_1_47' title='bbox 139 563 241 611; x_wconf 87' lang='lat' dir='ltr'>foro</span> <span class='ocrx_word' id='word_1_48' title='bbox 287 562 512 608; x_wconf 83' lang='lat' dir='ltr'>utebatur.</span> <span class='ocrx_word' id='word_1_49' title='bbox 581 560 739 619; x_wconf 73' lang='lat' dir='ltr'>Qiem</span> <span class='ocrx_word' id='word_1_50' title='bbox 781 577 955 609; x_wconf 88' lang='lat' dir='ltr'>morem</span> <span class='ocrx_word' id='word_1_51' title='bbox 992 565 1176 628; x_wconf 86' lang='lat' dir='ltr'>Capuae</span> <span class='ocrx_word' id='word_1_52' title='bbox 1221 565 1480 629; x_wconf 86' lang='lat' dir='ltr'>aliquandiu</span> <span class='ocrx_word' id='word_1_53' title='bbox 1525 583 1786 631; x_wconf 80' lang='lat' dir='ltr'>retentum,</span> <span class='ocrx_word' id='word_1_54' title='bbox 1843 572 1900 619; x_wconf 87' lang='lat' dir='ltr'>C.</span> <span class='ocrx_word' id='word_1_55' title='bbox 1949 590 2129 638; x_wconf 87' lang='lat' dir='ltr'>quoque</span> 
     </span>
     <span class='ocr_line' id='line_1_7' title="bbox 143 640 1294 707; baseline 0.002 -19"><span class='ocrx_word' id='word_1_56' title='bbox 143 641 347 689; x_wconf 86' lang='lat' dir='ltr'>Gracchi</span> <span class='ocrx_word' id='word_1_57' title='bbox 380 641 585 687; x_wconf 85' lang='lat' dir='ltr'>oratione</span> <span class='ocrx_word' id='word_1_58' title='bbox 616 641 664 686; x_wconf 89' lang='lat' dir='ltr'>in</span> <span class='ocrx_word' id='word_1_59' title='bbox 698 640 926 687; x_wconf 87' lang='lat' dir='ltr'>Plautium</span> <span class='ocrx_word' id='word_1_60' title='bbox 959 641 1122 706; x_wconf 87' lang='lat' dir='ltr'>scripta</span> <span class='ocrx_word' id='word_1_61' title='bbox 1156 656 1294 707; x_wconf 86' lang='lat' dir='ltr'>patet.</span> 
     </span>
    </p>
   </div>
   <div class='ocr_carea' id='block_1_5' title="bbox 142 768 2143 980">
    <p class='ocr_par' dir='ltr' id='par_1_5' title="bbox 142 768 2143 980">
     <span class='ocr_line' id='line_1_8' title="bbox 142 768 2142 829; baseline 0.005 -21"><span class='ocrx_word' id='word_1_62' title='bbox 142 769 310 819; x_wconf 75' lang='lat' dir='ltr'>coenaret]</span> <span class='ocrx_word' id='word_1_63' title='bbox 364 769 447 807; x_wconf 87' lang='lat' dir='ltr'>MS.</span> <span class='ocrx_word' id='word_1_64' title='bbox 493 770 607 818; x_wconf 78' lang='lat' dir='ltr'>paucis</span> <span class='ocrx_word' id='word_1_65' title='bbox 638 768 715 806; x_wconf 85' lang='lat' dir='ltr'>inde</span> <span class='ocrx_word' id='word_1_66' title='bbox 752 768 877 806; x_wconf 80' lang='lat' dir='ltr'>diebus.</span> <span class='ocrx_word' id='word_1_67' title='bbox 920 769 957 807; x_wconf 80' lang='lat' dir='ltr'>id</span> <span class='ocrx_word' id='word_1_68' title='bbox 998 771 1046 808; x_wconf 87' lang='lat' dir='ltr'>est</span> <span class='ocrx_word' id='word_1_69' title='bbox 1078 784 1123 809; x_wconf 86' lang='lat' dir='ltr'>ex</span> <span class='ocrx_word' id='word_1_70' title='bbox 1224 785 1286 824; x_wconf 85' lang='lat'>23.</span> <span class='ocrx_word' id='word_1_71' title='bbox 1328 775 1468 823; x_wconf 64' lang='lat' dir='ltr'>Diverso</span> <span class='ocrx_word' id='word_1_72' title='bbox 1495 779 1569 822; x_wconf 74' lang='lat' dir='ltr'>foro</span> <span class='ocrx_word' id='word_1_73' title='bbox 1598 777 1772 829; x_wconf 78' lang='lat' dir='ltr'>utebatur]</span> <span class='ocrx_word' id='word_1_74' title='bbox 1822 779 1942 817; x_wconf 82' lang='lat' dir='ltr'>Eodem</span> <span class='ocrx_word' id='word_1_75' title='bbox 1968 784 2042 828; x_wconf 84' lang='lat' dir='ltr'>foro</span> <span class='ocrx_word' id='word_1_76' title='bbox 2069 792 2142 818; x_wconf 75' lang='lat' dir='ltr'>ute-</span> 
     </span>
     <span class='ocr_line' id='line_1_9' title="bbox 145 819 2143 881; baseline 0.006 -22"><span class='ocrx_word' id='word_1_77' title='bbox 145 834 193 859; x_wconf 88' lang='lat' dir='ltr'>eo</span> <span class='ocrx_word' id='word_1_78' title='bbox 220 831 403 869; x_wconf 87' lang='lat' dir='ltr'>tempore.</span> <span class='ocrx_word' id='word_1_79' title='bbox 455 832 532 858; x_wconf 92' lang='lat' dir='ltr'>non</span> <span class='ocrx_word' id='word_1_80' title='bbox 560 821 657 858; x_wconf 87' lang='lat' dir='ltr'>male</span> <span class='ocrx_word' id='word_1_81' title='bbox 679 848 690 865; x_wconf 91' lang='lat'>‚</span> <span class='ocrx_word' id='word_1_82' title='bbox 724 820 789 857; x_wconf 87' lang='lat' dir='ltr'>nifi</span> <span class='ocrx_word' id='word_1_83' title='bbox 817 819 920 858; x_wconf 85' lang='lat' dir='ltr'>malis</span> <span class='ocrx_word' id='word_1_84' title='bbox 943 824 1059 870; x_wconf 84' lang='lat' dir='ltr'>paucis</span> <span class='ocrx_word' id='word_1_85' title='bbox 1087 825 1123 859; x_wconf 84' lang='lat' dir='ltr'>in</span> <span class='ocrx_word' id='word_1_86' title='bbox 1174 823 1274 860; x_wconf 84' lang='lat' dir='ltr'>batur</span> <span class='ocrx_word' id='word_1_87' title='bbox 1307 827 1516 875; x_wconf 79' lang='lat' dir='ltr'>principatus</span> <span class='ocrx_word' id='word_1_88' title='bbox 1545 837 1589 864; x_wconf 74' lang='lat'>(7⁶</span> <span class='ocrx_word' id='word_1_89' title='bbox 1618 829 1766 868; x_wconf 72' lang='lat' dir='ltr'>libertas.</span> <span class='ocrx_word' id='word_1_90' title='bbox 1816 831 1909 868; x_wconf 89' lang='lat' dir='ltr'>Plin.</span> <span class='ocrx_word' id='word_1_91' title='bbox 1944 832 1981 870; x_wconf 90' lang='lat' dir='ltr'>in</span> <span class='ocrx_word' id='word_1_92' title='bbox 2009 833 2143 881; x_wconf 81' lang='lat' dir='ltr'>Paneg.</span> 
     </span>
     <span class='ocr_line' id='line_1_10' title="bbox 146 870 2142 932; baseline 0.006 -23"><span class='ocrx_word' id='word_1_93' title='bbox 146 872 271 910; x_wconf 79' lang='lat' dir='ltr'>diebus.</span> <span class='ocrx_word' id='word_1_94' title='bbox 299 872 544 911; x_wconf 84' lang='lat' dir='ltr'>PERIZON.</span> <span class='ocrx_word' id='word_1_95' title='bbox 570 873 690 909; x_wconf 81' lang='lat' dir='ltr'>Paucis</span> <span class='ocrx_word' id='word_1_96' title='bbox 711 870 787 908; x_wconf 84' lang='lat' dir='ltr'>inde</span> <span class='ocrx_word' id='word_1_97' title='bbox 802 870 917 908; x_wconf 81' lang='lat' dir='ltr'>diebus</span> <span class='ocrx_word' id='word_1_98' title='bbox 942 872 990 909; x_wconf 91' lang='lat' dir='ltr'>est</span> <span class='ocrx_word' id='word_1_99' title='bbox 1010 873 1122 912; x_wconf 87' lang='lat' dir='ltr'>etiam</span> <span class='ocrx_word' id='word_1_100' title='bbox 1175 875 1346 913; x_wconf 85' lang='lat' dir='ltr'>Arbitror</span> <span class='ocrx_word' id='word_1_101' title='bbox 1383 886 1508 915; x_wconf 87' lang='lat' dir='ltr'>autem</span> <span class='ocrx_word' id='word_1_102' title='bbox 1548 880 1672 918; x_wconf 90' lang='lat' dir='ltr'>forum</span> <span class='ocrx_word' id='word_1_103' title='bbox 1714 881 1944 930; x_wconf 86' lang='lat' dir='ltr'>judiciorum</span> <span class='ocrx_word' id='word_1_104' title='bbox 1981 883 2142 932; x_wconf 69' lang='lat' dir='ltr'>intelligiv</span> 
     </span>
     <span class='ocr_line' id='line_1_11' title="bbox 146 923 1609 980; baseline 0.005 -19"><span class='ocrx_word' id='word_1_105' title='bbox 146 925 184 962; x_wconf 76' lang='lat' dir='ltr'>in</span> <span class='ocrx_word' id='word_1_106' title='bbox 217 923 325 962; x_wconf 85' lang='lat' dir='ltr'>Leid.</span> <span class='ocrx_word' id='word_1_107' title='bbox 352 923 439 960; x_wconf 84' lang='lat' dir='ltr'>sext.</span> <span class='ocrx_word' id='word_1_108' title='bbox 1174 924 1419 966; x_wconf 85' lang='lat' dir='ltr'>PERIZON.</span> <span class='ocrx_word' id='word_1_109' title='bbox 1451 940 1533 977; x_wconf 83' lang='lat' dir='ltr'>cap.</span> <span class='ocrx_word' id='word_1_110' title='bbox 1551 931 1609 980; x_wconf 84' lang='lat'>36.</span> 
     </span>
    </p>
   </div>
   <div class='ocr_carea' id='block_1_6' title="bbox 649 1063 1639 1262">
    <p class='ocr_par' dir='ltr' id='par_1_6' title="bbox 649 1063 1639 1262">
     <span class='ocr_line' id='line_1_12' title="bbox 879 1063 1404 1120; baseline 0.006 -3"><span class='ocrx_word' id='word_1_111' title='bbox 879 1063 1232 1120; x_wconf 81' lang='lat' dir='ltr'>CAPUT</span> <span class='ocrx_word' id='word_1_112' title='bbox 1309 1065 1404 1120; x_wconf 72' lang='lat' dir='ltr'>VI.</span> 
     </span>
     <span class='ocr_line' id='line_1_13' title="bbox 649 1192 1639 1262; baseline 0.009 -9"><span class='ocrx_word' id='word_1_113' title='bbox 649 1193 808 1254; x_wconf 91' lang='lat' dir='ltr'>DE</span> <span class='ocrx_word' id='word_1_114' title='bbox 903 1192 1639 1262; x_wconf 86' lang='lat' dir='ltr'><strong>PERFIDIA.</strong></span> 
     </span>
    </p>
   </div>
   <div class='ocr_carea' id='block_1_7' title="bbox 149 1314 870 1393">
    <p class='ocr_par' dir='ltr' id='par_1_7' title="bbox 149 1314 870 1393">
     <span class='ocr_line' id='line_1_14' title="bbox 149 1314 870 1393; baseline -0.007 -11"><span class='ocrx_word' id='word_1_115' title='bbox 149 1351 190 1382; x_wconf 85' lang='lat'>1.</span> <span class='ocrx_word' id='word_1_116' title='bbox 229 1334 280 1379; x_wconf 83' lang='lat' dir='ltr'>T.</span> <span class='ocrx_word' id='word_1_117' title='bbox 314 1333 438 1378; x_wconf 75' lang='lat' dir='ltr'>Tatii</span> <span class='ocrx_word' id='word_1_118' title='bbox 473 1314 714 1376; x_wconf 75' lang='lat' dir='ltr'>Sabinorum</span> <span class='ocrx_word' id='word_1_119' title='bbox 750 1333 870 1393; x_wconf 72' lang='lat' dir='ltr'>regis.</span> 
     </span>
    </p>
   </div>
   <div class='ocr_carea' id='block_1_8' title="bbox 145 1389 2000 1593">
    <p class='ocr_par' dir='ltr' id='par_1_8' title="bbox 145 1389 2000 1593">
     <span class='ocr_line' id='line_1_15' title="bbox 145 1389 2000 1456; baseline -0.001 -10"><span class='ocrx_word' id='word_1_120' title='bbox 145 1417 188 1446; x_wconf 88' lang='lat'>2.</span> <span class='ocrx_word' id='word_1_121' title='bbox 222 1400 314 1446; x_wconf 80' lang='lat' dir='ltr'>Ser.</span> <span class='ocrx_word' id='word_1_122' title='bbox 352 1398 523 1455; x_wconf 69' lang='lat' dir='ltr'>Sulpicii·</span> <span class='ocrx_word' id='word_1_123' title='bbox 558 1397 717 1442; x_wconf 70' lang='lat' dir='ltr'>Galbae</span> <span class='ocrx_word' id='word_1_124' title='bbox 745 1410 812 1456; x_wconf 84' lang='lat' dir='ltr'>pr.</span> <span class='ocrx_word' id='word_1_125' title='bbox 1313 1389 1354 1433; x_wconf 89' lang='lat' dir='ltr'>E</span> <span class='ocrx_word' id='word_1_126' title='bbox 1390 1405 1422 1434; x_wconf 82' lang='lat' dir='ltr'><strong>x</strong></span> <span class='ocrx_word' id='word_1_127' title='bbox 1462 1404 1490 1434; x_wconf 82' lang='grc' dir='ltr'><em>τ</em></span> <span class='ocrx_word' id='word_1_128' title='bbox 1529 1406 1559 1434; x_wconf 79' lang='lat' dir='ltr'>E</span> <span class='ocrx_word' id='word_1_129' title='bbox 1597 1406 1632 1436; x_wconf 81' lang='lat' dir='ltr'>R</span> <span class='ocrx_word' id='word_1_130' title='bbox 1670 1405 1706 1435; x_wconf 84' lang='lat' dir='ltr'>N</span> <span class='ocrx_word' id='word_1_131' title='bbox 1739 1407 1768 1436; x_wconf 92' lang='lat' dir='ltr'>o</span> <span class='ocrx_word' id='word_1_132' title='bbox 1806 1406 1839 1436; x_wconf 77' lang='lat' dir='ltr'>R</span> <span class='ocrx_word' id='word_1_133' title='bbox 1875 1407 1908 1437; x_wconf 77' lang='lat' dir='ltr'>U</span> <span class='ocrx_word' id='word_1_134' title='bbox 1946 1406 2000 1436; x_wconf 86' lang='lat' dir='ltr'>M.</span> 
     </span>
     <span class='ocr_line' id='line_1_16' title="bbox 155 1461 1668 1528; baseline 0.001 -20"><span class='ocrx_word' id='word_1_135' title='bbox 155 1478 194 1528; x_wconf 77' lang='lat'>3.</span> <span class='ocrx_word' id='word_1_136' title='bbox 235 1468 309 1508; x_wconf 90' lang='lat' dir='ltr'>Cn.</span> <span class='ocrx_word' id='word_1_137' title='bbox 344 1463 525 1506; x_wconf 80' lang='lat' dir='ltr'>Domitii</span> <span class='ocrx_word' id='word_1_138' title='bbox 558 1461 831 1507; x_wconf 72' lang='lat' dir='ltr'>Ahenobarbi</span> <span class='ocrx_word' id='word_1_139' title='bbox 854 1476 1010 1522; x_wconf 83' lang='lat' dir='ltr'>procos.</span> <span class='ocrx_word' id='word_1_140' title='bbox 1180 1478 1220 1510; x_wconf 91' lang='lat'>1.</span> <span class='ocrx_word' id='word_1_141' title='bbox 1253 1465 1668 1528; x_wconf 75' lang='lat' dir='ltr'>Carthaginienssum.</span> 
     </span>
     <span class='ocr_line' id='line_1_17' title="bbox 145 1527 1648 1593; baseline 0.003 -19"><span class='ocrx_word' id='word_1_142' title='bbox 145 1545 191 1591; x_wconf 85' lang='lat'>4.</span> <span class='ocrx_word' id='word_1_143' title='bbox 225 1530 291 1593; x_wconf 87' lang='lat' dir='ltr'><em>Q</em></span> <span class='ocrx_word' id='word_1_144' title='bbox 323 1528 498 1575; x_wconf 73' lang='lat' dir='ltr'>Servilii</span> <span class='ocrx_word' id='word_1_145' title='bbox 534 1527 746 1586; x_wconf 76' lang='lat' dir='ltr'>Caepionis</span> <span class='ocrx_word' id='word_1_146' title='bbox 780 1527 870 1588; x_wconf 75' lang='lat' dir='ltr'>Coſs</span> <span class='ocrx_word' id='word_1_147' title='bbox 1174 1545 1215 1574; x_wconf 90' lang='lat'>2.</span> <span class='ocrx_word' id='word_1_148' title='bbox 1252 1532 1480 1577; x_wconf 75' lang='lat' dir='ltr'>Annibalis</span> <span class='ocrx_word' id='word_1_149' title='bbox 1514 1535 1648 1578; x_wconf 84' lang='lat' dir='ltr'>Poeni.</span> 
     </span>
    </p>
   </div>
   <div class='ocr_carea' id='block_1_9' title="bbox 144 1654 2137 1803">
    <p class='ocr_par' dir='ltr' id='par_1_9' title="bbox 144 1654 2137 1803">
     <span class='ocr_line' id='line_1_18' title="bbox 144 1654 2136 1769; baseline 0.003 -67"><span class='ocrx_word' id='word_1_150' title='bbox 144 1657 473 1769; x_wconf 79' lang='lat' dir='ltr'>Occultum</span> <span class='ocrx_word' id='word_1_151' title='bbox 503 1657 632 1718; x_wconf 83' lang='lat' dir='ltr'>jam,</span> <span class='ocrx_word' id='word_1_152' title='bbox 678 1656 727 1702; x_wconf 66' lang='grc' dir='ltr'>ἃ·</span> <span class='ocrx_word' id='word_1_153' title='bbox 773 1654 1032 1702; x_wconf 83' lang='lat' dir='ltr'>infidiosum</span> <span class='ocrx_word' id='word_1_154' title='bbox 1066 1656 1234 1703; x_wconf 84' lang='lat' dir='ltr'>malum</span> <span class='ocrx_word' id='word_1_155' title='bbox 1269 1657 1458 1721; x_wconf 87' lang='lat' dir='ltr'>perfidia</span> <span class='ocrx_word' id='word_1_156' title='bbox 1481 1693 1497 1717; x_wconf 81' lang='lat'>‚</span> <span class='ocrx_word' id='word_1_157' title='bbox 1537 1659 1714 1706; x_wconf 88' lang='lat' dir='ltr'>latebris</span> <span class='ocrx_word' id='word_1_158' title='bbox 1747 1659 1830 1706; x_wconf 79' lang='lat' dir='ltr'>suis</span> <span class='ocrx_word' id='word_1_159' title='bbox 1861 1656 2136 1720; x_wconf 78' lang='lat' dir='ltr'>extrahatur..</span> 
     </span>
     <span class='ocr_line' id='line_1_19' title="bbox 268 1733 2137 1803; baseline 0.003 -22"><span class='ocrx_word' id='word_1_160' title='bbox 268 1735 414 1798; x_wconf 85' lang='lat' dir='ltr'>Cujus</span> <span class='ocrx_word' id='word_1_161' title='bbox 449 1734 773 1781; x_wconf 77' lang='lat' dir='ltr'>efficacissimae</span> <span class='ocrx_word' id='word_1_162' title='bbox 805 1734 921 1781; x_wconf 87' lang='lat' dir='ltr'>vires</span> <span class='ocrx_word' id='word_1_163' title='bbox 965 1733 1066 1782; x_wconf 91' lang='lat' dir='ltr'>sunt</span> <span class='ocrx_word' id='word_1_164' title='bbox 1099 1736 1321 1795; x_wconf 76' lang='lat' dir='ltr'>mentiri,</span> <span class='ocrx_word' id='word_1_165' title='bbox 1364 1753 1415 1783; x_wconf 87' lang='lat' dir='ltr'>ac</span> <span class='ocrx_word' id='word_1_166' title='bbox 1456 1736 1641 1784; x_wconf 88' lang='lat' dir='ltr'>fallere:</span> <span class='ocrx_word' id='word_1_167' title='bbox 1690 1737 1861 1785; x_wconf 61' lang='lat' dir='ltr'>frucstus</span> <span class='ocrx_word' id='word_1_168' title='bbox 1901 1740 1946 1784; x_wconf 93' lang='lat' dir='ltr'>in</span> <span class='ocrx_word' id='word_1_169' title='bbox 1989 1740 2137 1803; x_wconf 86' lang='lat' dir='ltr'>aliquo</span> 
     </span>
    </p>
   </div>
   <div class='ocr_carea' id='block_1_10' title="bbox 142 1810 2201 1872">
    <p class='ocr_par' dir='ltr' id='par_1_10' title="bbox 142 1810 2201 1872">
     <span class='ocr_line' id='line_1_20' title="bbox 142 1810 2201 1872; baseline 0.002 -15"><span class='ocrx_word' id='word_1_170' title='bbox 142 1812 330 1860; x_wconf 89' lang='lat' dir='ltr'>admisso</span> <span class='ocrx_word' id='word_1_171' title='bbox 364 1811 525 1859; x_wconf 88' lang='lat' dir='ltr'>scelere</span> <span class='ocrx_word' id='word_1_172' title='bbox 559 1812 786 1860; x_wconf 85' lang='lat' dir='ltr'>consistit:</span> <span class='ocrx_word' id='word_1_173' title='bbox 835 1826 934 1859; x_wconf 90' lang='lat' dir='ltr'>tum</span> <span class='ocrx_word' id='word_1_174' title='bbox 971 1826 1149 1872; x_wconf 85' lang='lat' dir='ltr'>certus,</span> <span class='ocrx_word' id='word_1_175' title='bbox 1185 1829 1293 1860; x_wconf 88' lang='lat' dir='ltr'>cum</span> <span class='ocrx_word' id='word_1_176' title='bbox 1333 1821 1343 1840; x_wconf 92' lang='lat'>¹</span> <span class='ocrx_word' id='word_1_177' title='bbox 1386 1814 1702 1862; x_wconf 88' lang='lat' dir='ltr'>credulitatem</span> <span class='ocrx_word' id='word_1_178' title='bbox 1737 1816 1912 1864; x_wconf 81' lang='lat' dir='ltr'>nefariis</span> <span class='ocrx_word' id='word_1_179' title='bbox 1948 1819 2137 1865; x_wconf 86' lang='lat' dir='ltr'>vinculis</span> <span class='ocrx_word' id='word_1_180' title='bbox 2198 1810 2201 1812; x_wconf 38' lang='lat'>⁵</span> 
     </span>
    </p>
   </div>
   <div class='ocr_carea' id='block_1_11' title="bbox 141 1891 2137 2275">
    <p class='ocr_par' dir='ltr' id='par_1_11' title="bbox 141 1891 2137 2041">
     <span class='ocr_line' id='line_1_21' title="bbox 141 1891 2137 1959; baseline 0 -19"><span class='ocrx_word' id='word_1_181' title='bbox 141 1891 472 1940; x_wconf 88' lang='lat' dir='ltr'>circumdedit:</span> <span class='ocrx_word' id='word_1_182' title='bbox 508 1905 686 1940; x_wconf 87' lang='lat' dir='ltr'>tantum</span> <span class='ocrx_word' id='word_1_183' title='bbox 721 1893 1007 1939; x_wconf 87' lang='lat' dir='ltr'>incommodi</span> <span class='ocrx_word' id='word_1_184' title='bbox 1042 1893 1244 1940; x_wconf 86' lang='lat' dir='ltr'>humano</span> <span class='ocrx_word' id='word_1_185' title='bbox 1277 1896 1432 1958; x_wconf 84' lang='lat' dir='ltr'>generi</span> <span class='ocrx_word' id='word_1_186' title='bbox 1468 1893 1688 1954; x_wconf 81' lang='lat' dir='ltr'>afferens,</span> <span class='ocrx_word' id='word_1_187' title='bbox 1738 1909 1955 1959; x_wconf 82' lang='lat' dir='ltr'>quantum</span> <span class='ocrx_word' id='word_1_188' title='bbox 1992 1894 2137 1941; x_wconf 84' lang='lat' dir='ltr'>salutis</span> 
     </span>
     <span class='ocr_line' id='line_1_22' title="bbox 141 1971 2134 2041; baseline 0.001 -22"><span class='ocrx_word' id='word_1_189' title='bbox 141 1972 261 2019; x_wconf 90' lang='lat' dir='ltr'>bona</span> <span class='ocrx_word' id='word_1_190' title='bbox 308 1971 418 2018; x_wconf 89' lang='lat' dir='ltr'>fides</span> <span class='ocrx_word' id='word_1_191' title='bbox 462 1974 669 2036; x_wconf 87' lang='lat' dir='ltr'>praestat.</span> <span class='ocrx_word' id='word_1_192' title='bbox 738 1974 918 2022; x_wconf 86' lang='lat' dir='ltr'>Habeat</span> <span class='ocrx_word' id='word_1_193' title='bbox 961 1976 1106 2038; x_wconf 89' lang='lat' dir='ltr'>igitur</span> <span class='ocrx_word' id='word_1_194' title='bbox 1150 1992 1243 2021; x_wconf 89' lang='lat' dir='ltr'>non</span> <span class='ocrx_word' id='word_1_195' title='bbox 1277 1976 1426 2022; x_wconf 82' lang='lat' dir='ltr'>minus</span> <span class='ocrx_word' id='word_1_196' title='bbox 1460 1975 1850 2039; x_wconf 72' lang='lat' dir='ltr'>reprehensionis,</span> <span class='ocrx_word' id='word_1_197' title='bbox 1896 1993 2028 2041; x_wconf 88' lang='lat' dir='ltr'>quam</span> <span class='ocrx_word' id='word_1_198' title='bbox 2062 1975 2134 2021; x_wconf 82' lang='lat' dir='ltr'>illa,</span> 
     </span>
    </p>

    <p class='ocr_par' dir='ltr' id='par_1_12' title="bbox 141 2047 2132 2275">
     <span class='ocr_line' id='line_1_23' title="bbox 141 2047 619 2113; baseline 0.002 -18"><span class='ocrx_word' id='word_1_199' title='bbox 141 2047 282 2096; x_wconf 87' lang='lat' dir='ltr'>laudis</span> <span class='ocrx_word' id='word_1_200' title='bbox 316 2051 619 2113; x_wconf 87' lang='lat' dir='ltr'>consequitur.</span> 
     </span>
     <span class='ocr_line' id='line_1_24' title="bbox 204 2129 2130 2199; baseline 0.003 -23"><span class='ocrx_word' id='word_1_201' title='bbox 204 2129 417 2177; x_wconf 88' lang='lat' dir='ltr'>Romulo</span> <span class='ocrx_word' id='word_1_202' title='bbox 455 2142 674 2194; x_wconf 86' lang='lat' dir='ltr'>regnante</span> <span class='ocrx_word' id='word_1_203' title='bbox 711 2136 726 2157; x_wconf 82' lang='lat'><strong>²</strong></span> <span class='ocrx_word' id='word_1_204' title='bbox 767 2132 846 2196; x_wconf 84' lang='lat' dir='ltr'>Sp.</span> <span class='ocrx_word' id='word_1_205' title='bbox 882 2131 1106 2196; x_wconf 86' lang='lat' dir='ltr'>Tarpejus</span> <span class='ocrx_word' id='word_1_206' title='bbox 1138 2134 1230 2180; x_wconf 87' lang='lat' dir='ltr'>arci</span> <span class='ocrx_word' id='word_1_207' title='bbox 1262 2145 1475 2199; x_wconf 86' lang='lat' dir='ltr'>praeerat.</span> <span class='ocrx_word' id='word_1_208' title='bbox 1544 2133 1690 2196; x_wconf 84' lang='lat' dir='ltr'>Cujus</span> <span class='ocrx_word' id='word_1_209' title='bbox 1725 2133 1864 2181; x_wconf 84' lang='lat' dir='ltr'>filiam</span> <span class='ocrx_word' id='word_1_210' title='bbox 1908 2135 2130 2197; x_wconf 86' lang='lat' dir='ltr'>virginem</span> 
     </span>
     <span class='ocr_line' id='line_1_25' title="bbox 1973 2228 2132 2275; baseline 0.019 -18"><span class='ocrx_word' id='word_1_211' title='bbox 1973 2228 2132 2275; x_wconf 83' lang='lat' dir='ltr'>aquam</span> 
     </span>
    </p>
   </div>
   <div class='ocr_carea' id='block_1_12' title="bbox 138 2337 2130 3052">
    <p class='ocr_par' dir='ltr' id='par_1_13' title="bbox 138 2337 2130 3000">
     <span class='ocr_line' id='line_1_26' title="bbox 196 2337 2127 2389; baseline 0.002 -14"><span class='ocrx_word' id='word_1_212' title='bbox 196 2350 228 2375; x_wconf 91' lang='lat'>1.</span> <span class='ocrx_word' id='word_1_213' title='bbox 258 2337 517 2388; x_wconf 81' lang='lat' dir='ltr'>Crudelitatem]</span> <span class='ocrx_word' id='word_1_214' title='bbox 548 2338 650 2376; x_wconf 88' lang='lat' dir='ltr'>Nihil</span> <span class='ocrx_word' id='word_1_215' title='bbox 680 2337 817 2382; x_wconf 86' lang='lat' dir='ltr'>video,</span> <span class='ocrx_word' id='word_1_216' title='bbox 846 2337 936 2387; x_wconf 86' lang='lat' dir='ltr'>quid</span> <span class='ocrx_word' id='word_1_217' title='bbox 957 2337 1115 2376; x_wconf 75' lang='lat' dir='ltr'>Crudeli-</span> <span class='ocrx_word' id='word_1_218' title='bbox 1164 2338 1320 2377; x_wconf 84' lang='lat' dir='ltr'>Aeneid.</span> <span class='ocrx_word' id='word_1_219' title='bbox 1336 2341 1480 2389; x_wconf 74' lang='lat' dir='ltr'>Tarpeia</span> <span class='ocrx_word' id='word_1_220' title='bbox 1498 2337 1594 2388; x_wconf 71' lang='lat' dir='ltr'>sedes</span> <span class='ocrx_word' id='word_1_221' title='bbox 1614 2338 1704 2376; x_wconf 57' lang='lat' dir='ltr'>dieta</span> <span class='ocrx_word' id='word_1_222' title='bbox 1725 2342 1767 2387; x_wconf 78' lang='lat' dir='ltr'>est</span> <span class='ocrx_word' id='word_1_223' title='bbox 1787 2337 1809 2375; x_wconf 72' lang='grc' dir='ltr'>ἒι</span> <span class='ocrx_word' id='word_1_224' title='bbox 1824 2340 1966 2389; x_wconf 73' lang='lat' dir='ltr'>Tarpeia</span> <span class='ocrx_word' id='word_1_225' title='bbox 1986 2340 2127 2389; x_wconf 72' lang='lat' dir='ltr'>virgine.</span> 
     </span>
     <span class='ocr_line' id='line_1_27' title="bbox 140 2388 2130 2440; baseline 0.001 -14"><span class='ocrx_word' id='word_1_226' title='bbox 140 2389 314 2426; x_wconf 75' lang='lat' dir='ltr'>‘caticum</span> <span class='ocrx_word' id='word_1_227' title='bbox 334 2389 497 2438; x_wconf 78' lang='lat' dir='ltr'>perfidia.</span> <span class='ocrx_word' id='word_1_228' title='bbox 526 2389 611 2437; x_wconf 80' lang='lat' dir='ltr'>lego</span> <span class='ocrx_word' id='word_1_229' title='bbox 639 2391 764 2438; x_wconf 79' lang='lat' dir='ltr'>itaque</span> <span class='ocrx_word' id='word_1_230' title='bbox 787 2388 1003 2437; x_wconf 76' lang='lat' dir='ltr'>&#39;transposita</span> <span class='ocrx_word' id='word_1_231' title='bbox 1032 2390 1112 2426; x_wconf 83' lang='lat' dir='ltr'>lite-</span> <span class='ocrx_word' id='word_1_232' title='bbox 1164 2393 1247 2426; x_wconf 87' lang='lat' dir='ltr'>Cum</span> <span class='ocrx_word' id='word_1_233' title='bbox 1286 2393 1372 2426; x_wconf 80' lang='lat' dir='ltr'>enim</span> <span class='ocrx_word' id='word_1_234' title='bbox 1410 2392 1575 2440; x_wconf 80' lang='lat' dir='ltr'>Romulus</span> <span class='ocrx_word' id='word_1_235' title='bbox 1612 2400 1725 2427; x_wconf 78' lang='lat' dir='ltr'>contra</span> <span class='ocrx_word' id='word_1_236' title='bbox 1761 2389 1903 2426; x_wconf 80' lang='lat' dir='ltr'>Sabinos</span> <span class='ocrx_word' id='word_1_237' title='bbox 1938 2391 2023 2426; x_wconf 81' lang='lat' dir='ltr'>bella</span> <span class='ocrx_word' id='word_1_238' title='bbox 2058 2403 2130 2427; x_wconf 79' lang='lat' dir='ltr'>tra-</span> 
     </span>
     <span class='ocr_line' id='line_1_28' title="bbox 140 2438 2123 2490; baseline -0.001 -14"><span class='ocrx_word' id='word_1_239' title='bbox 140 2439 237 2476; x_wconf 81' lang='lat' dir='ltr'>rula:</span> <span class='ocrx_word' id='word_1_240' title='bbox 268 2440 519 2477; x_wconf 71' lang='lat' dir='ltr'>eredulitatem.</span> <span class='ocrx_word' id='word_1_241' title='bbox 543 2441 739 2479; x_wconf 85' lang='lat' dir='ltr'>COLER.</span> <span class='ocrx_word' id='word_1_242' title='bbox 773 2442 855 2476; x_wconf 87' lang='lat' dir='ltr'>Cum</span> <span class='ocrx_word' id='word_1_243' title='bbox 883 2438 1113 2476; x_wconf 79' lang='lat' dir='ltr'>credulitatem</span> <span class='ocrx_word' id='word_1_244' title='bbox 1163 2441 1268 2477; x_wconf 67' lang='lat' dir='ltr'>&lt;flaret</span> <span class='ocrx_word' id='word_1_245' title='bbox 1287 2449 1332 2477; x_wconf 64' lang='grc' dir='ltr'>ω’</span> <span class='ocrx_word' id='word_1_246' title='bbox 1353 2443 1495 2490; x_wconf 77' lang='lat' dir='ltr'>Tarpejo</span> <span class='ocrx_word' id='word_1_247' title='bbox 1522 2441 1652 2477; x_wconf 83' lang='lat' dir='ltr'>cuidam</span> <span class='ocrx_word' id='word_1_248' title='bbox 1673 2441 1807 2489; x_wconf 79' lang='lat' dir='ltr'>dedisset</span> <span class='ocrx_word' id='word_1_249' title='bbox 1826 2456 1928 2477; x_wconf 63' lang='lat' dir='ltr'>arcem</span> <span class='ocrx_word' id='word_1_250' title='bbox 1949 2439 2123 2483; x_wconf 83' lang='lat' dir='ltr'>tuendam,</span> 
     </span>
     <span class='ocr_line' id='line_1_29' title="bbox 139 2490 2126 2542; baseline 0.001 -17"><span class='ocrx_word' id='word_1_251' title='bbox 139 2492 280 2535; x_wconf 81' lang='lat' dir='ltr'>nefariis</span> <span class='ocrx_word' id='word_1_252' title='bbox 307 2492 451 2527; x_wconf 64' lang='lat' dir='ltr'>vinculis</span> <span class='ocrx_word' id='word_1_253' title='bbox 480 2491 701 2529; x_wconf 80' lang='lat' dir='ltr'>circumdedit.</span> <span class='ocrx_word' id='word_1_254' title='bbox 761 2490 878 2528; x_wconf 69' lang='lat' dir='ltr'>Re6³oe</span> <span class='ocrx_word' id='word_1_255' title='bbox 907 2490 1113 2540; x_wconf 82' lang='lat' dir='ltr'>rescripfiffe</span> <span class='ocrx_word' id='word_1_256' title='bbox 1153 2492 1235 2539; x_wconf 81' lang='lat' dir='ltr'>filia</span> <span class='ocrx_word' id='word_1_257' title='bbox 1262 2498 1331 2539; x_wconf 84' lang='lat' dir='ltr'>ejus</span> <span class='ocrx_word' id='word_1_258' title='bbox 1352 2495 1496 2541; x_wconf 79' lang='lat' dir='ltr'>Tarpeja</span> <span class='ocrx_word' id='word_1_259' title='bbox 1524 2504 1687 2542; x_wconf 80' lang='lat' dir='ltr'>aquatum</span> <span class='ocrx_word' id='word_1_260' title='bbox 1715 2493 1857 2540; x_wconf 70' lang='lat' dir='ltr'>profec&#39;ia</span> <span class='ocrx_word' id='word_1_261' title='bbox 1883 2495 1918 2526; x_wconf 82' lang='lat' dir='ltr'>in</span> <span class='ocrx_word' id='word_1_262' title='bbox 1946 2492 2044 2527; x_wconf 71' lang='lat' dir='ltr'>laolles</span> <span class='ocrx_word' id='word_1_263' title='bbox 2074 2495 2126 2527; x_wconf 72' lang='lat' dir='ltr'>in-</span> 
     </span>
     <span class='ocr_line' id='line_1_30' title="bbox 141 2541 2122 2592; baseline 0 -15"><span class='ocrx_word' id='word_1_264' title='bbox 141 2541 288 2578; x_wconf 82' lang='lat' dir='ltr'>videtur</span> <span class='ocrx_word' id='word_1_265' title='bbox 305 2542 460 2579; x_wconf 81' lang='lat' dir='ltr'>Colerus</span> <span class='ocrx_word' id='word_1_266' title='bbox 485 2543 740 2587; x_wconf 75' lang='lat' dir='ltr'>credulitatem3</span> <span class='ocrx_word' id='word_1_267' title='bbox 762 2542 849 2579; x_wconf 83' lang='lat' dir='ltr'>licet</span> <span class='ocrx_word' id='word_1_268' title='bbox 868 2542 1015 2579; x_wconf 83' lang='lat' dir='ltr'>codices</span> <span class='ocrx_word' id='word_1_269' title='bbox 1032 2550 1109 2581; x_wconf 83' lang='lat' dir='ltr'>tam</span> <span class='ocrx_word' id='word_1_270' title='bbox 1162 2542 1263 2579; x_wconf 75' lang='lat' dir='ltr'>cidit:</span> <span class='ocrx_word' id='word_1_271' title='bbox 1291 2557 1393 2592; x_wconf 80' lang='lat' dir='ltr'>quam</span> <span class='ocrx_word' id='word_1_272' title='bbox 1421 2557 1490 2580; x_wconf 88' lang='lat' dir='ltr'>cum</span> <span class='ocrx_word' id='word_1_273' title='bbox 1519 2543 1729 2580; x_wconf 78' lang='lat' dir='ltr'>hortaremur</span> <span class='ocrx_word' id='word_1_274' title='bbox 1754 2541 1799 2578; x_wconf 79' lang='lat' dir='ltr'>acl</span> <span class='ocrx_word' id='word_1_275' title='bbox 1821 2541 2034 2588; x_wconf 66' lang='lat' dir='ltr'>proditionem</span> <span class='ocrx_word' id='word_1_276' title='bbox 2064 2556 2122 2577; x_wconf 79' lang='lat' dir='ltr'>ar-</span> 
     </span>
     <span class='ocr_line' id='line_1_31' title="bbox 140 2592 2119 2644; baseline 0.001 -17"><span class='ocrx_word' id='word_1_277' title='bbox 140 2592 249 2628; x_wconf 85' lang='lat' dir='ltr'>MSS.</span> <span class='ocrx_word' id='word_1_278' title='bbox 284 2605 398 2641; x_wconf 85' lang='lat' dir='ltr'>quam</span> <span class='ocrx_word' id='word_1_279' title='bbox 427 2594 523 2642; x_wconf 82' lang='lat' dir='ltr'>typis</span> <span class='ocrx_word' id='word_1_280' title='bbox 551 2594 702 2643; x_wconf 83' lang='lat' dir='ltr'>expreffi</span> <span class='ocrx_word' id='word_1_281' title='bbox 735 2593 911 2631; x_wconf 87' lang='lat' dir='ltr'>haberent</span> <span class='ocrx_word' id='word_1_282' title='bbox 932 2592 1110 2630; x_wconf 82' lang='lat' dir='ltr'>crudelita-</span> <span class='ocrx_word' id='word_1_283' title='bbox 1160 2595 1206 2630; x_wconf 77' lang='lat' dir='ltr'>cis</span> <span class='ocrx_word' id='word_1_284' title='bbox 1225 2622 1236 2638; x_wconf 93' lang='lat'><strong>,</strong></span> <span class='ocrx_word' id='word_1_285' title='bbox 1275 2596 1341 2630; x_wconf 81' lang='lat' dir='ltr'>illa</span> <span class='ocrx_word' id='word_1_286' title='bbox 1368 2606 1428 2644; x_wconf 85' lang='lat' dir='ltr'>pro</span> <span class='ocrx_word' id='word_1_287' title='bbox 1449 2597 1594 2643; x_wconf 82' lang='lat' dir='ltr'>praemio</span> <span class='ocrx_word' id='word_1_288' title='bbox 1619 2595 1760 2643; x_wconf 75' lang='lat' dir='ltr'>poposcit</span> <span class='ocrx_word' id='word_1_289' title='bbox 1787 2602 1935 2627; x_wconf 80' lang='lat' dir='ltr'>ornatum</span> <span class='ocrx_word' id='word_1_290' title='bbox 1965 2604 2119 2628; x_wconf 82' lang='lat' dir='ltr'>manuum</span> 
     </span>
     <span class='ocr_line' id='line_1_32' title="bbox 139 2643 2122 2694; baseline 0 -16"><span class='ocrx_word' id='word_1_291' title='bbox 139 2643 332 2690; x_wconf 78' lang='lat' dir='ltr'>tem.Quid</span> <span class='ocrx_word' id='word_1_292' title='bbox 353 2644 453 2680; x_wconf 84' lang='lat' dir='ltr'>enim</span> <span class='ocrx_word' id='word_1_293' title='bbox 475 2644 665 2682; x_wconf 82' lang='lat' dir='ltr'>crudelitati</span> <span class='ocrx_word' id='word_1_294' title='bbox 687 2656 773 2682; x_wconf 86' lang='lat' dir='ltr'>cum</span> <span class='ocrx_word' id='word_1_295' title='bbox 791 2644 1110 2694; x_wconf 75' lang='lat' dir='ltr'>perfidia;11thaec</span> <span class='ocrx_word' id='word_1_296' title='bbox 1152 2645 1366 2692; x_wconf 76' lang='lat' dir='ltr'>sinistrarum</span> <span class='ocrx_word' id='word_1_297' title='bbox 1380 2674 1390 2689; x_wconf 97' lang='lat'>‚</span> <span class='ocrx_word' id='word_1_298' title='bbox 1416 2644 1452 2681; x_wconf 80' lang='lat' dir='ltr'>id</span> <span class='ocrx_word' id='word_1_299' title='bbox 1469 2649 1536 2692; x_wconf 81' lang='lat' dir='ltr'>est,</span> <span class='ocrx_word' id='word_1_300' title='bbox 1562 2647 1729 2681; x_wconf 82' lang='lat' dir='ltr'>armillas.</span> <span class='ocrx_word' id='word_1_301' title='bbox 1782 2643 1879 2678; x_wconf 56' lang='lat' dir='ltr'>facia</span> <span class='ocrx_word' id='word_1_302' title='bbox 1906 2652 2019 2688; x_wconf 77' lang='lat' dir='ltr'>itaque</span> <span class='ocrx_word' id='word_1_303' title='bbox 2036 2645 2122 2678; x_wconf 82' lang='lat' dir='ltr'>arcis</span> 
     </span>
     <span class='ocr_line' id='line_1_33' title="bbox 140 2691 2120 2747; baseline -0.002 -18"><span class='ocrx_word' id='word_1_304' title='bbox 140 2692 241 2730; x_wconf 86' lang='lat' dir='ltr'>illam</span> <span class='ocrx_word' id='word_1_305' title='bbox 276 2693 429 2731; x_wconf 88' lang='lat' dir='ltr'>vinculis</span> <span class='ocrx_word' id='word_1_306' title='bbox 457 2696 688 2733; x_wconf 85' lang='lat' dir='ltr'>circumdare</span> <span class='ocrx_word' id='word_1_307' title='bbox 720 2694 886 2732; x_wconf 84' lang='lat' dir='ltr'>dicatur?</span> <span class='ocrx_word' id='word_1_308' title='bbox 914 2695 1109 2734; x_wconf 91' lang='lat' dir='ltr'>VORST.</span> <span class='ocrx_word' id='word_1_309' title='bbox 1155 2695 1344 2745; x_wconf 83' lang='lat' dir='ltr'>proditione</span> <span class='ocrx_word' id='word_1_310' title='bbox 1370 2697 1473 2744; x_wconf 74' lang='lat' dir='ltr'>hostes</span> <span class='ocrx_word' id='word_1_311' title='bbox 1504 2698 1670 2747; x_wconf 73' lang='lat' dir='ltr'>ingeniosa</span> <span class='ocrx_word' id='word_1_312' title='bbox 1697 2704 1796 2730; x_wconf 87' lang='lat' dir='ltr'>morte</span> <span class='ocrx_word' id='word_1_313' title='bbox 1827 2691 1977 2739; x_wconf 75' lang='lat' dir='ltr'>promiffii</span> <span class='ocrx_word' id='word_1_314' title='bbox 2004 2695 2120 2738; x_wconf 64' lang='lat' dir='ltr'>solve-</span> 
     </span>
     <span class='ocr_line' id='line_1_34' title="bbox 141 2743 2119 2795; baseline 0.001 -14"><span class='ocrx_word' id='word_1_315' title='bbox 141 2744 267 2781; x_wconf 81' lang='lat' dir='ltr'>Etiam</span> <span class='ocrx_word' id='word_1_316' title='bbox 292 2743 490 2782; x_wconf 86' lang='lat' dir='ltr'>Perizonio</span> <span class='ocrx_word' id='word_1_317' title='bbox 515 2746 743 2782; x_wconf 69' lang='lat' dir='ltr'>credulitatem</span> <span class='ocrx_word' id='word_1_318' title='bbox 779 2744 979 2793; x_wconf 86' lang='lat' dir='ltr'>legendum</span> <span class='ocrx_word' id='word_1_319' title='bbox 1006 2747 1109 2784; x_wconf 86' lang='lat' dir='ltr'>vide-</span> <span class='ocrx_word' id='word_1_320' title='bbox 1160 2758 1250 2784; x_wconf 86' lang='lat' dir='ltr'>runt.</span> <span class='ocrx_word' id='word_1_321' title='bbox 1302 2751 1394 2783; x_wconf 87' lang='lat' dir='ltr'>Nam</span> <span class='ocrx_word' id='word_1_322' title='bbox 1418 2750 1539 2795; x_wconf 74' lang='lat' dir='ltr'>stuta,</span> <span class='ocrx_word' id='word_1_323' title='bbox 1575 2746 1611 2782; x_wconf 86' lang='lat' dir='ltr'>id</span> <span class='ocrx_word' id='word_1_324' title='bbox 1638 2748 1705 2791; x_wconf 84' lang='lat' dir='ltr'>est,</span> <span class='ocrx_word' id='word_1_325' title='bbox 1727 2745 1935 2789; x_wconf 75' lang='lat' dir='ltr'>sinistrarum</span> <span class='ocrx_word' id='word_1_326' title='bbox 1962 2757 2119 2779; x_wconf 78' lang='lat' dir='ltr'>manuum</span> 
     </span>
     <span class='ocr_line' id='line_1_35' title="bbox 139 2794 2120 2847; baseline -0.002 -15"><span class='ocrx_word' id='word_1_327' title='bbox 139 2794 255 2833; x_wconf 84' lang='lat' dir='ltr'>batur.</span> <span class='ocrx_word' id='word_1_328' title='bbox 281 2795 340 2831; x_wconf 82' lang='lat' dir='ltr'>De</span> <span class='ocrx_word' id='word_1_329' title='bbox 364 2795 469 2831; x_wconf 90' lang='lat' dir='ltr'>MSS.</span> <span class='ocrx_word' id='word_1_330' title='bbox 498 2797 587 2833; x_wconf 72' lang='lat' dir='ltr'>nihil</span> <span class='ocrx_word' id='word_1_331' title='bbox 616 2796 796 2839; x_wconf 85' lang='lat' dir='ltr'>adfirmo,</span> <span class='ocrx_word' id='word_1_332' title='bbox 824 2808 910 2833; x_wconf 76' lang='lat' dir='ltr'>nam</span> <span class='ocrx_word' id='word_1_333' title='bbox 934 2796 1108 2836; x_wconf 77' lang='lat' dir='ltr'>omissum</span> <span class='ocrx_word' id='word_1_334' title='bbox 1160 2808 1312 2834; x_wconf 76' lang='lat' dir='ltr'>ornatum</span> <span class='ocrx_word' id='word_1_335' title='bbox 1336 2801 1438 2847; x_wconf 84' lang='lat' dir='ltr'>super</span> <span class='ocrx_word' id='word_1_336' title='bbox 1464 2800 1560 2834; x_wconf 79' lang='lat' dir='ltr'>illam</span> <span class='ocrx_word' id='word_1_337' title='bbox 1583 2802 1762 2843; x_wconf 23' lang='lat' dir='ltr'>,iacienteffi</span> <span class='ocrx_word' id='word_1_338' title='bbox 1800 2807 1870 2827; x_wconf 77' lang='lat' dir='ltr'>eam</span> <span class='ocrx_word' id='word_1_339' title='bbox 1897 2794 1971 2828; x_wconf 64' lang='lat' dir='ltr'>‘vita</span> <span class='ocrx_word' id='word_1_340' title='bbox 1999 2797 2120 2840; x_wconf 60' lang='lat' dir='ltr'>priva-</span> 
     </span>
     <span class='ocr_line' id='line_1_36' title="bbox 142 2844 2118 2898; baseline -0.002 -15"><span class='ocrx_word' id='word_1_341' title='bbox 142 2846 191 2883; x_wconf 83' lang='lat' dir='ltr'>est</span> <span class='ocrx_word' id='word_1_342' title='bbox 218 2847 338 2883; x_wconf 82' lang='lat' dir='ltr'>notari</span> <span class='ocrx_word' id='word_1_343' title='bbox 371 2845 417 2882; x_wconf 85' lang='lat' dir='ltr'>de</span> <span class='ocrx_word' id='word_1_344' title='bbox 438 2846 639 2885; x_wconf 83' lang='lat' dir='ltr'>Gudianis:</span> <span class='ocrx_word' id='word_1_345' title='bbox 676 2859 720 2884; x_wconf 86' lang='lat' dir='ltr'>ex</span> <span class='ocrx_word' id='word_1_346' title='bbox 752 2846 878 2884; x_wconf 83' lang='lat' dir='ltr'>nostris</span> <span class='ocrx_word' id='word_1_347' title='bbox 908 2848 1013 2885; x_wconf 80' lang='lat' dir='ltr'>multi</span> <span class='ocrx_word' id='word_1_348' title='bbox 1045 2849 1108 2885; x_wconf 74' lang='lat' dir='ltr'>sal·</span> <span class='ocrx_word' id='word_1_349' title='bbox 1160 2861 1258 2885; x_wconf 50' lang='lat' dir='ltr'>ruzzia·</span> <span class='ocrx_word' id='word_1_350' title='bbox 1286 2863 1370 2898; x_wconf 81' lang='lat' dir='ltr'>quae</span> <span class='ocrx_word' id='word_1_351' title='bbox 1397 2850 1466 2884; x_wconf 83' lang='lat' dir='ltr'>illic</span> <span class='ocrx_word' id='word_1_352' title='bbox 1480 2849 1613 2897; x_wconf 85' lang='lat' dir='ltr'>sepulta</span> <span class='ocrx_word' id='word_1_353' title='bbox 1631 2848 1790 2893; x_wconf 70' lang='lat' dir='ltr'>Tarpejae</span> <span class='ocrx_word' id='word_1_354' title='bbox 1808 2844 1884 2892; x_wconf 84' lang='lat' dir='ltr'>sedi</span> <span class='ocrx_word' id='word_1_355' title='bbox 1912 2858 2028 2879; x_wconf 83' lang='lat' dir='ltr'>nomen</span> <span class='ocrx_word' id='word_1_356' title='bbox 2055 2847 2118 2880; x_wconf 85' lang='lat' dir='ltr'>im-</span> 
     </span>
     <span class='ocr_line' id='line_1_37' title="bbox 139 2896 1448 2949; baseline 0.002 -15"><span class='ocrx_word' id='word_1_357' title='bbox 139 2904 218 2934; x_wconf 87' lang='lat' dir='ltr'>tem</span> <span class='ocrx_word' id='word_1_358' title='bbox 243 2897 471 2933; x_wconf 81' lang='lat' dir='ltr'>crudelitatem</span> <span class='ocrx_word' id='word_1_359' title='bbox 506 2899 667 2935; x_wconf 85' lang='lat' dir='ltr'>retinent</span> <span class='ocrx_word' id='word_1_360' title='bbox 690 2926 704 2942; x_wconf 90' lang='lat'><em>,</em></span> <span class='ocrx_word' id='word_1_361' title='bbox 748 2896 808 2934; x_wconf 92' lang='lat' dir='ltr'>sed</span> <span class='ocrx_word' id='word_1_362' title='bbox 837 2898 966 2946; x_wconf 86' lang='lat' dir='ltr'>procul</span> <span class='ocrx_word' id='word_1_363' title='bbox 994 2899 1107 2937; x_wconf 85' lang='lat' dir='ltr'>dubio</span> <span class='ocrx_word' id='word_1_364' title='bbox 1154 2901 1277 2949; x_wconf 83' lang='lat' dir='ltr'>posuit.</span> <span class='ocrx_word' id='word_1_365' title='bbox 1309 2900 1448 2937; x_wconf 87' lang='lat' dir='ltr'>PIGH.</span> 
     </span>
     <span class='ocr_line' id='line_1_38' title="bbox 138 2943 2115 3000; baseline 0.001 -15"><span class='ocrx_word' id='word_1_366' title='bbox 138 2948 248 2985; x_wconf 84' lang='lat' dir='ltr'>male.</span> <span class='ocrx_word' id='word_1_367' title='bbox 1211 2963 1241 3000; x_wconf 83' lang='lat'>3.</span> <span class='ocrx_word' id='word_1_368' title='bbox 1270 2950 1413 2987; x_wconf 86' lang='lat' dir='ltr'>Perinde</span> <span class='ocrx_word' id='word_1_369' title='bbox 1440 2949 1532 3000; x_wconf 81' lang='lat' dir='ltr'>quafi</span> <span class='ocrx_word' id='word_1_370' title='bbox 1553 2944 1738 2997; x_wconf 68' lang='lat' dir='ltr'>promrfficm</span> <span class='ocrx_word' id='word_1_371' title='bbox 1757 2971 1768 2987; x_wconf 62' lang='lat' dir='ltr'>a</span> <span class='ocrx_word' id='word_1_372' title='bbox 1804 2943 1890 2993; x_wconf 74' lang='lat' dir='ltr'><em>‘Ju0d</em></span> <span class='ocrx_word' id='word_1_373' title='bbox 1920 2959 1956 2979; x_wconf 68' lang='lat' dir='ltr'>‘a</span> <span class='ocrx_word' id='word_1_374' title='bbox 1989 2959 2115 2993; x_wconf 71' lang='lat' dir='ltr'>‘IuO‘Jue</span> 
     </span>
    </p>

    <p class='ocr_par' dir='ltr' id='par_1_14' title="bbox 188 2995 2113 3052">
     <span class='ocr_line' id='line_1_39' title="bbox 188 2995 2113 3052; baseline -0.004 -16"><span class='ocrx_word' id='word_1_375' title='bbox 188 3011 223 3037; x_wconf 91' lang='lat'>2.</span> <span class='ocrx_word' id='word_1_376' title='bbox 249 3005 306 3048; x_wconf 88' lang='lat' dir='ltr'>Sp.</span> <span class='ocrx_word' id='word_1_377' title='bbox 335 2999 511 3049; x_wconf 83' lang='lat' dir='ltr'>Tarpejus]</span> <span class='ocrx_word' id='word_1_378' title='bbox 552 2999 750 3048; x_wconf 82' lang='lat' dir='ltr'>Legendus</span> <span class='ocrx_word' id='word_1_379' title='bbox 775 2998 926 3044; x_wconf 82' lang='lat' dir='ltr'>LiviuS‚</span> <span class='ocrx_word' id='word_1_380' title='bbox 954 3000 1103 3049; x_wconf 89' lang='lat' dir='ltr'>Diony·</span> <span class='ocrx_word' id='word_1_381' title='bbox 1157 3002 1266 3038; x_wconf 73' lang='lat' dir='ltr'>lae-vis</span> <span class='ocrx_word' id='word_1_382' title='bbox 1279 3006 1516 3052; x_wconf 66' lang='lat' dir='ltr'>gestaverant,</span> <span class='ocrx_word' id='word_1_383' title='bbox 1536 2996 1687 3047; x_wconf 66' lang='lat' dir='ltr'>solvens]</span> <span class='ocrx_word' id='word_1_384' title='bbox 1720 2995 1761 3031; x_wconf 88' lang='lat' dir='ltr'>In</span> <span class='ocrx_word' id='word_1_385' title='bbox 1782 3007 1858 3031; x_wconf 88' lang='lat' dir='ltr'>uno</span> <span class='ocrx_word' id='word_1_386' title='bbox 1880 2995 1959 3031; x_wconf 81' lang='lat' dir='ltr'>cod,</span> <span class='ocrx_word' id='word_1_387' title='bbox 1983 2995 2113 3032; x_wconf 75' lang='lat' dir='ltr'>ssmnd.</span> 
     </span>
    </p>
   </div>
   <div class='ocr_carea' id='block_1_13' title="bbox 137 3045 2114 3136">
    <p class='ocr_par' dir='ltr' id='par_1_15' title="bbox 137 3045 2114 3136">
     <span class='ocr_line' id='line_1_40' title="bbox 137 3045 2114 3136; baseline -0.003 -48"><span class='ocrx_word' id='word_1_388' title='bbox 137 3048 207 3089; x_wconf 79' lang='lat' dir='ltr'>fius</span> <span class='ocrx_word' id='word_1_389' title='bbox 226 3079 236 3096; x_wconf 82' lang='grc'><strong>,</strong></span> <span class='ocrx_word' id='word_1_390' title='bbox 282 3050 506 3090; x_wconf 84' lang='lat' dir='ltr'>Plutarchus.</span> <span class='ocrx_word' id='word_1_391' title='bbox 564 3051 710 3090; x_wconf 86' lang='lat' dir='ltr'>Servius</span> <span class='ocrx_word' id='word_1_392' title='bbox 739 3050 905 3088; x_wconf 82' lang='lat' dir='ltr'>Danielis</span> <span class='ocrx_word' id='word_1_393' title='bbox 944 3050 989 3090; x_wconf 89' lang='lat' dir='ltr'>ad</span> <span class='ocrx_word' id='word_1_394' title='bbox 1018 3064 1103 3092; x_wconf 82' lang='lat' dir='ltr'>vm.</span> <span class='ocrx_word' id='word_1_395' title='bbox 1158 3052 1207 3091; x_wconf 93' lang='lat' dir='ltr'>est</span> <span class='ocrx_word' id='word_1_396' title='bbox 1228 3052 1368 3103; x_wconf 79' lang='lat' dir='ltr'>proinde</span> <span class='ocrx_word' id='word_1_397' title='bbox 1397 3051 1513 3102; x_wconf 76' lang='lat' dir='ltr'>quast:</span> <span class='ocrx_word' id='word_1_398' title='bbox 1542 3046 1738 3136; x_wconf 44' lang='lat' dir='ltr'>qltepffinlsslo</span> <span class='ocrx_word' id='word_1_399' title='bbox 1740 3057 1828 3134; x_wconf 65' lang='lat' dir='ltr'>muin</span> <span class='ocrx_word' id='word_1_400' title='bbox 1827 3047 1975 3094; x_wconf 85' lang='lat' dir='ltr'>Nepote</span> <span class='ocrx_word' id='word_1_401' title='bbox 1995 3047 2032 3083; x_wconf 72' lang='grc' dir='ltr'>δε</span> <span class='ocrx_word' id='word_1_402' title='bbox 2050 3045 2114 3133; x_wconf 56' lang='lat' dir='ltr'>alb-i</span> 
     </span>
    </p>
   </div>
   <div class='ocr_carea' id='block_1_14' title="bbox 2227 446 2261 481">
    <p class='ocr_par' dir='ltr' id='par_1_16' title="bbox 2227 446 2261 481">
     <span class='ocr_line' id='line_1_41' title="bbox 2227 446 2261 481; baseline 0 -10"><span class='ocrx_word' id='word_1_403' title='bbox 2227 446 2261 481; x_wconf 87' lang='lat'>4.</span> 
     </span>
    </p>
   </div>
  </div>
 </body>
</html>
