2516 3509
278 88 287 103 ”
337 86 445 138 888-

333 185 501 222 nenfi'ous
526 180 681 221 firm-affe
712 180 870 220 videtur.
924 180 1060 218 Prioris
1085 178 1230 217 mentio
1260 178 1309 216 est

336 236 431 282 apud
456 235 607 272 Livium
630 234 712 271 Lib.
735 246 797 270 111.
827 232 872 270 de
894 231 1058 269 secundo
1078 230 1174 268 bello
1195 230 1309 267 Puni-

335 297 404 329 co,
424 286 469 322 'in
495 287 665 324 oratione
688 284 900 328 Hannonis.
955 283 1109 331 Collega
1133 283 1210 330 ejus
1238 281 1308 317 fuit

334 337 626 374 A.Posthumius
647 336 815 374 Albinus.
838 336 960 384 Quinti
974 343 1099 372 autem
1123 332 1219 380 apud
1242 332 1307 368 Li-

334 388 436 424 vium
471 389 616 426 mentio
646 388 693 425 est
713 388 795 424 Lib.
821 398 853 423 x.
883 386 1047 435 ejusdem
1074 384 1157 422 belli
1179 383 1306 420 Punici

331 438 505 484 secundi,
540 452 616 478 non
644 440 695 477 ita
722 439 835 486 longe
864 450 884 475 a
914 437 1008 474 fine:
1047 437 1123 485 ejus
1152 434 1306 481 Collega

338 491 407 527 fuit
428 491 474 528 A.
505 491 666 528 Manlius
686 491 843 528 Atticus.
896 489 1046 525 Horum
1069 489 1193 535 itaque
1214 484 1305 522 duo-

338 553 420 578 rum
445 543 610 580 virorum
632 541 875 590 praenomina
896 540 990 576 mire
1014 538 1165 575 confusa
1182 536 1303 584 legun-

323 601 418 642 -tur,
446 605 488 630 ac
511 602 683 641 corrupte
705 593 817 629 etiam
846 591 883 627 in
908 589 1086 638 plerisque
1109 588 1305 625 auetorum

335 643 523 682 codicibus
536 673 543 687 ‚
559 654 598 681 ut
618 643 724 692 ipfius
738 644 821 679 Liv.
838 652 880 678 ac
892 641 1021 689 Polyb.
1035 639 1306 677 GLAREAN.

386 698 423 732 C.
451 698 623 732 Cornelius
653 693 851 743 Hispallus]
891 693 999 729 Haec
1027 691 1105 728 affin
1135 690 1309 727 videntur

335 757 435 782 anno
461 747 505 783 ab
532 748 580 782 U.
609 745 651 783 C.
677 746 762 793 615.
789 756 866 794 quo
896 741 995 780 Coff.
1019 743 1122 779 fuere
1155 741 1308 778 Mspo-

334 797 441 844 pilius
473 798 619 837 Lenas.
659 798 695 834 ὃς
725 797 794 833 Cn.
834 794 1078 842 Calpliurnius
1107 792 1202 829 Piso.
1239 803 1308 840 pro

333 848 479 896 Popilio
498 877 507 890 ‚
535 849 595 885 hie
617 847 829 896 Pompilio:
860 848 897 884 &
919 857 986 893 pro
1008 845 1077 881 Cn.
1105 844 1166 880 hic
1190 843 1233 879 L.
1255 843 1310 880 le-

336 899 452 947 gitur,
480 899 578 937 haud
605 899 704 940 scio,
733 908 855 935 utrum
880 897 1025 934 rectius.
1079 894 1306 942 Exemplum

336 956 420 987 iane
450 950 513 998 ipsi
539 950 653 987 Badio
687 950 804 987 visum
837 949 884 985 est
916 958 1047 996 parum
1076 946 1121 983 ad
1154 946 1309 992 auspicia

336 1002 482 1045 facere,
516 1011 626 1050 atque
646 1002 738 1037 haec
758 1010 910 1048 quoque
941 997 1111 1045 exempla
1141 997 1241 1034 mista
1268 1009 1311 1034 ac

335 1052 566 1090 suffarcinato.
599 1050 680 1089 esse.
736 1050 858 1099 Quale
883 1051 931 1086 est
950 1049 995 1085 de
1015 1049 1168 1085 Sabazio
1189 1049 1310 1094 Jove,

337 1106 439 1152 cujus
460 1104 603 1140 mentio
626 1101 776 1151 quidem
801 1101 848 1138 est
872 1099 969 1148 apud
984 1099 1206 1136 Strabonem
1227 1099 1310 1137 Lib.

337 1167 384 1190 11.
415 1155 675 1202 Geogrnphiae
703 1152 909 1190 admodum
941 1150 1092 1188 obscura
1110 1178 1119 1193 ‚
1158 1150 1203 1186 de
1232 1163 1309 1199 quo

335 1205 424 1255 quid
446 1206 544 1242 aliud
566 1205 685 1242 dicam
700 1233 709 1246 ,
743 1215 821 1240 non
838 1202 974 1239 habeo.
999 1202 1273 1238 GLAREAN.

383 1268 417 1304 p.
445 1270 501 1302 42.
539 1260 575 1294 J..
608 1255 793 1295 ,Aemtlms
825 1251 982 1301 Paullus]
1031 1253 1122 1289 Duo
1153 1251 1308 1300 lnfignes

333 1307 407 1344 lioc
427 1307 583 1344 nomine
607 1306 772 1344 Romani
793 1305 918 1342 fuere:
947 1304 1036 1340 alter
1060 1305 1124 1350 qui
1144 1304 1307 1341 secundo

335 1358 432 1395 bello
465 1358 608 1395 Punico
635 1357 732 1406 apud
763 1357 931 1398 Cannas,
963 1355 1120 1403 Apuliae
1152 1355 1305 1398 vicum,

338 1409 422 1446 Cos.
450 1409 579 1458 periit,
604 1409 646 1445 ab
668 1407 875 1446 Hannibale
903 1407 1045 1443 caesus:
1080 1405 1169 1442 alter
1198 1406 1304 1453 hujus

329 1460 474 1508 proles,
505 1461 567 1510 qui
599 1461 724 1497 Persea
753 1457 1010 1496 Macedonum
1045 1455 1217 1494 ultimum
1248 1469 1304 1494 re-

329 1523 416 1560 gem
447 1513 484 1548 δε
509 1513 596 1548 vicit
629 1512 667 1547 ὅ(
702 1510 810 1558 cepit.
864 1509 1034 1545 Valerius
1063 1507 1108 1544 de
1139 1516 1221 1545 utro
1250 1508 1303 1546 lo-

332 1571 485 1611 quatur,
514 1575 560 1599 ne
589 1574 665 1598 uno
695 1561 847 1610 quidem
879 1559 994 1598 verbo
1024 1559 1145 1595 innuit
1164 1587 1174 1602 ,
1201 1559 1304 1608 quod

332 1622 461 1650 tamen
488 1614 664 1661 oportuit.
684 1613 796 1649 Multi
818 1612 862 1649 de
882 1610 1083 1660 posteriore
1105 1609 1306 1659 intelligere

335 1664 488 1702 malunt.
518 1665 790 1702 GLAREAN.

388 1728 422 1763 p.
449 1727 507 1760 44.
540 1717 576 1752 P.
604 1713 784 1763 Claudius]
822 1714 913 1750 Non
945 1716 985 1750 P.
1008 1711 1068 1748 sed
1091 1714 1176 1757 Uip.
1202 1711 1308 1747 Clau-

334 1765 409 1802 dius
431 1766 571 1802 Pulcher
598 1766 658 1802 hic
685 1774 840 1802 vocatus
870 1764 929 1801 est.
952 1767 1040 1811 sip.
1067 1761 1205 1797 Claudn'
1226 1763 1310 1796 Cae-

339 1819 368 1853 ci
394 1828 514 1866 nepos,
553 1823 592 1853 ut
622 1815 758 1853 Plinius
785 1816 834 1852 ait
860 1814 943 1851 Lib.
965 1826 1023 1850 xv.
1061 1824 1140 1860 cap.
1171 1825 1201 1849 1.
1225 1811 1311 1848 Cos.

340 1868 411 1906 fuit
437 1879 522 1905 cum
553 1871 592 1904 L.
620 1867 728 1912 Junio
752 1867 875 1910 Pullo,
901 1864 946 1900 de
967 1875 1043 1913 quo
1067 1875 1181 1906 mox,
1210 1874 1309 1899 anno

345 1919 389 1956 ab
411 1920 462 1956 U.
492 1919 536 1957 C.
566 1931 649 1967 504.
685 1917 856 1955 meminit
885 1917 961 1964 ejus
990 1914 1118 1951 Florus
1146 1913 1183 1949 in
1212 1914 1312 1950 Livii

346 1969 514 2018 epitome
545 1969 625 2006 Lib.
650 1981 734 2005 xix.
768 1968 820 2004 bis
841 1967 951 2014 igitur
980 1966 1040 2003 hic
1063 1973 1222 2002 erratum
1253 1964 1312 2000 est.

347 2022 408 2058 De
431 2024 467 2057 L.
490 2021 599 2066 Junio
626 2020 715 2057 nihil
740 2019 890 2062 Florus,
922 2016 981 2054 sed
1012 2015 1142 2063 Polyb.
1172 2015 1254 2051 Lib.
1283 2028 1313 2052 1.

347 2071 410 2109 ubi
439 2072 476 2108 &
497 2072 543 2109 de
563 2074 692 2120 Appio
716 2069 828 2118 paulo
853 2076 959 2112 ante,
987 2065 1186 2116 quomodo
1216 2073 1315 2102 uter-

349 2134 423 2171 que
447 2134 531 2159 cum
556 2122 662 2170 Reip.
692 2123 888 2158 Romanae
918 2119 1056 2155 damno
1089 2117 1181 2154 mari
1209 2116 1314 2153 bella-

346 2174 430 2211 rint.
454 2174 506 2210 At
529 2173 573 2210 de
594 2174 722 2221 poenis
743 2183 874 2208 eorum
896 2170 994 2206 nihil.
1022 2169 1294 2206 GLAREAN.

399 2236 433 2272 p.
460 2237 517 2273 45.
547 2227 582 2259 L.
607 2221 792 2271 Metellus]
824 2224 860 2258 L.
890 2222 1053 2256 Caecilius
1073 2221 1239 2255 Metellus
1264 2219 1315 2255 bis

355 2275 439 2312 Cos.
470 2275 592 2323 primo
615 2274 711 2311 bello
731 2274 873 2310 Punico
894 2284 991 2309 anno
1009 2284 1064 2317 14.
1089 2271 1199 2307 &18
1225 2270 1315 2317 ejus-

353 2327 440 2363 dem
462 2325 565 2368 belli,
590 2325 634 2363 de
652 2338 729 2373 quo
753 2323 916 2360 miranda
934 2323 1092 2365 Plinius,
1121 2323 1163 2368 Q.
1191 2322 1319 2357 Metel-

354 2380 387 2413 lo
410 2376 486 2414 filio
507 2378 584 2425 ejus
603 2387 787 2425 praecone
808 2375 889 2410 Lib.
912 2387 981 2411 vn.
1011 2385 1088 2420 cap.
1116 2384 1175 2421 43.
1203 2372 1260 2409 ssis
1282 2373 1318 2408 ἃ

355 2428 490 2464 Cicero
511 2428 557 2464 de
579 2439 625 2465 eo
645 2428 681 2463 in
704 2427 850 2463 Catone
871 2426 1025 2472 majore.
1059 2423 1242 2470 templum
1266 2435 1321 2459 at-

355 2478 396 2516 fit
425 2480 600 2527 proximo
629 2478 707 2525 post
735 2476 917 2513 Punicum
950 2475 1111 2522 primum
1146 2474 1281 2510 bellum
1308 2502 1317 2516 ‚

356 2542 455 2567 anno
470 2558 480 2574 ,
508 2538 548 2567 ut
568 2529 680 2566 refert
698 2528 825 2565 Florus
847 2525 927 2562 Lib.
949 2537 1025 2561 xxx.
1049 2525 1318 2560 GLAREAN.

406 2593 439 2628 p.
462 2581 520 2626 46.
549 2580 777 2619 Arclaitet‘lus
808 2575 1033 2624 Democrates]
1076 2574 1319 2611 Alexandriae

357 2631 564 2679 designator
593 2630 690 2680 apud
714 2628 873 2666 Plinium
903 2627 955 2663 bis
992 2627 1207 2662 nominatur
1243 2638 1319 2662 non

356 2686 596 2726 Demarates,
620 2690 659 2719 ut
680 2681 792 2729 vulgo
811 2678 951 2715 Valerii
977 2677 1114 2713 habent
1140 2676 1321 2724 exempla—

356 2736 430 2776 ria,
457 2733 515 2769 sed
539 2735 744 2769 Dinotrafes.
773 2730 869 2767 Vide
887 2728 1047 2766 Plinium
1072 2726 1152 2764 Lib.
1182 2739 1213 2762 v.
1244 2739 1322 2774 cap.

363 2796 419 2820 10.
462 2785 498 2820 8:
538 2784 608 2819 Lib
646 2796 714 2819 vir.
757 2793 832 2829 cap.
862 2792 917 2830 37.
981 2779 1079 2815 Cum
1112 2787 1235 2814 autem
1264 2779 1324 2814 hic

359 2833 534 2881 polentae
566 2834 605 2870 sit
634 2834 800 2875 mentio,
830 2844 906 2868 non
927 2827 1073 2878 poffuin'
1094 2840 1170 2864 non
1198 2829 1324 2866 videre

360 2884 538 2932 quosdam
562 2884 837 2921 Grammaticos
858 2882 1010 2919 scribere
1033 2879 1158 2921 ausos,
1190 2882 1325 2927 polenta

359 2933 430 2972 effe
447 2936 589 2982 generis
611 2938 752 2980 neutri,
780 2934 957 2983 deceptos
977 2944 1022 2970 ex
1038 2942 1116 2969 non
1137 2931 1324 2968 iritelleeto

362 2986 492 3026 Ovidii
522 2985 710 3031 carmine,

815 72 1843 133 ADDENDA

1417 177 1524 214 Dulce
1550 175 1644 214 dedit
1670 179 1775 224 testa,
1811 175 1900 227 quod
1924 186 2059 213 coxerat
2085 187 2164 214 anre
2188 180 2339 226 polenta.

1362 225 1462 264 Cum
1485 228 1605 273 ordo,
1633 228 1743 265 Dedit
1769 230 1798 263 ei
1818 227 1934 272 dulce,
1961 227 2048 277 q'uod
2075 243 2153 265 ante
2177 244 2309 268 coxerat
2324 261 2334 277 ‚

1358 277 1398 313 de
1431 281 1580 327 polenta.
1633 280 1751 327 Quod
1779 291 1825 316 ex
1855 279 1988 327 quinto
2018 280 2103 317 inde
2136 281 2238 318 versu
2268 287 2335 320 eo-

1360 329 1446 381 dem
1473 330 1512 367 in
1541 331 1630 368 loco
1658 331 1737 368 satis
1767 329 1908 367 adverti
1934 339 2100 378 poterat,
2138 331 2163 369 fi
2197 333 2332 371 voluis-

1357 380 1437 417 sent
1452 410 1460 422 .

1409 434 1491 468 Cum
1533 431 1664 482 liquido
1705 433 1815 468 mixta
1860 430 2008 480 perfudit
2054 432 2139 469 diva
2181 436 2331 484 polenta.

1495 483 1770 521 GLAREAN.

1406 545 1440 582 p.
1468 545 1526 580 47.
1554 538 1712 571 Proximo
1731 533 1823 583 lacu]
1865 532 1998 570 Scheff.
2035 534 2080 570 de
2105 535 2162 572 Re
2189 536 2324 575 Vehic.

1358 597 1393 633 p.
1415 597 1498 631 227.
1520 586 1606 634 legit
1618 589 1728 635 primo
1750 587 1836 621 lacu.
1865 583 1921 621 Cl.
1947 585 2178 622 Burmannus
2195 587 2331 625 ibidem

1360 637 1591 682 coniiciebnt.
1611 636 1850 675 scd-venarum
1864 638 2059 686 frequentia
2078 637 2247 673 alimentis
2271 642 2333 674 *vix

1352 684 1570 737 sufficluram
1595 688 1718 724 urbem.

1424 741 1588 781 Deiotaro
1621 753 1701 777 wera
1734 735 1842 786 Regi]
1893 739 2086 785 Dejotari,
2129 734 2334 786 penultima

1363 798 1532 837 correpta
1573 789 1620 826 est
1663 788 1761 836 apud
1792 788 1990 825 Lucanum
2035 788 2116 825 Lib.
2156 801 2190 826 v.
2241 791 2336 827 Cae-

1362 848 1484 877 terum
1509 840 1701 877 Ciceronis
1721 838 1830 876 verba
1853 838 1898 875 de
1919 838 2048 876 eadem
2069 851 2107 875 re
2127 840 2209 877 Lib.
2233 854 2263 878 1.
2287 841 2334 878 de

1364 892 1633 935 Divinatione,
1662 891 1774 938 longe
1795 889 2040 926 luculentiora
2069 890 2172 935 sunt,
2199 892 2260 930 ubi
2289 892 2335 930 de

1357 943 1574 991 Deiotaro,
1602 951 1642 980 ut
1663 943 1767 989 saepe
1787 941 1894 983 alias,
1924 941 2039 977 multa
2061 941 2228 986 locutus,
2257 951 2338 980 tan-

1365 994 1450 1030 dem
1477 995 1568 1031 haec
1591 994 1661 1031 ait:
1690 994 1761 1042 Qui
1781 1005 1850 1027 cum
1874 993 1992 1027 itinere
2014 993 2155 1041 quodam
2171 995 2337 1042 propofito

1364 1053 1409 1080 ω’
1428 1048 1601 1091 constituto
1621 1042 1828 1090 reverttffet,
1854 1045 1992 1092 aquilae
2021 1043 2210 1080 admonitus
2239 1047 2339 1081 'vola-

1361 1106 1398 1131 tu
1413 1122 1423 1139 ‚
1445 1098 1597 1132 conclave
1621 1094 1729 1138 illud,
1752 1093 1808 1129 ubi
1829 1105 1899 1128 erat
1919 1095 2090 1138 mansurus
2105 1123 2114 1138 ‚
2155 1110 2165 1129 ι
2188 1098 2236 1130 ire
2263 1108 2338 1145 per-

1360 1147 1492 1195 rexiffet
1507 1176 1517 1191 ‚
1541 1149 1695 1193 proxima
1715 1146 1806 1181 noae
1822 1148 1954 1180 corruit.
1987 1145 2093 1181 Haec
2108 1146 2179 1183 llle.
2216 1146 2334 1184 Porro

1359 1198 1435 1234 hoc
1453 1198 1667 1245 exemplum
1688 1208 1766 1234 non
1787 1196 1946 1242 pertinet
1968 1195 2012 1232 ad
2032 1199 2142 1232 omina
2156 1224 2165 1240 ‚
2195 1205 2235 1234 ut
2254 1209 2334 1246 per-

1358 1261 1486 1297 peram
1526 1249 1714 1287 Oliverius
1742 1246 1920 1283 indicavit
1941 1275 1950 1289 ‚
1988 1245 2048 1283 sed
2079 1247 2121 1284 ad
2151 1250 2297 1297 auspicia
2320 1278 2330 1292 ,

1359 1308 1398 1337 ut
1431 1312 1475 1336 ex
1504 1300 1719 1337 transitione
1751 1309 1843 1334 mox
1880 1297 2055 1346 sequente
2084 1298 2192 1336 facile
2224 1308 2335 1337 nota·

1359 1359 1399 1388 tu
1432 1351 1491 1388 est.
1520 1350 1794 1388 GLAREAN.

1408 1414 1441 1449 p.
1471 1403 1530 1448 48.
1575 1406 1632 1438 De
1660 1402 1815 1437 Ominum
1843 1399 2088 1449 observatione]
2138 1402 2192 1438 Ut
2218 1403 2333 1441 multa

1358 1452 1426 1490 alia
1449 1455 1612 1491 Romani
1643 1464 1662 1489 a
1686 1451 1856 1489 Graecis:
1886 1451 2018 1488 Graeci
2046 1451 2089 1488 ab
2116 1452 2334 1501 Aegyptiis:

1358 1504 1500 1552 Agypti
1530 1516 1644 1553 porro
1673 1503 1717 1540 ab
1739 1501 1946 1539 Hebraeis:
1985 1502 2034 1539 ita
2058 1502 2153 1538 hanc
2181 1517 2334 1554 quoque

1359 1567 1498 1592 vocem
1528 1557 1657 1593 Omen
1684 1583 1694 1598 ,
1735 1555 1931 1591 Romanos
1970 1553 2013 1589 ab
2042 1554 2174 1590 exteris
2200 1555 2334 1592 habere

1358 1614 1458 1655 puto.
1518 1606 1678 1644 Accedit
1701 1605 1800 1642 enim
1824 1611 1969 1641 cametz
1990 1604 2174 1641 Hebraica
2198 1607 2336 1644 vocalis

1359 1659 1532 1706 proxime
1554 1659 1600 1696 ad
1624 1656 1825 1700 Latinum,
1865 1657 1951 1708 Ῑζ-ῗιὶὲ
1977 1654 2037 1692 Ad
2065 1655 2179 1693 finem
2209 1666 2333 1695 autem

1361 1722 1470 1770 hujus
1507 1720 1615 1769 primi
1655 1718 1846 1767 exempli,
1880 1721 2009 1769 ingens
2038 1719 2236 1757 obscuritas
2274 1719 2336 1764 est,

1363 1784 1476 1820 quam
1518 1783 1590 1819 ego
1619 1770 1914 1819 inexplicabilem
1946 1770 2146 1819 relinquo:
2190 1771 2256 1807 tria
2288 1772 2338 1808 ibi

1361 1823 1443 1859 sunt
1465 1823 1575 1858 verba
1590 1849 1600 1865 ‚
1628 1833 1722 1870 quae
1744 1821 1937 1868 negotium
1961 1820 2175 1865 obscurant,
2201 1821 2309 1858 Modo
2324 1851 2334 1866 ‚

1364 1872 1541 1920 :Abjet‘las
1560 1869 1734 1908 (framis.
1785 1872 1884 1908 Nam
1913 1870 2048 1918 duplex
2068 1873 2334 1910 Romanorum

1364 1923 1519 1960 vietoria
1546 1924 1638 1965 fuit,
1681 1922 1793 1958 altera
1826 1921 1871 1959 de
1893 1923 1996 1970 Vejis
2029 1923 2192 1970 oppido,
2228 1924 2340 1961 altera

1366 1974 1409 2011 de
1431 1974 1541 2011 Gallis
1562 1973 1725 2010 Camillo
1754 1972 1870 2009 duce:
1910 1979 1946 2008 at
1974 1972 2018 2009 de
2050 1982 2129 2010 utra
2160 1973 2334 2023 loquatur

1365 2025 1559 2068 Valerius,
1582 2025 1776 2061 incertum.
1830 2021 1979 2059 Deinde
1998 2023 2109 2067 Veii,
2141 2023 2165 2060 fi
2189 2026 2337 2062 Romae

1367 2083 1651 2125 comparentur,
1677 2073 1808 2122 abjetfli
1839 2074 1909 2110 dici
1935 2073 2092 2121 possunt.
2146 2076 2193 2112 Et
2212 2077 2338 2114 Roma

1365 2128 1439 2176 ipsa
1462 2137 1613 2176 propter
1633 2137 1751 2162 ruinas
1774 2124 1914 2170 amech
1934 2136 2010 2162 non
2031 2126 2151 2163 minus
2175 2126 2246 2163 dici
2270 2139 2341 2175 po·-

1367 2179 1444 2216 test.
1489 2178 1557 2216 Sed
1578 2189 1700 2226 neque
1718 2176 1777 2212 hic
1797 2183 1938 2212 certum
1956 2204 1965 2219 ‚
1991 2176 2036 2212 de
2056 2184 2133 2213 utra
2152 2177 2338 2226 loquatur.

1368 2229 1501 2267 Badius
1522 2229 1628 2265 valde
1657 2227 1773 2264 brevis
1805 2227 1872 2268 est,
1902 2234 2043 2274 praeter
2071 2227 2231 2265 solitum.
2263 2229 2341 2266 Le-

1371 2281 1450 2318 ctor
1479 2280 1652 2328 dispiciat.
1683 2277 1954 2314 GLAREAN.

1422 2334 1570 2382 Signifer
1587 2333 1692 2373 [larue
1706 2327 1857 2378 figmtm]
1907 2327 2033 2364 Simile
2065 2328 2244 2376 quiddam
2263 2331 2342 2368 Ve-

1371 2384 1463 2420 netis
1485 2381 1627 2419 accidit.
1688 2380 1743 2416 llli
1766 2379 1866 2416 enim
1889 2387 1994 2426 capta
2017 2379 2341 2430 Constantinopoli

1375 2434 1575 2471 noluerunt
1604 2431 1803 2477 imperium
1834 2430 2052 2471 transferre,
2078 2442 2163 2467 cum
2195 2433 2345 2470 concla-

1371 2494 1514 2522 matum
1545 2481 1631 2520 effet
1666 2486 1825 2517 Venettas
1853 2492 1873 2517 a
1894 2479 2062 2517 Veniendo
2086 2480 2210 2518 dietas.
2252 2483 2343 2521 CO-

1373 2537 1488 2573 LER.

1420 2599 1455 2636 p,
1485 2600 1542 2635 50.
1570 2586 1720 2621 Catellm
1751 2584 1880 2619 nomine
1911 2580 2026 2631 Persa]
2056 2582 2212 2622 Nullum
2245 2585 2341 2624 allud

1373 2638 1488 2686 aptius
1517 2635 1727 2685 exemplum
1761 2634 1896 2670 ominis
1925 2633 1972 2670 est
1997 2661 2006 2677 ,
2054 2646 2167 2682 quam
2194 2636 2268 2674 hoc
2296 2637 2342 2675 de

1374 2692 1474 2736 Persa
1506 2700 1619 2731 cane,
1658 2686 1821 2724 Romani
1850 2696 1977 2732 regum
2010 2685 2165 2722 nomina
2197 2687 2344 2725 canibus

1374 2740 1639 2785 imponebant,
1676 2746 1716 2774 ut
1737 2749 1805 2773 nos
1833 2736 1946 2772 hodie
1973 2737 2148 2771 Tuum-nm
2174 2739 2343 2776 nomina,

1378 2791 1448 2828 Sed
1476 2791 1611 2826 nzirum
1647 2788 1695 2824 est
1723 2788 1798 2824 hoc
1827 2798 1969 2823 nomen
1991 2814 2000 2829 ‚
2032 2787 2134 2835 quod
2163 2788 2344 2827 secundae

1379 2841 1633 2878 declinr-ttionit¹
1661 2847 1737 2875 erat
1751 2860 1762 2880 ‚>
1788 2840 1947 2880 Perseus,
1977 2845 2015 2873 ut
2044 2837 2217 2884 Tydaeus‚
2244 2851 2344 2877 nunc

1378 2894 1415 2929 in
1444 2893 1589 2929 tertiam
1621 2901 1720 2926 nunc
1750 2890 1787 2926 in
1817 2889 1974 2937 primam
2013 2887 2157 2926 venisse.
2221 2893 2346 2938 Persem

1380 2941 1476 2979 enim
1507 2941 1777 2979 acccusativum
1794 2968 1803 2982 ,
1827 2942 1864 2977 ὃς
1881 2941 1981 2986 Persa
2003 2939 2278 2978 nominativum
2297 2951 2354 2976 re-

1379 2995 1496 3042 perias
1521 2992 1618 3043 apud
1640 2991 1807 3029 Latinos.
1859 2989 1930 3028 Sed
1950 2991 2116 3028 Romani
2135 3002 2204 3039 pro
2233 2992 2354 3039 impe-

2315 3053 2357 3078 rn
