2516 3509
10 2901 15 2983 1

355 90 469 149 DE
516 83 1228 145 INDULGENTIA
1278 85 1852 146 PARENTUM.
1999 106 2104 165 ,τος

103 194 220 243 rima
261 191 457 240 orbitate
500 189 767 257 cogitabat:
816 190 959 237 totius
1000 189 1163 237 domus
1198 187 1399 236 funebris
1433 188 1576 250 magis
1601 221 1616 246 ‚
1661 204 1797 252 quam
1832 189 1982 254 regius
2016 202 2108 238 erat

105 276 270 324 vultus.
337 272 427 321 Sed
460 272 578 319 hanc
612 271 820 319 tristitiae
853 270 1023 317 nubem
1061 276 1103 310 27
1137 269 1347 335 Leptinis
1380 268 1729 329 mathematici,
1771 270 1842 318 vel
1863 304 1877 329 ‚
1920 283 1972 317 ut
2006 270 2106 334 qui-

103 351 206 398 dam
253 349 437 398 tradunt
468 384 484 410 ‚
537 345 582 378 23
631 348 882 397 Erasistrati
924 350 1128 410 medici,
1187 348 1476 415 providentia
1517 347 1728 395 discuffit.
1806 350 1944 409 Juxta
1984 350 2107 396 enim

102 432 396 479 Antiochum
429 430 580 477 sedens
601 464 616 490 ‚
662 443 716 478 ut
750 446 855 478 eum
889 431 944 478 ad
979 433 1224 481 introitum
1260 430 1539 480 Stratonices
1574 426 1741 473 rubore
1776 427 2021 490 perfundi,
2057 430 2108 478 &C

102 509 264 574 spiritu
298 516 336 544 ²⁹
371 508 722 568 increbrescere,
769 526 909 574 eaque
944 512 1206 576 egrediente
1246 510 1411 575 pallere
1432 542 1448 568 ‚
1505 507 1554 553 ὃς
1599 512 1641 543 30
1676 506 1993 556 excitatiorem
2027 526 2106 557 an-

100 589 295 636 helitum
329 588 515 636 subinde
548 604 813 652 recuperare
845 588 1164 637 animadvertit
1186 623 1202 646 ,
1249 584 1497 634 curiosiore
1531 582 1842 630 observatione
1876 583 1930 629 ad
1965 586 2101 649 ipsam

99 669 338 717 veritatem
374 669 639 734 penetravit.
708 670 920 716 Intrante-
958 672 1080 716 enim
1116 669 1375 717 Stratonice
1397 700 1413 726 ‚
1456 664 1505 711 δί
1550 663 1693 711 rursus
1728 663 1955 724 abeunte,
1999 665 2099 714 bra-

37 775 45 779 -
100 749 259 797 chium
301 749 591 797 adolescentis
635 748 959 796 dissimulanter
1000 748 1412 813 apprehendendo,
1459 745 1602 793 modo
1644 744 1912 806 vegetiore‚
1956 746 2097 794 modo

100 831 384 896 languidiore
417 831 547 896 pulsu
580 846 795 879 venarum
831 833 1094 895 comperit,
1136 832 1266 895 cujus
1315 828 1466 875 morbi
1512 843 1645 890 aeger
1680 825 1822 882 effet3
1870 831 2095 890 protinus<

101 923 191 973 que
222 909 268 955 id
304 909 496 956 Seleuco
535 909 762 973 exposuit.
842 916 881 947 3¹
931 908 1032 966 Qi
1074 907 1371 955 charissimam
1417 905 1500 952 fibi
1546 907 1796 969 conjugem
1831 906 1929 955 filio
1965 910 2098 957 cede·

98 1005 146 1038 re
190 1006 283 1037 non
324 989 582 1035 dubitavit:
638 989 763 1052 quod
808 989 856 1035 in
900 1004 1101 1035 amorem
1145 987 1369 1040 incidisset
1397 1021 1410 1046 ,
1451 985 1661 1033 fortunae
1704 1000 1946 1051 acceptum
1982 991 2095 1038 refe-o

98 1081 232 1115 rens:
275 1066 401 1129 quod
435 1065 704 1113 dissimulare
737 1083 842 1113 eum
877 1065 1016 1130 usque
1049 1068 1104 1114 ad
1138 1080 1336 1115 mortem
1370 1080 1547 1129 paratus
1582 1066 1687 1113 esset
1709 1099 1724 1125 ,
1767 1066 1903 1129 ipsius
1947 1069 2095 1132 pudo‹

99 1146 138 1193 ri
172 1145 414 1206 imputans.
484 1143 764 1207 Subjiciatur
797 1142 954 1188 animis
989 1140 1152 1202 senex,>
1180 1159 1287 1202 rex,
1323 1158 1498 1188 amans:
1531 1144 1626 1205 jam
1658 1141 1862 1205 patebit,
1901 1151 1937 1179 ³²
1960 1161 2093 1210 quam

100 1222 270 1280 multa,
305 1238 531 1286 quamque
565 1220 794 1278 difficilia,
828 1220 1002 1285 paterni
1035 1218 1222 1269 affeetus
1253 1218 1536 1283 indulgentia
1569 1217 1806 1282 superavit.

2024 1299 2092 1349 At

106 1445 226 1484 vium.
263 1445 372 1484 MSS.
408 1446 573 1495 quinque
601 1444 661 1482 hic
686 1443 823 1482 habent
850 1443 1001 1491 infando.
1038 1446 1077 1484 &
1129 1447 1222 1485 mihi
1248 1455 1349 1484 nunc
1377 1445 1543 1483 accurrit.
1570 1442 1690 1482 LIPS.
1719 1442 1966 1479 Excitatiorem.
1995 1441 2095 1481 Lan<

107 1496 156 1534 fic
175 1497 346 1546 vulgatae
375 1497 559 1546 quaedam
579 1504 664 1533 ante
684 1496 856 1544 Pighium
882 1496 977 1534 Edd.
1007 1496 1077 1535 Sed

104 1548 186 1585 hoc
215 1549 332 1586 statim
364 1549 442 1596 post
471 1547 632 1591 indicat,
664 1559 781 1596 quum
795 1551 887 1592 faces
915 1548 1078 1597 improbas

104 1599 218 1643 dicit,
231 1608 270 1637 ut
290 1599 419 1636 rectius
439 1597 552 1636 ceteri
572 1599 705 1644 infinito
726 1599 920 1636 retineant.
942 1611 1078 1648 quam-

106 1650 161 1688 vis
193 1650 307 1698 Lipfii
345 1652 532 1695 infrunito,
572 1648 742 1686 videatur
769 1650 882 1687 etiam
909 1649 1076 1698 prob-affe

105 1700 309 1739 Scriverius
328 1701 373 1738 ad
391 1700 507 1738 Plaut.
533 1701 571 1737 in
593 1700 790 1738 Menaech.
817 1713 862 1738 11.
891 1712 924 1750 3.
953 1700 1011 1748 85.
1037 1702 1077 1738 in

105 1750 289 1790 addendis.
962 1757 965 1763 ¹

151 1815 214 1852 25.
243 1805 352 1852 Quam
375 1802 529 1852 improbis
544 1800 675 1849 facibus
696 1801 845 1851 arderet]
875 1801 974 1839 Vide
996 1802 1076 1840 Gu-

104 1852 210 1940 dibum
231 1856 278 1893 ad
296 1854 450 1892 Phaedr.
478 1855 524 1891 L.
555 1867 586 1892 1.
617 1865 647 1890 1.
675 1852 771 1890 Ultr.
799 1854 906 1902 prim.
935 1855 1076 1890 Facino-

102 1917 131 1940 Y}
155 1920 207 1943 us·

155 1957 215 1993 26.
250 1955 387 2004 Jacebat
413 1957 480 2004 ipse
511 1957 716 1995 Antiochus
746 1959 781 1993 in
807 1954 943 2004 lefhlo]
983 1955 1076 1992 Vox

103 2007 328 2051 (Antiochus,
357 2006 378 2044 ὲ
396 2007 513 2054 glossis
542 2008 701 2056 irrepsit,
730 2009 766 2045 &
789 2007 837 2043 est
866 2005 1075 2053 rejicienda.

101 2067 190 2094 :nam
211 2058 247 2094 in
269 2058 517 2106 manuscriptis
538 2070 614 2095 non
636 2060 801 2096 hahetur.
829 2057 969 2094 PIGH.
1010 2055 1075 2092 Al·-

101 2107 191 2151 dus,
221 2108 364 2145 Ascens.
400 2110 436 2145 ἃ
467 2110 578 2145 ceteri
595 2109 835 2152 addiderant,
858 2106 921 2144 sed
945 2115 1074 2143 contra

103 2158 212 2196 Mss.
241 2162 278 2197 ὃς
300 2157 490 2206 impressos
510 2161 735 2197 vetustiores.

150 2222 209 2258 27.
250 2215 399 2259 Lep11ms
443 2210 697 2259 Mathemattsi]
757 2207 940 2247 Nonnulli
987 2219 1073 2246 cum

104 2257 228 2299 m'ultis
249 2262 338 2298 Edd.
367 2269 451 2298 ante
471 2261 572 2307 Pigh.
605 2265 746 2310 Leptim.
775 2259 879 2296 Harl.
908 2261 1075 2308 Leptines.

86 2311 236 2361 copes.
271 2315 451 2349 lec't'rcorts.

153 2364 213 2400 28.
252 2363 461 2411 Erasistrati]
511 2362 673 2399 Clinicus
716 2363 787 2400 fuit
816 2391 826 2407 ‚
882 2359 1074 2408 discipulus

102 2413 299 2463 Chrysippi
331 2414 502 2457 Medici,
540 2413 741 2451 Aristotelis
770 2425 814 2450 ex
843 2412 914 2449 filia
945 2422 1072 2460 nepos.

99 2463 239 2502 Plinius
256 2467 438 2501 maximum
457 2464 630 2500 Medusam
654 2472 776 2501 vocat.
805 2462 998 2501 COLER.
1028 2466 1073 2498 Ε·

101 2516 269 2563 rafistrati
288 2514 401 2551 medici
427 2516 638 2565 providentia
667 2515 816 2563 dtsruſjzt.
843 2514 891 2552 fiC
912 2514 1072 2561 Appian.

104 2567 280 2603 meminit
300 2567 375 2614 ejus
393 2568 502 2604 etiam
529 2567 623 2603 Gell.
653 2567 697 2603 L.
726 2578 795 2603 xvi
845 2578 877 2615 3.
908 2565 1008 2603 Vide
1033 2565 1072 2602 &

103 2617 235 2666 Scalig.
263 2616 306 2654 ad
329 2618 457 2655 Euseb.
489 2630 596 2664 1759.
622 2616 866 2654 PERIZON.

155 2682 212 2717 29.
240 2667 488 2717 Increbrescere]
520 2668 742 2716 Complures
772 2667 904 2717 scripti·
924 2667 1073 2706 Increbe-

92 2719 192 2766 fiere.

153 2782 213 2819 30.
241 2774 477 2806 Exi-itatmrem
494 2768 696 2818 anhelitum]
722 2769 835 2807 Falso.
861 2769 1072 2818 languidior

102 2823 202 2859 enirn
232 2821 433 2864 anhelitus,
463 2822 499 2857 ὃ(
530 2821 629 2857 velut
660 2822 780 2857 abiens
809 2832 894 2858 cum
930 2821 987 2858 illa
1008 2821 1070 2858 ab·

103 2881 214 2909 eunte
244 2874 324 2910 fuit.
351 2871 452 2921 quod
479 2872 549 2919 ipse
569 2871 737 2909 Valerius
760 2873 896 2919 aperit,
923 2874 985 2921 qui
1015 2872 1067 2910 in-

103 2921 276 2961 crebuisse
307 2922 509 2962 anhelitum
535 2922 583 2959 ait
609 2922 667 2958 illa
697 2923 868 2960 intrante.
921 2924 1068 2961 Veteri·

98 2970 166 3013 inus
188 2974 256 3020 est,
278 2975 557 3013 exercitationem.
581 2973 673 3025 Vox
700 2974 950 3021 accommoda
968 2974 1068 3014 haud

1127 1498 1337 1546 guidiorem
1370 1498 1408 1534 &
1424 1496 1503 1546 jatn
1534 1495 1633 1545 quasi
1664 1494 1919 1542 defatigatum.
1972 1493 2097 1532 Habet

1129 1549 1191 1586 fibi
1217 1549 1277 1586 sua
1305 1547 1390 1586 talia
1422 1547 1606 1597 quaedam
1638 1545 1819 1583 Valerius.
1870 1542 1986 1582 Paulo
2016 1545 2096 1593 post

1127 1602 1326 1650 vegetiorem
1349 1599 1516 1648 opponit.
1554 1597 1694 1635 Frustra
1713 1598 1822 1644 igitur
1840 1606 1989 1644 quaeras
2009 1607 2095 1634 cum

1129 1649 1257 1699 Lipfio
1294 1650 1393 1687 aliud
1427 1649 1597 1687 verbum.
1649 1648 1749 1684 Dein
1788 1647 1921 1695 legitur
1959 1647 1997 1683 in
2033 1646 2096 1684 lib.

1128 1701 1427 1750 Dan.reciperare.
1440 1711 1484 1736 ex
1506 1711 1582 1749 quo
1605 1697 1816 1735 faciendum
1840 1697 1989 1745 parvula
2014 1709 2100 1735 mue

1126 1753 1271 1790 tatione
1287 1754 1493 1802 reciprocare.
1516 1751 1570 1788 Ita
1590 1749 1706 1787 sensus
1724 1749 1889 1798 postulat.
1903 1749 2098 1788 COLER..

1127 1804 1367 1840 Excitatiorem
1377 1802 1561 1838 anhelitum
1569 1799 1706 1846 subinde
1717 1812 1914 1849 recuperare.
1929 1801 2034 1837 Haec
2044 1800 2099 1838 ita

1125 1854 1255 1904 scripta
1275 1854 1412 1904 aliquid
1433 1852 1509 1890 falfi
1527 1852 1663 1890 habere
1683 1851 1959 1899 censetPig-hius
1970 1865 1981 1893 ;
2004 1853 2091 1900 quia

1127 1905 1336 1943 Stratonice
1363 1905 1522 1942 abeunte
1551 1903 1729 1941 anhelitus
1749 1903 1926 1940 Antiochi
1968 1902 2093 1949 potius

1127 1955 1335 2004 languidior
1358 1955 1474 1992 faetus
1493 1954 1573 1992 fuit.
1610 1956 1663 1991 At
1685 1954 1841 1990 Colerus
1858 1954 1975 2000 ipsum
1997 1964 2094 2001 quo-

1129 2019 1202 2055 que
1229 2006 1318 2044 illud
1345 2007 1572 2042 excitatiorem
1594 2033 1604 2049 ,
1640 2004 1910 2052 languidiorem
1937 2004 1975 2040 &
1994 2002 2094 2052 quasi

1128 2057 1368 2107 defatigatum
1407 2056 1608 2106 significare
1645 2054 1747 2104 poffe
1780 2062 1894 2103 putat.
1946 2054 2096 2092 Deinde

1125 2120 1194 2156 pro
1214 2121 1400 2157 recuperare
1420 2108 1620 2156 legendum
1641 2106 1762 2144 Censet
1781 2108 1988 2156 reciprocare.
2045 2105 2090 2142 In

1126 2159 1339 2208 quibusdam
1378 2159 1474 2196 libris
1511 2159 1560 2196 est
1595 2158 1858 2193 exercitatiorem
1898 2156 2097 2194 anhelitum..

1126 2210 1231 2259 quod
1272 2210 1508 2258 Theophilus
1553 2206 1878 2255 Chalcocondyles
1917 2206 2018 2243 alteri
2057 2209 2095 2245 δε

1125 2261 1311 2307 praefert,
1333 2262 1371 2297 &
1389 2260 1505 2307 magis
1526 2260 1718 2306 fatigatum
1749 2256 1948 2306 significare
1978 2265 2094 2305 putat.

1123 2310 1321 2349 VORST.
1357 2311 1630 2346 Exercitatiorem
1648 2309 1802 2346 invenio
1821 2309 1859 2344 in
1884 2308 2018 2355 scriptis
2042 2309 2096 2345 se-

1124 2370 1240 2410 ptem.
1295 2362 1533 2399 Excitatiorem
1575 2360 1778 2409 explicabat
1820 2359 1990 2396 Perizon.
2038 2359 2094 2395 Ex

1124 2414 1205 2450 imo
1233 2412 1383 2461 pectore
1410 2412 1570 2462 petitum
1592 2439 1604 2456 ,
1641 2413 1878 2460 frequentem
1904 2438 1917 2454 ‚
1957 2420 2091 2445 acrem..

1123 2463 1234 2501 redte.

1175 2527 1232 2565 31.
1260 2516 1333 2566 Qi
1363 2513 1575 2562 chariffimam
1596 2513 1665 2562 fibi
1692 2518 1860 2562 conjugem
1882 2511 1958 2558 filio
1984 2506 2090 2544 (edere

1122 2581 1188 2603 non
1209 2564 1400 2616 dubitavit]
1431 2564 1729 2614 Quatuordecim
1753 2558 2090 2605 MSSClmriffimam

1120 2622 1312 2669 conjugem,
1339 2618 1405 2655 nifi
1433 2617 1536 2667 quod
1562 2615 1732 2654 nonnulli
1757 2612 1954 2664 Cartffimaaz
1987 2609 2089 2665 erhi-

1115 2667 1218 2706 bent.
1268 2668 1417 2706 Eodem
1451 2667 1569 2706 modo
1588 2666 1682 2704 Edd.
1704 2664 1856 2716 Pighio,
1883 2671 1945 2714 qui
1974 2659 2089 2697 edidit

1119 2717 1298 2766 chariffi'ma
1328 2724 1484 2770 coniuge,
1522 2717 1756 2767 antiquiores.
1785 2711 1881 2749 Vide
1913 2712 2015 2758 iupra
2038 2711 2086 2748 L..

1126 2783 1183 2809 1v.
1215 2784 1245 2808 1.
1271 2771 1355 2808 Ext.
1384 2782 1418 2817 7.
1849 2812 1883 2818 ..

1172 2834 1230 2871 32,
1259 2823 1370 2869 Quam
1401 2823 1528 2861 multa,
1566 2828 1729 2868 quamque
1754 2810 1905 2857 diffictlta
1927 2822 2086 2860 paeertms

1119 2872 1261 2921 affl-Has
1275 2872 1471 2921 superavit]
1502 2870 1602 2918 Quid
1626 2868 1647 2904 fi
1669 2867 1808 2919 legatur
1828 2865 2019 2911 supa-arim
2048 2871 2089 2900 ut

1118 2919 1217 2972 leges
1229 2923 1507 2961 Grammaticae
1524 2919 1706 2970 requirere
1726 2913 1907 2951 videntur.
1922 2914 2085 2949 Verum-

1118 2982 1248 3016 tamen
1270 2977 1450 3026 superarit
1483 2983 1562 3011 non
1595 2966 1876 3056 mocgossomnes
1902 2963 2087 3061 typisypexs·
