2516 3509
405 146 506 201 168
658 126 1069 192 VALERII
1143 124 1524 182 MAXIMI
1567 127 1698 185 Lu.
1734 128 1810 184 11.
1855 129 2007 188 CAP.
2048 130 2149 189 VI.

401 242 537 288 niceis
569 239 615 282 in
645 233 823 298 proelio
852 229 1020 278 tunicis
1054 226 1331 284 utebantur,
1372 235 1405 256 ¹¹
1435 246 1556 291 non,
1589 246 1646 278 ne
1676 231 1783 297 ipsis
1810 231 2009 299 aspectus
2040 236 2137 298 ejus
2167 244 2416 289 terrorem,

403 317 475 363 sed
500 332 555 361 ne
582 315 788 362 hostibus
812 314 1008 361 fiduciae
1027 310 1197 376 aliquid
1216 309 1411 359 afferret.

186 625 278 657 gem.

285 415 319 454 3:
472 395 698 461 Egregios
726 396 909 444 virtutis
938 394 1127 442 bellicae
1157 392 1338 458 spiritus
1369 393 1842 446 Lacedaemoniorum
1861 433 1878 459 ‚
1932 396 2261 464 prudentiffimi
2291 397 2415 462 pacis

189 451 280 523 Ξῗῖῗῖ
295 456 353 523 ‘3'
962 476 967 481 ’
2274 478 2417 526 mori-

190 535 285 564 Nico.
304 534 345 565 de

188 575 307 607 mori-b.

401 604 577 644 faistitasse
603 607 785 645 Numidas
804 609 842 646 &
864 606 1008 649 Persas,
1046 607 1140 644 testis
1168 604 1381 644 Plutarchus

397 657 436 694 in
454 657 660 695 Artaxerxe
682 660 720 696 δε
744 659 960 707 Xenophon
978 658 1072 695 libro
1091 671 1145 695 vx.
1172 658 1258 706 κόςε
1279 657 1379 694 oram).

400 709 486 745 Irno
509 711 705 746 Romanos
726 720 890 759 quoque.
920 709 1046 746 Ifidor.
1068 709 1126 745 lib.
1140 720 1217 745 xix.
1231 719 1308 756 cap.
1323 719 1380 745 22„

401 759 546 808 IQtffizta
561 787 572 804 ‚
595 773 695 809 quam
710 763 825 796 Graeci?
846 761 1052 796 Phoeniceam
1065 770 1184 796 vocant
1198 788 1208 804 ,
1235 774 1292 795 nos
1313 773 1380 795 coc-

367 832 371 834 -
397 812 519 846 cineam
535 839 545 855 ,
572 821 699 860 reperta
722 815 763 858 esb
783 812 802 847 ὰ
826 808 1113 855 Lacedaemoniis,
1140 809 1183 847 ad
1212 808 1380 846 celandum

396 863 511 897 coloris
523 860 744 909 similitudine
759 865 956 912 fimgninem
971 890 981 906 ,
1009 866 1135 912 quoties
1158 864 1233 911 quis
1257 864 1292 897 in
1313 864 1381 897 acie

396 914 654 956 vulneraretur,
680 916 908 963 contemplanti
940 912 1132 961 adversarto
1162 916 1291 949 animus
1321 928 1382 949 au>-

390 965 545 1012 gesceret.
598 969 677 1000 Has
690 964 752 1013 snb
772 964 953 1013 consulibus
980 967 1123 1009 Romani
1152 965 1200 1011 ufi
1216 966 1296 1012 sum
1318 967 1381 1000 mi-

395 1015 474 1050 lites
489 1043 498 1059 ‚
520 1013 603 1051 unde
621 1018 721 1051 etiam
741 1016 858 1064 ruffini
879 1016 1092 1053 vocabantur.
1119 1015 1380 1052 solebant·enim

390 1064 502 1114 pridie
523 1080 622 1116 quam
643 1065 863 1104 dimicandmn
885 1067 979 1115 esset,
1005 1079 1084 1102 ante
1097 1070 1260 1116 principia
1274 1069 1379 1115 poni,

397 1117 494 1164 quast
521 1116 702 1153 admonitio
733 1126 778 1153 O·
807 1116 968 1167 judicium
991 1121 1130 1164 futurae
1154 1128 1295 1167 pugnae.
1334 1118 1380 1154 de

398 1168 468 1203 hac
478 1168 624 1206 Tunica
643 1168 727 1205 vide
745 1180 840 1218 quae
855 1168 995 1217 Lipfius
1018 1166 1153 1206 differit
1166 1196 1176 1212 ‚
1195 1170 1255 1205 De
1278 1168 1380 1205 Mili—

400 1218 451 1254 tia
472 1219 585 1256 Rom.
604 1218 664 1256 lib.
683 1232 734 1256 IV.
757 1220 855 1257 Dial.
889 1232 943 1257 12.
973 1220 1166 1256 COLER.
1219 1222 1380 1255 l’oeniceis

402 1270 436 1304 in
458 1272 581 1316 proelio
603 1274 733 1308 tunicis.
771 1271 824 1308 Ita
852 1271 980 1308 maluit
1000 1271 1172 1319 Pighius,
1199 1282 1312 1320 quam
1341 1278 1382 1308 ut

402 1319 519 1357 Aldus
540 1322 578 1359 ὃς
598 1321 656 1358 alii
678 1321 867 1359 ediderant
881 1325 1024 1371 puniceis
1037 1337 1047 1357 :
1076 1321 1180 1371 quod
1202 1322 1264 1359 tali
1283 1333 1380 1359 voce

402 1372 442 1408 ὃς
462 1370 566 1420 supra
594 1384 641 1415 Π,
664 1385 699 1420 4,
722 1385 753 1419 7.
782 1373 861 1411 usus
889 1372 930 1410 fit
960 1373 1091 1410 noster.
1146 1371 1301 1409 Codices
1327 1381 1381 1409 ta-

401 1433 491 1458 men
518 1423 695 1461 Brandeb.
726 1424 864 1461 habent
889 1426 1034 1473 puniceis
1066 1425 1104 1461 &
1133 1427 1273 1472 punitis.
1334 1424 1382 1460 Et

400 1473 554 1521 perinde
574 1476 657 1511 sane
675 1475 734 1513 est.
764 1475 807 1512 In
827 1474 994 1512 derivatis
1015 1474 1164 1512 subinde
1189 1475 1260 1511 OE
1281 1475 1319 1512 in
1341 1475 1379 1511 U

398 1523 548 1561 tranfire
570 1534 716 1563 notum.
770 1526 824 1563 Ita
844 1537 888 1562 ex
904 1529 1031 1562 moenia
1054 1525 1092 1562 fit
1112 1529 1220 1561 munio
1235 1555 1245 1570 ‚
1275 1527 1313 1563 &
1334 1537 1379 1563 ex

397 1585 502 1623 poena
515 1580 627 1624 punio.
670 1577 781 1625 Apud
803 1577 892 1614 alios
914 1578 1003 1614 item
1019 1579 1191 1626 puniceum
1212 1577 1291 1614 satis
1308 1578 1381 1614 fre-

400 1637 528 1675 quens
574 1628 746 1676 Virgilius
767 1629 948 1666 xusAen.
979 1631 1126 1664 Pusziceis
1147 1628 1277 1665 imeffa
1295 1632 1379 1665 rotis

399 1692 522 1713 amora
545 1678 682 1716 rubebit.
737 1679 915 1717 Ceterum
948 1679 1172 1717 vestimentis
1201 1679 1314 1716 rubris
1342 1680 1379 1717 in

398 1729 545 1777 proelio
576 1730 703 1768 utendi
725 1742 873 1767 morem
897 1730 992 1779 apud
1013 1730 1204 1775 Numidas
1225 1743 1379 1780 quoque

401 1781 441 1817 δε
471 1780 588 1818 Persas
621 1780 816 1819 obtinuiffe
845 1781 1057 1819 Plutarchus
1087 1781 1123 1817 in
1149 1781 1377 1826 Artaxerxe,

400 1832 440 1868 &
468 1831 683 1881 Xenophon
704 1832 725 1869 1.
747 1845 799 1870 vr.
831 1833 972 1882 Cyrop.
1005 1831 1187 1869 testantur.
1242 1832 1311 1869 Sed
1340 1835 1379 1870 &

397 1882 566 1920 Romani
585 1884 660 1932 ejus
679 1883 813 1922 coloris
832 1883 1054 1922 vestimentis
1075 1881 1136 1919 ufi.
1187 1882 1288 1920 Vide
1312 1883 1377 1920 Li-

394 1933 517 1981 >pfium
542 1934 587 1972 de
608 1934 687 1972 Mil.
713 1936 827 1972 Rom.
848 1948 904 1979 1v,
928 1947 983 1972 12.
1012 1933 1205 1972 VORST.
1251 1933 1375 1972 Aliam

400 1983 558 2022 caussam
579 1987 691 2024 refert
713 1987 855 2024 Aelian.
879 1988 924 2023 L.
947 1999 999 2023 vr.
1021 1985 1070 2022 V.
1091 1986 1142 2022 H.
1164 1986 1195 2022 6.
1226 1985 1376 2034 Nempe

399 2037 485 2084 quia
509 2037 614 2075 color
632 2038 691 2075 ille
710 2038 821 2075 habet
839 2037 975 2087 aliquid
998 2036 1189 2085 majestatis
1202 2065 1212 2081 ,
1233 2038 1271 2074 &
1290 2038 1376 2086 quia

400 2087 448 2123 fic.
481 2088 640 2136 aspectus
669 2090 848 2137 sanguinis
878 2089 919 2127 fit
947 2087 1025 2137 ipfis
1055 2087 1213 2125 hostibus
1235 2088 1377 2125 terribi-

393 2137 478 2174 lior.
506 2139 749 2177 PERIZON.
779 2143 925 2176 Puniceis
947 2152 1031 2177 cum
1056 2147 1248 2177 tuerentur
1267 2139 1375 2177 MSS.

397 2189 511 2226 nostri
531 2202 683 2235 omnes,
712 2192 751 2228 ὃς
770 2191 868 2228 Editi
882 2221 892 2235 ‚
919 2190 1006 2227 illud
1027 2190 1170 2227 restitui.

386 2286 390 2289 ι
453 2254 467 2278 Ι
480 2253 508 2277 1.
524 2243 601 2277 Non
620 2257 658 2277 ne
679 2241 755 2291 ipfis
774 2241 942 2291 adsperslus
962 2247 1031 2281 eins
1053 2253 1207 2277 terrorem
1223 2239 1300 2288 ,fiel
1318 2239 1374 2290 ne]

397 2290 520 2335 Loci,
541 2292 585 2329 de
607 2305 684 2340 quo
705 2293 912 2330 Ortwinius
935 2303 1082 2329 mecum
1111 2293 1203 2340 egit,
1226 2291 1378 2340 scriptu-

398 2352 478 2379 tam
500 2344 535 2380 in
556 2344 663 2381 MSS.
693 2345 730 2381 ὅ(
750 2344 907 2394 antiquis
926 2343 1018 2381 Edd.
1051 2342 1257 2391 diligentius
1277 2354 1378 2379 nunc

397 2392 533 2431 iterum
559 2395 695 2442 inspexi
720 2424 730 2439 ‚
769 2397 806 2432 ὅ(
836 2393 1057 2443 deprehendi
1099 2391 1293 2431 adhaesisse
1319 2394 1379 2431 hic

398 2444 536 2482 iterum
556 2445 714 2483 editores
727 2474 737 2489 ‚
765 2447 828 2493 qui
851 2446 1014 2494 plerique
1038 2446 1211 2482 exhibent
1225 2473 1235 2488 ,
1253 2459 1319 2481 non
1339 2457 1378 2481 ut

397 2496 476 2544 ipfis
493 2499 562 2546 asp.
590 2497 697 2533 Unus
720 2496 905 2534 Oliverius
919 2525 929 2539 ,
953 2498 990 2533 &
1011 2496 1072 2546 qui
1097 2508 1183 2532 eum
1203 2496 1376 2543 sequitur,

401 2541 552 2597 eJ'usque
580 2547 874 2594 commentarios
905 2547 1030 2595 praelo
1061 2545 1217 2583 reddidit
1240 2545 1379 2583 Ascen-

398 2597 468 2635 fius
482 2627 492 2642 ,
519 2599 638 2637 habet.
665 2613 729 2635 non
747 2612 810 2649 quo
832 2599 906 2647 ipfis
928 2601 995 2647 asp.
1036 2597 1213 2633 Ceterum
1231 2596 1379 2644 Pighius

399 2648 524 2694 dedit,
551 2649 653 2700 quod
675 2661 774 2687 nunc
793 2650 962 2695 vulgatur
976 2677 985 2693 ‚
1013 2647 1191 2698 quodque
1210 2646 1283 2684 fine
1308 2648 1378 2686 ulla

400 2702 623 2750 exceptione
650 2701 794 2744 haberi,
821 2699 990 2737 affirmat.
1043 2699 1209 2736 Vorstius
1232 2698 1294 2754 hic
1323 2707 1377 2736 ta—

398 2760 457 2789 cet
472 2754 558 2802 ,qui
575 2752 793 2801 ceteroquin
815 2751 1004 2800 diligenter
1028 2758 1201 2793 annotat,
1225 2755 1249 2785 n
1261 2761 1377 2798 quan-

399 2802 450 2840 do
470 2804 672 2841 Brandebb.
698 2802 819 2840 Codd.
847 2815 932 2840 cum
955 2802 1113 2851 antiquis
1135 2801 1217 2838 edd.
1246 2808 1374 2838 contra

396 2852 569 2902 Pighium
595 2855 821 2903 conspirant;
846 2853 949 2904 quod
966 2853 1105 2891 indicio
1126 2851 1195 2889 effe
1218 2851 1376 2896 videtur,

397 2905 509 2943 etiam
540 2906 641 2949 illos,
669 2905 770 2943 idem
804 2905 907 2954 quod
936 2905 1156 2954 Pighianos‚
1185 2912 1374 2940 exaratum

391 2955 564 2995 habuiffe.
630 2957 712 3005 Ego
741 2969 894 3006 quoque
923 2956 959 2993 in
995 2955 1126 3003 Copes.
1161 2956 1198 2992 δί
1232 2954 1374 2992 duobus

396 3007 702 3056 Lugdunensibus
712 3007 810 3045 idem
824 3008 942 3055 reperi
956 3036 965 3052 ,
977 3009 1015 3044 ὅ(
1026 3008 1239 3047 etiamnunc
1263 3017 1374 3043 mon-

391 3062 496 3099 strare
518 3057 663 3110 possum
685 3061 724 3099 in
741 3058 946 3098 Heinfiano
968 3060 1006 3097 ὃς
1027 3058 1237 3108 R-yckiano.
1259 3069 1329 3096 nec
1351 3056 1372 3096 a

1419 2750 1586 2788 ‘verbum
1616 2750 1804 2787 utebantur.

1434 604 1636 643 Gronovio
1659 613 1761 654 patre
1781 616 1826 644 ex
1847 606 2004 647 Andinis
2020 610 2156 655 tribus,
2182 620 2254 648 -nec
2272 607 2292 647 a
2311 608 2414 646 Pon-

1431 665 1522 694 tano
1543 668 1588 694 ex
1616 657 1970 706 Cantabrigienfibus
1995 661 2108 699 ullam
2137 663 2339 699 variantem
2363 658 2415 696 le-

1435 707 1600 745 ettonem
1636 706 1682 746 ad
1719 708 1820 746 hunc
1857 709 1985 747 locum
2013 711 2211 759 Pighianae
2242 710 2414 749 editionis

1434 759 1604 799 invenio,
1654 759 1758 797 Solus
1778 771 1822 797 ex
1841 761 1932 798 meis
1953 762 2077 799 tertius
2099 762 2220 810 Lugd.
2251 762 2315 812 qui
2337 768 2415 800 erat

1433 809 1660 848 Chartaceus
1681 809 1701 847 a
1724 812 1852 848 ceteris
1872 811 2123 849 disceffionem
2146 813 2233 850 facit
2254 812 2415 858 edendo,

1431 876 1497 896 non
1517 865 1610 912 quia.
1646 863 1793 900 Tantus
1813 871 1982 900 veterum
2004 862 2127 900 Codd.
2149 864 2339 901 consensus
2361 865 2417 901 ef-

1432 912 1541 957 fecit,
1569 925 1617 950 ne
1651 912 1697 949 de
1716 914 1892 962 Pighiana
1912 915 1974 951 seu
1996 913 2143 962 vulgata
2165 924 2265 952 nunc
2284 913 2413 952 lee‘tio-

1430 974 1480 1000 ne
1504 964 1748 1001 dubitaverim
1764 993 1773 1009 ,
1806 965 2015 1014 praesertim
2040 976 2128 1002 cum
2160 964 2415 1003 commodiffi-

1433 1023 1540 1053 mum
1562 1015 1714 1064 recipiat
1742 1015 1896 1054 sensum.
1948 1016 2099 1054 Etenim
2127 1015 2220 1054 duae
2242 1017 2341 1054 forte
2372 1018 2413 1055 δε

1428 1065 1550 1114 plures
1579 1068 1690 1114 (nam
1721 1066 1806 1104 alias
1834 1075 1931 1104 certe
1961 1067 2132 1105 adferunt
2155 1067 2248 1106 Plut.
2280 1069 2319 1105 in
2347 1076 2416 1105 No-

1430 1132 1508 1158 μιμ.
1531 1117 1686 1154 Λακώνων
1708 1118 1748 1155 &
1780 1118 1923 1155 Aelian.
1944 1135 2039 1155 mm.
2064 1130 2124 1157 xv.
2144 1118 2219 1166 66.)
2242 1126 2417 1168 poterant:

1433 1165 1503 1203 eise
1535 1166 1695 1212 cauffae,
1724 1178 1874 1218 propter
1892 1181 1980 1218 quas
1997 1170 2188 1220 purpureis
2210 1171 2249 1208 in
2271 1170 2411 1219 praelio

1430 1218 1563 1254 tunicis
1597 1228 1787 1257 uterentur
1809 1249 1820 1266 ,
1869 1222 1908 1258 ὃς
1944 1221 1996 1258 ita
2026 1220 2223 1259 vulnerum
2259 1222 2412 1260 suorum

1432 1279 1605 1306 cruorem
1628 1270 1814 1308 occultare
1832 1280 2065 1309 conarentur.
2092 1272 2221 1317 Prior,
2245 1284 2293 1309 ne
2315 1271 2411 1310 alio-
2467 1306 2472 1310 .

1431 1319 1521 1368 quin
1543 1320 1705 1368 aspectus
1738 1323 1874 1359 cruoris
1895 1322 1945 1359 sui
1977 1321 2125 1362 afferret
2145 1322 2225 1371 ipfis
2246 1323 2410 1373 aliquem

1431 1378 1628 1408 terrorem.
1680 1371 1808 1409 Altera
1840 1385 1907 1416 ne,
1936 1372 1961 1409 fi
1989 1373 2063 1411 aliis
2091 1380 2283 1411 uterentur
2312 1376 2414 1412 tuni*
2441 1400 2444 1401 ν

1432 1421 1479 1458 cis
1493 1450 1503 1465 ,
1527 1421 1689 1472 ejusdem
1714 1424 1850 1460 cruoris
1869 1423 2054 1472 adspectus
2074 1422 2240 1463 adferret
2251 1425 2412 1475 hostibus

1432 1472 1567 1523 aliquid
1587 1472 1753 1511 fiduciae.
1807 1475 1890 1512 Hae
1912 1475 2076 1512 rationes.
2098 1475 2172 1513 five
2193 1476 2238 1513 ab
2259 1475 2412 1514 auetore

1431 1523 1477 1560 de
1507 1524 1817 1562 Lacedaemoniis
1850 1525 2113 1574 adfirmentur,
2140 1525 2215 1564 five
2240 1527 2411 1576 rejician—

1431 1583 1511 1619 tur,
1552 1576 1791 1624 negationem
1824 1577 2041 1623 continent,
2071 1576 2274 1615 &leodem
2304 1575 2412 1627 plane

1433 1626 1553 1664 modo
1576 1635 1729 1677 utraque
1747 1627 1782 1665 se
1796 1627 1917 1665 habet.
1939 1667 1944 1671 ,
1971 1628 2159 1666 Ponamus
2178 1640 2237 1666 eas
2258 1628 2413 1669 adtribui

1435 1676 1746 1715 Lacedaemoniis
1761 1707 1770 1723 ‚
1804 1686 1997 1728 tanquam,
2016 1679 2080 1728 qui
2104 1679 2299 1718 vulnerum
2326 1681 2410 1720 suo—

1433 1740 1515 1766 rum
1532 1740 1711 1766 <cruorem
1731 1730 1768 1766 in
1789 1730 2082 1779 proeliis'pariter
2100 1742 2164 1780 per
2178 1731 2256 1769 istas
2269 1733 2412 1772 tunicas

1433 1779 1620 1817 occultare
1648 1779 1869 1825 studuerint,
1902 1793 1952 1818 vne
1978 1781 2029 1818 sui
2055 1782 2194 1819 cruoris
2225 1782 2412 1831 adspectus

1431 1829 1591 1868 adferret
1611 1831 1671 1867 vel
1692 1839 1887 1880 propterea
1909 1832 2068 1870 hostibus
2081 1833 2216 1883 aliquid
2235 1830 2408 1879 fiduciae,

1431 1882 1491 1919 vel
1510 1881 1588 1930 ipsis
1605 1886 1813 1919 terrorem(
1828 1883 1945 1932 Quod
1965 1883 2045 1921 illos
2065 1892 2216 1934 propter
2230 1884 2293 1922 has
2312 1886 2412 1924 caus-

1427 1934 1478 1970 sas
1499 1931 1618 1970 feciffe
1640 1934 1720 1982 jam
1753 1945 1868 1981 pono.
1923 1935 1957 1971 Si
1988 1947 2088 1972 nunc
2114 1943 2244 1973 contra
2272 1947 2409 1985 negem

1428 1992 1580 2033 propter
1600 1996 1658 2022 eas
1671 1982 1791 2021 feciffe
1804 2013 1814 2028 ,
1827 1985 1884 2022 sed
1905 1993 2056 2033 propter
2072 1985 2178 2029 alias,
2202 1986 2411 2026 adhibenda

1426 2035 1556 2085 utique
1588 2036 1655 2073 erit
1683 2035 1841 2084 negandi
1872 2035 2066 2084 particula,
2095 2047 2208 2086 quam
2232 2048 2411 2076 commo-

1428 2085 1530 2124 diore
1546 2086 1637 2123 ioco
1657 2086 1835 2136 nusquam
1857 2099 1997 2136 ponere
2009 2085 2154 2135 poffum
2171 2116 2180 2131 ,
2202 2086 2266 2125 nifi
2286 2090 2411 2137 proxi-

1429 2149 1491 2174 me
1511 2146 1595 2175 ante
1615 2137 1690 2176 illas
1712 2136 1867 2183 caussas,
1895 2150 1984 2189 quas
1999 2139 2077 2187 jam
2100 2138 2229 2187 rejicio
2241 2153 2252 2182 ;
2283 2141 2322 2177 ὃς
2345 2152 2411 2178 eo-

1429 2187 1515 2225 dem
1540 2188 1658 2226 modo
1675 2189 1875 2238 legendum
1899 2190 1990 2226 mihi
2011 2190 2102 2234 erit,
2130 2189 2154 2226 fi
2172 2189 2323 2228 alteram
2352 2203 2409 2229 re·

1428 2250 1606 2277 moveam
1621 2268 1632 2284 ‚
1659 2240 1810 2278 alteram
1831 2237 1994 2277 afferam.
2046 2242 2101 2277 Ut
2123 2240 2164 2278 fit
2187 2239 2207 2278 ἐι
2229 2241 2384 2280 Valerio
2398 2271 2409 2288 ,

1429 2291 1533 2338 cujus
1554 2291 1593 2328 in
1605 2290 1738 2336 verbis,
1752 2291 1883 2342 siquae
1898 2303 1964 2340 per
1976 2291 2094 2341 Ellips.
2109 2292 2227 2340 (cujus
2240 2293 2414 2343 frequen·

1427 2341 1604 2384 tissimum
1629 2340 1699 2379 effe
1718 2342 1821 2380 usum
1837 2371 1847 2387 ,
1860 2344 2077 2381 &maxime
2093 2343 2131 2380 in
2150 2344 2225 2381 hoc
2242 2344 2409 2390 auctore,

1430 2393 1588 2430 minime
1618 2393 1764 2442 ignoras
1793 2394 1862 2431 Vir
1880 2393 2123 2440 Doctiffime)
2153 2393 2282 2432 omissa
2303 2395 2410 2442 sunt,

1431 2444 1599 2493 expleam
1615 2473 1624 2488 ‚
1652 2445 1680 2481 is
1709 2446 1747 2482 ni
1781 2445 1886 2482 fallor
1912 2454 2057 2493 apertus
2083 2445 2161 2482 satis
2184 2447 2253 2483 erit
2279 2447 2411 2486 sensus.

1426 2494 1599 2533 Puniceis
1618 2495 1656 2531 in
1678 2495 1823 2543 proelio
1841 2497 1972 2533 tunicis
2004 2494 2220 2541 utebantur,
2248 2509 2324 2534 non
2347 2510 2411 2536 au-

1428 2554 1506 2584 tem
1537 2546 1732 2584 utebantur
1751 2555 1945 2595 propterea
1960 2576 1969 2590 ,
1997 2559 2045 2584 ne
2067 2547 2137 2584 &c.
2167 2547 2236 2585 Sed
2256 2548 2409 2586 uteban-

1430 2605 1489 2634 tur
1506 2605 1701 2647 propterea
1732 2612 1782 2634 ne.
1835 2598 2043 2636 Enimvero
2064 2597 2178 2634 rznon
2210 2599 2298 2636 nihil
2319 2611 2405 2646 pro-

1423 2650 1507 2696 nprie
1528 2649 1686 2698 pertinet
1706 2647 1750 2684 ad
1771 2648 1805 2686 τὲ
1825 2665 1887 2693 ne,
1915 2648 1974 2686 sed
1996 2649 2041 2686 ad
2070 2657 2190 2686 totam
2223 2647 2379 2688 cauffam
2395 2679 2406 2695 ,

1430 2712 1545 2748 quam
1573 2707 1769 2743 removet,
1797 2699 1857 2738 seu
1886 2708 1926 2737 ut
1957 2701 2087 2738 rectius
2119 2699 2238 2736 dicam
2266 2701 2410 2749 respicit

1858 2750 1976 2799 Quod
1996 2749 2058 2788 >Eri
2079 2749 2111 2787 Ξ
2130 2755 2218 2788 nun}
2238 2760 2409 2800 repeten-

1430 2800 1520 2837 dum
1543 2801 1614 2843 est;
1636 2801 1744 2850 piane
1763 2801 1853 2839 ficut
1870 2802 2026 2839 alterum
2038 2798 2100 2849 sed
2111 2828 2120 2843 ‚
2143 2800 2244 2850 quod
2264 2803 2406 2844 nullum

1426 2851 1577 2889 haberet
1593 2853 1655 2890 hic
1676 2852 1804 2890 locum
1821 2882 1830 2898 ‚
1843 2853 1907 2890 nifi
1930 2849 2169 2900 praecessiffet
2182 2853 2219 2888 u*
2232 2868 2307 2892 non.
2337 2867 2407 2892 un-

1429 2901 1475 2939 de
1505 2914 1631 2940 autem
1655 2904 1789 2952 pendet
1811 2916 1853 2941 ac
1883 2903 2018 2951 regi-tur
2040 2903 2215 2952 posterius
2236 2920 2297 2950 ne,
2318 2905 2404 2943 inde

1429 2955 1467 2990 ὅ(
1497 2955 1614 3001 prius,
1642 2957 1823 3005 quoniam
1855 2954 2041 3002 utriusque
2072 2954 2201 2992 eadem
2233 2956 2281 2993 est
2300 2958 2406 2995 ratio.

1426 3003 1571 3053 Belgice
1591 3006 1765 3043 dicerem.
1802 3008 1857 3054 Ζ]
1871 3004 2071 3055 gebrtqykten
2089 3008 2124 3041 in
2144 3004 2204 3042 den
2218 3010 2305 3055 stryt
2316 3019 2407 3044 root-

1424 3059 1572 3108 7erwige
1589 3057 1776 3103 kleederen,
1804 3072 1855 3094 om
1876 3057 1959 3095 haar
1975 3056 2061 3094 bloet
2079 3069 2111 3096 te
2131 3055 2285 3095 bedekken
2297 3086 2308 3103 ,
2336 3062 2406 3097 niet

2324 3110 2399 3147 bie-n·
