2516 3509
237 118 340 173 DE
383 113 750 171 IMPROBE
791 115 1061 174 DICTIS
1100 119 1200 174 ET
1239 121 1706 186 SCELERATE
1748 135 1980 197 FACT.
2027 147 2134 218 845

121 235 262 285 regno
285 252 299 277 ‚
339 216 412 263 sed
444 233 551 263 cum
598 215 692 279 ipso
729 230 855 279 patre
886 218 1057 265 bellum
1092 219 1147 266 de
1182 217 1500 271 dominatione
1531 230 1693 292 geffit:

125 312 203 347 aut
238 297 443 343 homines
478 294 593 339 ullos
627 294 854 358 adjutores
890 300 1143 358 invenerit,
1175 312 1252 345 aut
1287 299 1394 347 deos
1427 304 1637 354 invocare
1671 312 1796 360 ausus
1829 316 1912 376 fit,
1953 319 1997 347 2⁶

126 376 423 427 admiratione
465 374 641 421 haereo.

127 543 170 575 27
207 531 415 581 Sariaster
449 529 652 577 adversus
687 544 859 594 patrem
897 532 1024 580 suum
1057 535 1310 598 Tigranem
1349 538 1588 587 Armeniae
1622 560 1802 606 regem,
1837 551 1898 598 ita
1934 571 2039 603 cum
2078 578 2121 606 a-

125 610 257 659 micis
293 605 595 666 consenserit,
634 620 686 653 ut
723 624 878 654 omnes
914 609 1108 656 dexteris
1143 611 1347 658 manibus
1382 613 1642 678 sanguinem
1678 624 1911 675 mitterent

125 706 231 737 eum
271 685 313 714 ²3
350 688 548 733 invicem
583 685 829 734 sorberent.

127 782 173 815 ta
207 765 539 828 conspiratione
573 763 730 810 foedus
767 763 1020 811 facientem.

197 847 286 895 Sed
321 845 430 908 quid
463 860 552 908 ego
588 845 666 890 ista
698 844 961 905 consefiffir,
995 859 1072 893 aut
1109 848 1219 911 quid
1254 850 1305 895 iis
1341 851 1590 912 immoror,
1634 873 1739 904 cum
1779 867 1822 896 30

133 926 281 974 ricidii
329 925 612 987 cogitatione
656 923 818 969 cuncta
857 923 1016 971 scelera
1064 925 1266 990 superata
1311 932 1520 978 cernam!
1569 936 1715 983 Omni
1761 942 1903 1004 igitur
1950 949 2123 1012 impetu
2144 936 2235 990 Anu.

2144 1007 2213 1036 783.
2238 1004 2343 1033 Dion..

1931 665 1946 689 3
1992 648 2126 698 atque

902 696 945 727 ²9
983 691 1079 736 Vix
1116 691 1283 738 ferrent
1320 710 1404 756 pro
1440 695 1576 743 salute
1610 705 1803 762 parentis
1840 720 1930 755 tam
1968 728 2126 762 cruen-

1858 868 1987 915 unius
2023 889 2120 936 pai·-

128 1002 320 1060 mentis,
357 999 568 1046 omnibus
603 999 923 1064 indignationis
959 1002 1128 1050 viribus
1150 1038 1165 1063 ,
1217 1005 1270 1052 ad
1306 1006 1349 1052 id
1386 1007 1667 1060 lacerandum
1704 1018 1782 1079 pio
1816 1025 1956 1086 magis
1992 1043 2123 1089 quam

133 1209 328 1249 Rubenius
366 1210 403 1247 in
430 1209 600 1259 pluribus.
654 1210 754 1248 Vide
784 1210 999 1250 Eletf'torum
1029 1214 1107 1262 ejus

139 1261 221 1299 Lib.
254 1274 284 1299 1.
328 1273 358 1298 e.
390 1274 448 1309 19.
505 1262 575 1299 Sed
603 1263 688 1311 quia
726 1262 824 1300 idem
856 1264 997 1301 facinus
1028 1265 1105 1303 Dio

141 1314 180 1350 δί
211 1312 267 1350 alii
299 1324 377 1350 non
409 1312 615 1349 Mithridati
640 1339 649 1354 ‚
692 1312 751 1350 sed
783 1313 860 1352 filio
890 1317 965 1364 ejus
994 1315 1105 1353 Phar—

133 1364 218 1401 naci
250 1363 450 1406 tribuunt,
487 1363 585 1400 idem
616 1363 805 1402 Rubenius
834 1374 936 1413 putat
964 1378 1102 1405 vocem

135 1413 330 1458 excidisse,
360 1417 398 1452 ὃς
422 1415 620 1463 legendum
650 1413 722 1452 effe
740 1416 962 1454 Mithridatis
982 1421 1019 1455 F.
1041 1434 1099 1454 au-

135 1476 212 1503 tem.
238 1466 288 1502 ita
321 1467 419 1502 enim
452 1466 577 1502 solitos
608 1465 711 1503 fuiffe
741 1465 890 1515 fignare.
913 1470 1109 1507 VORST·

135 1515 361 1553 Mithridatis
400 1528 512 1551 autem
552 1519 655 1552 multo
683 1519 908 1564 sceleratius,
953 1522 1011 1569 qui
1034 1529 1108 1560 &aa

140 1567 340 1614 Indignum
364 1567 536 1614 profecto
547 1567 687 1604 Valerii
706 1569 906 1617 interprete
927 1569 1104 1619 flagitium

144 1618 193 1655 est
214 1618 376 1661 Vorstii,
414 1618 472 1654 hic
504 1619 662 1656 omnino
690 1618 888 1667 legendum
921 1619 989 1658 effe
1020 1633 1107 1659 con-

141 1668 325 1705 tendentis
338 1697 349 1711 ,
363 1668 598 1705 Mithridati..
616 1669 686 1707 scil.
706 1671 792 1718 quia
812 1671 963 1708 verbum
987 1672 1106 1716 deest,

139 1731 218 1768 quo
251 1720 506 1756 nominativus
543 1719 603 1756 ille
641 1721 820 1757 referatur
841 1749 850 1764 ‚
898 1723 936 1758 ἃ
965 1723 1001 1758 in
1029 1736 1106 1761 uno

138 1770 224 1808 cod.
247 1770 427 1808 Brandeb.
454 1771 503 1806 ita
533 1770 727 1808 invenerit.
753 1771 863 1808 habet
888 1772 997 1820 igitur
1018 1774 1108 1810 alter

138 1833 224 1858 cum
260 1821 413 1869 vulgatis
434 1820 658 1857 Mithridates
685 1821 884 1871 quomodo
913 1824 951 1859 &
970 1834 1040 1871 ego
1069 1826 1107 1861 in

141 1872 352 1921 Copesiano
381 1873 519 1909 inveni.
556 1873 594 1909 ὅ(
633 1873 791 1910 omnino
828 1873 878 1910 ita
904 1873 1105 1921 legendum

142 1922 202 1959 est.
255 1923 357 1959 Solet
386 1924 486 1960 enim
507 1922 677 1960 Valerius
698 1924 897 1971 saepiffime
916 1925 1023 1963 initio
1046 1938 1107 1963 ex.

140 1972 255 2022 empli
283 1973 436 2010 verbum
470 1973 622 2021 aliquod
650 1974 852 2022 intelligere
877 2001 886 2017 ‚
930 1978 995 2024 egit
1032 1976 1102 2014 scil.

135 2025 196 2061 vel
217 2027 256 2072 se
276 2023 380 2074 geffit.
409 2022 493 2059 vide
516 2035 577 2060 me
595 2026 754 2061 omnino
774 2026 875 2072 supra
896 2026 940 2062 ad
963 2039 1044 2064 vxi.
1069 2040 1102 2065 z.

141 2084 215 2112 ext.
244 2089 275 2111 2.
302 2074 533 2112 PERIZON
576 2073 679 2111 Idem
705 2075 774 2111 Vir
793 2076 849 2112 Cl.
876 2076 913 2112 in
936 2078 1101 2126 margine

140 2126 278 2164 codicis
303 2126 352 2162 sui
378 2122 568 2171 adscripsit.
622 2124 810 2162 Rubenius
839 2125 955 2162 Elee't.
985 2141 1014 2165 1.
1043 2141 1099 2177 19.

136 2178 175 2214 in
202 2176 298 2214 libris
326 2176 445 2225 priscis
478 2172 603 2211 vidiffe
637 2175 672 2211 se
702 2176 750 2212 ait
784 2176 1009 2213 Mithridatis
1035 2193 1100 2215 au-

135 2239 201 2265 tem
225 2253 235 2270 ,
273 2227 371 2265 unde
400 2225 600 2273 legendum
631 2226 783 2274 conjicit
812 2227 1034 2264 Mithridatis
1065 2233 1097 2266 F.

134 2291 247 2315 autem
277 2278 289 2314 i
337 2290 369 2315 e.
405 2277 524 2313 Filius.
574 2276 705 2313 Malim
745 2288 816 2324 ego
853 2277 926 2315 alio
959 2280 1100 2319 ordine.

135 2327 362 2366 Mithridatis
379 2329 608 2372 autemfilius.
637 2328 673 2364 δί
696 2328 806 2375 paulo
823 2329 984 2367 inferius.
1013 2331 1099 2369 For-

135 2389 174 2417 te
208 2379 277 2416 fuit
313 2379 399 2415 alius
429 2378 674 2415 Mithridates.
706 2379 814 2415 Haec
853 2379 911 2416 ibi.
964 2382 1100 2420 Nescio

134 2443 181 2467 an
210 2428 435 2465 Mithridatis
467 2429 504 2465 in
541 2428 616 2466 ullo
647 2429 856 2468 nostrorum
894 2430 1006 2469 exstet
1027 2461 1038 2478 ,
1076 2433 1100 2470 fi

136 2480 242 2518 Leid.
268 2480 357 2518 sext.
382 2480 550 2528 excipias.

184 2544 245 2580 25.
280 2534 321 2566 In
348 2545 411 2580 quo
432 2557 442 2572 ‚
481 2531 540 2580 qui
566 2540 677 2566 autem
715 2531 858 2567 homines
884 2534 969 2569 ullos
1003 2534 1102 2579 adiu-

133 2594 219 2619 tores
248 2581 431 2631 invenerit]
479 2581 586 2618 MSS.
617 2581 791 2618 undecim
822 2583 860 2619 &
889 2584 957 2620 Ed.
994 2587 1101 2635 Mog.

137 2645 223 2671 cum
255 2634 352 2669 Ven.
386 2635 423 2668 in
452 2646 515 2682 quo
541 2634 617 2682 qus's
643 2644 704 2669 aut
723 2634 868 2670 homines
896 2636 969 2673 &a
993 2638 1101 2676 Leid.

133 2691 252 2735 quart.
280 2684 420 2720 omittit
449 2685 540 2732 qui-s.

183 2735 245 2772 26.
274 2737 336 2770 Pro
363 2732 584 2770 admiratione
610 2733 809 2783 habebatur]
840 2735 881 2772 In
909 2737 1104 2775 manuscri-

133 2786 202 2835 ptis
229 2783 466 2834 quibusdam,
489 2786 574 2821 Prae
601 2784 824 2822 admiratione
851 2786 968 2830 haben
996 2789 1102 2826 Men-

134 2837 235 2874 dose.
289 2836 330 2872 In
360 2834 558 2883 Campenfi
579 2863 589 2877 ‚
626 2835 749 2872 haeret.
811 2836 854 2873 In
884 2837 1034 2876 Susiano
1063 2841 1102 2878 ὃς

133 2887 406 2925 Pulmanniano
424 2914 434 2929 ‚
469 2898 536 2934 pro
568 2884 663 2921 babet
692 2885 750 2923 vel
781 2886 891 2924 haeret
920 2888 1098 2936 legimus,

132 2953 199 2975 non
229 2936 379 2983 diffinio,
407 2936 510 2985 quod
532 2934 708 2984 glofl'ema
726 2936 871 2974 videtur
897 2938 979 2976 effe.
1008 2941 1099 2978 For-

129 2998 170 3034 &C
189 2988 419 3028 scribendum
434 3015 445 3033 ,
472 2990 560 3027 Prae
577 2986 801 3026 admiratione
818 2988 1097 3033 lmereo.PIGI-I.

1160 1216 1245 1250 Prae
1275 1214 1495 1252 admiratione
1513 1217 1626 1254 hacreo
1642 1248 1651 1263 ‚
1673 1220 1836 1271 plerique
1858 1227 1965 1265 codd.
1987 1241 2048 1280 pro
2069 1233 2125 1270 ad-

1158 1268 1334 1302 miratione
1357 1267 1504 1305 habetur.
1542 1271 1604 1307 An
1630 1277 1709 1319 prae
1735 1274 1957 1315 admiratione
1985 1283 2126 1319 ambiat*-

1157 1319 1295 1354 tur?an
1312 1321 1522 1366 praecipuam
1542 1320 1794 1360 admirationem
1813 1328 1921 1367 habet.
1951 1330 1998 1367 fic
2017 1334 2126 1371 odiam

1156 1367 1272 1402 habere
1310 1369 1442 1405 dicitur
1476 1381 1556 1415 reS‚
1596 1384 1690 1421 quae
1730 1376 1817 1413 odio
1852 1380 1899 1416 est
1931 1383 2027 1429 apud
2055 1385 2122 1422 Pe-

1161 1426 1259 1455 tron.
1283 1419 1526 1458 PERIZON.
1555 1423 1723 1472 Uterque
1743 1427 1873 1477 Ultraj.
1903 1431 2007 1469 Leid.
2031 1447 2122 1484 qua—

1159 1477 1267 1513 tuor,
1301 1471 1337 1507 &
1359 1470 1519 1508 Gudian.
1545 1481 1616 1511 tres
1638 1486 1698 1522 pro
1728 1477 1948 1515 admiratione
1976 1485 2123 1525 habetur.

1158 1520 1226 1558 Bit.
1249 1521 1357 1569 prim.
1386 1522 1495 1558 habet.
1522 1522 1628 1560 Paris.
1655 1526 1761 1573 prim.
1793 1544 1856 1565 non
1884 1532 2014 1578 definio.
2058 1538 2119 1574 An

1151 1582 1213 1620 pro
1242 1571 1464 1609 admiratione
1489 1573 1642 1612 habetur
1662 1604 1671 1620 ,
1704 1577 1764 1614 hic
1791 1579 1964 1628 fignificat
1981 1612 1995 1628 ‚.
2026 1586 2124 1623 hahe-

1159 1632 1216 1658 tur
1240 1635 1299 1671 pro
1327 1638 1361 1658 re
1387 1623 1584 1661 admiranda
1596 1631 1615 1670 J,
1655 1628 1807 1665 miraculi
1829 1635 1955 1679 plenu?

1209 1685 1272 1719 27.
1298 1674 1481 1723 sariaster]
1515 1676 1696 1714 Fabricius
1719 1680 1855 1719 Lib.11.
1872 1683 1964 1721 Bibl.
1988 1686 2117 1726 Graec.

1161 1734 1239 1770 cap.
1267 1736 1322 1771 19.
1350 1737 1383 1772 p.
1407 1725 1492 1774 639.
1522 1738 1739 1776 corruptum
1769 1731 1844 1770 hoc
1870 1739 2116 1784 pronunciat3

1161 1773 1411 1821 &legendum
1425 1777 1651 1816 (Artabazes.

1207 1824 1268 1861 28.
1293 1827 1437 1860 Invicem
1459 1827 1650 1878 sorberent]
1680 1830 1734 1867 Ita
1761 1832 1900 1871 redium
1935 1847 2047 1884 puto,
2079 1841 2118 1878 li-

1158 1882 1217 1911 cet
1246 1875 1326 1911 Lib.
1355 1877 1454 1914 Dan.
1482 1878 1635 1916 habeat:
1673 1883 1853 1922 solverent.
1901 1887 2052 1928 Tacitus
2081 1893 2123 1930 in.

1157 1924 1264 1962 fimili
1294 1938 1347 1963 re:
1379 1928 1448 1963 levi
1474 1930 1541 1965 itta
1569 1944 1711 1968 cruorem
1739 1936 1872 1971 eliciant
1902 1951 2004 1988 atque
2030 1944 2119 1978 invi-

1153 1989 1218 2012 cem
1250 1977 1411 2014 lambant.
1434 1979 1627 2019 COLER.
1665 1983 1762 2020 Vide
1789 1986 1954 2026 Borrem.
1978 2003 2010 2038 p.
2036 2006 2116 2042 199·

1154 2027 1233 2064 init.
1261 2027 1401 2065 Schott.
1429 2031 1515 2067 Obs.
1541 2044 1602 2068 111.
1632 2046 1688 2071 10.
1720 2035 1864 2074 Putsch.
1895 2040 1938 2077 ad
1971 2042 2050 2079 Sall.
2083 2057 2114 2082 c.

1156 2089 1214 2114 22.
1243 2078 1280 2115 &
1300 2081 1459 2117 omnino
1482 2082 1575 2120 Min.
1605 2083 1678 2121 Fel.
1703 2097 1779 2134 cap.
1794 2099 1851 2136 30.
1873 2090 2114 2133 PERIZON.

1154 2130 1326 2165 Solverent
1353 2142 1420 2178 pro
1436 2133 1606 2178 sorberent
1634 2135 1672 2172 in
1700 2137 1823 2175 multis
1849 2140 1896 2177 est
1917 2142 2021 2181 MSS.
2045 2146 2115 2184 Sed

1150 2178 1249 2216 haud
1271 2180 1380 2218 dubie
1419 2183 1525 2220 male.
1562 2184 1632 2222 Bit.
1663 2188 1779 2234 prim.
1820 2191 1856 2226 in
1892 2206 2026 2231 mortem
2046 2200 2119 2245 sol-

1150 2240 1264 2266 merent
1286 2259 1296 2274 ‚
1324 2243 1392 2279 pro
1420 2234 1560 2269 invicem
1580 2236 1759 2282 sorberent.

1200 2292 1259 2330 29.
1285 2284 1349 2319 Vix
1359 2285 1489 2328 ferrent
1509 2284 1582 2334 illi]
1613 2287 1778 2327 Barthius
1798 2289 1943 2340 legebat
1965 2298 2029 2334 Vix
2041 2300 2114 2343 ser-

1151 2342 1223 2367 rent
1253 2334 1327 2370 alit.
1358 2334 1395 2370 in
1425 2335 1614 2384 Excerptis
1644 2339 1764 2378 Duac.
1800 2343 1981 2383 adduntur
2006 2347 2108 2386 haec,

1154 2383 1219 2419 Vix
1242 2383 1372 2428 ferrent
1396 2386 1462 2422 illi.
1513 2388 1590 2434 Qui
1619 2390 1712 2428 illi?
1750 2391 1842 2430 abest
1872 2395 1962 2432 haec
1989 2409 2062 2434 vox
2090 2411 2109 2435 a

1152 2433 1345 2472 chartaceo
1369 2464 1378 2479 ,
1408 2435 1490 2484 lege
1519 2438 1629 2486 igitur
1648 2469 1658 2484 ,
1697 2443 1759 2478 vix
1781 2446 1899 2488 ferrem
1920 2458 1980 2496 pro
1995 2450 2108 2494 salute

1153 2491 1226 2520 eye.
1270 2486 1376 2527 Haec
1413 2487 1483 2524 ille.
1537 2490 1697 2540 Aliquot
1733 2494 1837 2531 MSS.
1863 2507 1922 2543 pro
1949 2511 1982 2531 eo
2011 2513 2105 2546 quem

1151 2536 1215 2570 vix
1237 2538 1377 2581 ferrent.
1407 2540 1468 2574 Illi
1497 2538 1592 2578 deest
1617 2543 1654 2578 in
1683 2544 1789 2581 MSS.
1819 2546 2015 2584 minimum
2042 2549 2108 2585 de-

1153 2596 1235 2622 cem
1275 2589 1313 2624 &
1346 2587 1439 2625 Edd.
1477 2599 1562 2628 ante
1600 2593 1773 2641 Pighium·
1832 2595 1954 2633 Placet
1997 2599 2106 2637 valde

1152 2638 1368 2676 emendatio
1395 2640 1583 2679 Gronovii
1609 2647 1671 2679 vix
1693 2647 1822 2685 serrem·
1860 2647 2043 2692 Quamvis
2070 2652 2107 2686 τὲ

1151 2689 1217 2724 alit
1243 2690 1347 2738 quod
1375 2690 1523 2729 Barthio
1554 2694 1591 2730 in
1622 2703 1782 2731 mentem
1814 2697 1915 2733 venit
1935 2726 1947 2740 ‚
1988 2700 2107 2738 etiam-

1150 2737 1332 2787 Pighiano
1359 2742 1415 2777 illi
1447 2744 1711 2790 praetulerim,
1755 2745 1829 2781 hoc
1865 2748 1964 2785 enim
2000 2754 2110 2790 nauci

1153 2790 1210 2827 est.
1263 2793 1390 2838 Quare
1422 2794 1580 2841 expunxi
1608 2793 1822 2832 auetoritate
1859 2798 1964 2837 MSS.

1203 2852 1262 2890 30.
1289 2844 1394 2879 Unius
1407 2843 1580 2892 parricidii
1597 2845 1812 2895 cogitatione]
1839 2847 2031 2888 Tiberium
2053 2854 2109 2890 in-

1151 2890 1298 2940 tellige,
1324 2906 1437 2942 quem
1461 2895 1606 2942 Sejanus
1627 2894 1744 2931 voluit
1767 2897 1982 2938 interficere.
2008 2904 2104 2941 Suet.

1148 2941 1187 2978 in
1214 2943 1393 2988 Tiberio,
1421 2946 1535 2982 Dion.
1560 2944 1644 2981 Lib.
1670 2957 1764 2983 [νη.
1793 2948 1946 2988 Tacitus
1967 2953 2047 2988 Lib.
2067 2966 2114 2990 v..

1149 2992 1325 3043 Josephus
1353 2995 1433 3039 Lib,
1458 3008 1589 3035 xvrir.
1628 3006 1705 3044 cap.
1732 3009 1788 3043 13.
1826 3000 1888 3038 etsi
1913 3002 1950 3039 in
1978 3003 2106 3049 Augu-

1557 3047 1666 3102 Ooo
1702 3058 1774 3085 oo-
1797 3060 1818 3099 3
2017 3052 2121 3093 stum

1746 242 1787 273 ²5
1834 237 1880 283 in
1917 255 2009 302 quo
2045 248 2122 307 qui
2141 249 2264 322 32:521

2020 339 2123 385 prae
2144 315 2341 404 gutnffrofi

2142 384 2183 446 a
2208 379 2345 448 {aar

578 456 584 462 ¹
891 452 898 457 ,
1016 460 1022 466 ,
1330 460 1337 466 .
1380 460 1387 467 .
1575 466 1580 471 .
1766 470 1773 477 .
2141 458 2317 491 datisfilio.

190 456 469 518 Qanquam
510 454 620 518 quld
663 455 794 514 hoc,
845 457 966 518 quasi
1014 457 1279 504 inusitatum
1326 459 1410 506 illis
1457 465 1669 524 gentibus
1713 479 1966 523 miremur?
2013 498 2116 530 cum
2250 530 2257 537 ,

2246 960 2312 991 urb.

2148 1052 2236 1072 Lv11.
2254 1048 2314 1074 Ta-

2146 1085 2198 1114 cir.
2215 1094 2232 1113 v
2255 1088 2339 1115 Suet.

2050 1120 2122 1149 Vst-
2145 1127 2346 1157 Tiberveli„

2146 1169 2176 1199 ὅ(
2200 1169 2263 1199 alii.
