2516 3509
335 142 439 212 838
618 127 1024 189 VALERII
1076 122 1447 182 MAX1M1
1491 119 1619 178 Lm.
1650 120 1757 178 1x.
1800 119 1947 180 CAP.
1996 118 2072 176 X.

213 255 246 279 2.
403 231 532 278 Illam
567 243 678 276 vero
714 227 939 274 ultionem
963 225 1012 273 δί
1032 224 1233 286 senatus,
1270 224 1319 271 &
1339 220 1573 270 consensus
1607 222 1816 269 omnium
1848 221 2136 286 approbavit.
2176 218 2196 251 3
2219 221 2343 274 Cum

128 295 209 324 Ann.
238 289 304 320 urb.

131 340 188 366 (κω
218 310 457 362 minsenim
495 307 718 354 Adrianus
754 307 875 353 cives
911 307 1179 364 Romanos,
1223 302 1303 365 qui
1337 300 1509 349 Uticae
1542 298 1883 360 consistebant,
1928 309 1950 340 9
1986 300 2166 349 sordido
2201 305 2348 369 impe-

129 384 300 450 ξρἴζῇζέζξῑ,
340 389 407 434 rio
443 385 671 445 vexaffet‚
719 384 987 449 idcircoque
1029 384 1085 431 ab
1121 384 1190 430 his
1224 383 1353 429 vivus
1384 380 1493 428 effet
1526 379 1710 428 exustus
1735 414 1751 440 ,
1796 395 1881 426 nec
1931 382 2132 444 quaestio
2178 384 2268 433 ulla
2301 387 2349 434 in

131 466 325 528 ξζζῃῗζῖπ,
342 467 454 515 urbe
489 467 574 514 hac
608 465 665 513 de
699 482 746 513 re
781 464 962 523 habita,
999 479 1082 510 nec
1119 461 1298 526 querela
1332 458 1501 507 versata
1534 457 1611 504 est.

130 540 204 569 dian
234 536 327 569 Oros.

130 590 230 615 ‘⁸¹⁹'
1109 595 1584 641 EXTERNA.

122 737 247 806 Hemg.
274 784 285 803 τ
407 715 566 762 Clarae
600 712 787 759 ultionis
821 724 1014 773 utraque
1048 710 1226 774 regina,
1261 707 1308 753 δε
1345 706 1626 765 Thamyris,
1657 720 1771 769 quae
1806 716 1947 768 caput
1983 703 2097 769 Cyri
2131 708 2347 761 abscisum

600 793 800 839 humano
836 789 1048 854 sanguine
1084 788 1311 851 repletum
1347 785 1529 832 demitti
1557 781 1720 847 juffit,
1766 781 2045 845 exprobrans
2079 783 2145 829 illi
2176 786 2350 835 insatia-

2302 867 2350 914 δε

121 816 232 857 Justin.
264 825 287 847 1.
338 813 384 842 111
415 808 564 840 Utx‘cm

121 863 233 931 {235¹}
339 872 477 918 bilem
514 871 687 918 cruoris
724 869 873 928 finiri,
912 867 1134 931 simulque
1170 881 1336 930 poenas
1372 862 1512 911 occifi
1548 862 1603 909 ab
1639 878 1695 907 eo
1736 867 1778 888 ¹0
1813 859 1897 907 filii
1933 860 1997 907 sui
2030 863 2250 927 exigens:

120 945 562 1024 ssfgfftsssssssseronice
588 988 602 1012 ,
658 967 770 1015 quae
806 948 1031 997 Laodices
1077 946 1245 993 insidiis
1289 947 1602 1008 interceptum
1639 941 1721 989 fibi
1755 941 1905 988 filium
1941 944 2143 1005 graviter
2178 945 2352 1012 ferens,

117 1035 298 1099 {ffisssscn
336 1047 504 1082 armata
536 1048 722 1079 currum
759 1027 1023 1076 conscendit
1048 1061 1061 1085 ,
1108 1024 1430 1091 persecutaque
1474 1022 1711 1069 satellitem
1754 1021 1932 1084 regium
1970 1022 2162 1070 crudelis
2204 1028 2352 1090 operis

119 1103 214 1189 {7¹¹5}ss
233 1115 316 1142 ΑΜ»
335 1113 592 1162 ministrum
616 1144 629 1169 ‚
674 1110 861 1156 nomine
895 1107 1127 1153 Caeneum
1148 1139 1163 1164 ,
1221 1111 1256 1131 ¹¹
1309 1117 1446 1167 quem
1482 1101 1602 1147 hasta
1635 1099 1940 1163 nequicquam
1974 1103 2164 1163 petierat
2185 1138 2200 1162 ‚
2245 1103 2349 1154 saxo

145 1181 149 1189 ¹
205 1176 214 1185 ’
334 1191 479 1239 Ξᾶωῃ
514 1189 785 1253 prostravit3
822 1205 874 1234 ac
909 1186 1039 1250 super
1073 1188 1169 1251 ejus
1204 1199 1372 1247 corpus
1407 1180 1515 1228 actis
1550 1178 1676 1242 equis
1700 1212 1713 1237 ,
1758 1178 1876 1223 inter
1909 1177 2068 1224 infesta
2102 1181 2353 1226 contrariae

336 1269 472 1332 partis
506 1267 689 1330 agmina
724 1265 779 1312 ad
812 1265 1029 1323 domum,
1066 1264 1113 1309 in
1149 1280 1237 1327 qua
1271 1259 1499 1309 interfecti
1535 1257 1664 1323 pueri
1699 1272 1866 1321 corpus
1901 1258 2126 1305 occultari
2162 1259 2351 1307 arbitra-

336 1345 495 1402 batur,
531 1343 748 1406 perrexit.

343 1552 511 1601 aPighio
544 1557 686 1588 mutata
707 1574 718 1590 2
764 1546 972 1586 vetantibus
1005 1547 1180 1585 omnibus
1210 1546 1320 1585 MSS.

347 1603 482 1652 Quod
503 1613 594 1639 vero
632 1601 847 1639 Perizonius
888 1602 969 1636 tulit
1000 1599 1103 1636 malit
1141 1600 1179 1636 in
1210 1599 1318 1636 initio

347 1654 532 1702 exempli,
558 1664 671 1703 quam
698 1654 840 1696 retulit,
876 1651 914 1688 in
944 1663 990 1688 eo
1013 1650 1120 1688 MSS.
1149 1662 1228 1688 non
1256 1650 1322 1688 ha-

346 1707 408 1743 bet
434 1706 614 1743 faventes.

402 1757 436 1794 8.
465 1759 548 1793 Cum
581 1756 668 1791 enim
698 1752 921 1802 Hadrianus]
951 1754 1060 1791 Haec
1088 1752 1230 1802 oppido
1258 1750 1325 1789 Ob-

350 1809 452 1846 scura
472 1807 520 1845 est
540 1806 706 1849 historia,
725 1804 836 1842 &nisi
856 1806 892 1842 in
905 1805 1092 1841 Cicerone
1115 1805 1154 1841 in
1171 1803 1325 1840 111Ver-

352 1860 514 1897 rin-arum
535 1859 740 1906 legeretur,
768 1855 868 1893 unde
888 1855 1058 1893 Valerius
1074 1853 1199 1904 legisse
1221 1853 1324 1891 vide-

354 1918 438 1954 tur,
467 1907 722 1947 existimaffem
746 1919 814 1955 pro
834 1907 1040 1949 Hadriano,
1069 1909 1107 1942 C.
1140 1906 1243 1942 Fabio
1272 1905 1323 1942 le-

353 1961 519 2011 gendum
553 1973 597 1997 ex
624 1959 721 1997 Flori
743 1959 1002 1995 Lib.1.xxxvi.
1028 1956 1184 1994 similem
1211 1956 1324 1994 histo-

354 2015 447 2051 riam
477 2012 667 2050 narrantis.
703 2010 975 2047 GLAREAN.
1013 2012 1095 2044 Cum
1116 2006 1326 2047 Adrianus.

355 2064 454 2102 Edit.
501 2064 637 2100 Venct.
683 2063 772 2097 Cum
802 2063 889 2097 enim
922 2059 1129 2100 Adrianus.
1175 2058 1325 2096 Reflius

357 2115 512 2153 Orofius
533 2115 692 2150 Fulvium
711 2111 921 2150 ,Adrianum
942 2111 1112 2160 appellat.
1133 2111 1327 2148 COLER.

358 2170 440 2203 Cum
469 2168 556 2201 enim
578 2163 784 2204 ,ssdrianuL
813 2162 1003 2201 Causalem
1035 2162 1210 2200 voculam
1241 2163 1328 2198 enim

358 2217 509 2255 restituo
529 2228 572 2253 ex
593 2225 753 2265 utroque
773 2215 856 2252 cod.
884 2214 1016 2251 Brand.
1046 2215 1083 2251 &
1100 2225 1227 2251 vetere
1250 2213 1328 2250 edi·

359 2269 465 2307 tione
495 2267 672 2304 Chalcoc.
718 2265 901 2304 Adrianus
930 2265 992 2303 ille
1029 2264 1183 2302 collecsta
1214 2276 1330 2302 manu

359 2321 551 2358 servorum
573 2318 773 2366 imperium
796 2317 1004 2355 affectavit:
1032 2316 1197 2366 ideoque
1217 2316 1237 2354 a
1258 2316 1329 2354 ser-

363 2382 499 2409 vorum
522 2369 683 2408 dominis
705 2370 810 2406 omni
842 2381 927 2406 cum
958 2368 1096 2405 familia
1119 2367 1331 2405 combustus

364 2422 425 2460 est.
453 2422 648 2459 VORST.
686 2421 776 2456 Non
809 2422 964 2455 Fulvium
993 2419 1236 2464 Hadrianum,
1270 2418 1331 2456 sed

362 2477 403 2511 C.
433 2472 567 2509 Fabium
591 2470 809 2508 Hadrianum
839 2472 873 2507 ei
903 2482 1047 2507 nomen
1075 2469 1178 2507 fuisse
1201 2498 1210 2513 ‚
1246 2470 1333 2507 licet

364 2524 570 2573 intelligere
594 2535 639 2560 ex
659 2522 756 2570 Epir.
785 2521 1042 2559 Liv.Lxxxvr.
1072 2523 1108 2558 ὃς
1128 2521 1266 2559 Ascon.
1287 2521 1334 2559 ad

364 2576 444 2614 Cic.
476 2574 559 2612 Lib.
585 2588 616 2612 1.
641 2573 680 2610 in
700 2574 788 2610 Ver.
818 2584 878 2617 27.

413 2640 449 2675 9.
478 2625 617 2663 Sordida
637 2623 792 2674 imperio]
824 2624 878 2661 Ita
903 2631 1036 2667 vocat,
1063 2623 1148 2672 qui-a
1181 2620 1334 2660 collecta

367 2690 482 2716 manu
500 2679 691 2715 servorum
716 2675 916 2724 imperium
939 2673 1169 2716 adfectabat,
1197 2672 1217 2710 a
1237 2686 1331 2723 quo-

367 2742 448 2767 rum
490 2729 654 2768 dominis
690 2727 813 2776 postea
835 2753 845 2771 ,
893 2725 1071 2774 congestis
1110 2725 1298 2762 sarmentis
1321 2753 1331 2770 ,

369 2792 455 2818 cum
492 2782 599 2818 omni
635 2777 777 2816 familia
814 2777 1024 2816 combustus
1066 2775 1124 2814 est.
1179 2775 1334 2814 Orosius

365 2831 479 2869 idem.
509 2831 702 2870 COLER.
732 2830 793 2867 An
815 2827 950 2876 sordido
978 2830 1113 2877 imperio
1143 2827 1229 2864 dicit
1256 2828 1332 2876 spe-

371 2882 469 2919 <stans
498 2883 689 2920 avaritiam
723 2880 828 2929 ejus?
857 2878 905 2917 ob
926 2891 1038 2929 quam
1072 2879 1234 2916 maxime
1266 2879 1335 2916 fuit

366 2933 522 2977 invisus,
559 2934 607 2970 ita
643 2941 683 2970 ut
711 2944 798 2970 cum
823 2930 1054 2969 crudelitatem
1076 2939 1120 2966 Ψ
1144 2932 1333 2967 avaritiam

367 2984 533 3021 videatur
560 2982 685 3021 dixisse
708 2984 837 3022 Livius
852 3011 862 3027 ‚
888 2983 1080 3019 avaritiam
1099 2980 1213 3019 solam
1233 2989 1334 3020 taxet

369 3036 505 3074 Cicero
529 3064 540 3082 ,
584 3047 628 3073 ex
661 3047 733 3086 qua
764 3035 938 3075 videlicet
963 3041 1050 3072 nata
1074 3033 1116 3072 sit
1142 3031 1333 3073 crudelitas.

2202 1417 2240 1439 η.
2273 1412 2351 1475 Ja,

1372 1552 1412 1583 ut
1438 1544 1535 1583 adeo
1566 1542 1741 1593 sordidum
1779 1541 1955 1593 imperium
1981 1539 2022 1578 fit
2049 1541 2251 1590 imperium
2276 1543 2353 1581 sor-

1373 1597 1476 1635 dibus
1508 1598 1584 1645 ejus
1612 1595 1823 1634 inserviens.

1429 1662 1485 1687 1o.
1514 1649 1594 1685 Ft'lii
1616 1650 1674 1696 sui
1697 1644 1854 1697 exigens]
1881 1642 1990 1681 MSS.
2017 1651 2090 1681 tres
2120 1643 2245 1682 delent
2265 1656 2352 1693 pro-

1374 1711 1520 1738 nomen
1543 1701 1613 1749 sui.
1656 1698 1763 1736 Leid.
1799 1698 1919 1747 quint.
1956 1696 2192 1745 Interemptum
2214 1696 2283 1742 fibi
2305 1697 2355 1744 fi.

1374 1752 1470 1788 lium.
1529 1766 1548 1791 ι

1431 1815 1488 1840 11.
1534 1802 1701 1849 Quoniam
1732 1799 1827 1846 basta
1856 1797 2076 1847 nequicquam
2112 1795 2276 1846 petierat]
2314 1810 2355 1836 V.

1377 1864 1408 1890 c.
1439 1867 1536 1903 quem
1563 1853 1671 1899 basta.
1717 1850 1867 1888 Melius.
1911 1849 2051 1886 PIGH.
2102 1848 2206 1897 Qem
2242 1848 2354 1887 habet

1377 1904 1491 1941 etiam
1518 1903 1615 1952 Cop.
1646 1902 1776 1950 Ultraj.
1805 1901 1875 1938 sec.
1903 1900 1941 1937 &
1966 1898 2110 1947 aliquot
2143 1910 2187 1935 ex
2209 1899 2352 1938 Gudia-

1377 1956 1454 1999 nis,
1490 1956 1581 1992 item
1612 1954 1681 1991 Ed.
1716 1955 1825 2000 Mog.
1863 1950 2047 1988 Nonnulli
2073 1950 2184 1986 etiam
2209 1977 2220 1994 ,
2258 1964 2356 2000 quem

1375 2007 1471 2052 hasta
1500 2019 1714 2055 nequaquam
1740 2014 1883 2051 poterat.
1912 2002 1971 2038 Sic
1998 2015 2211 2050 nequaquam
2241 2003 2279 2039 &
2299 2017 2357 2039 ne—

1378 2058 1556 2107 quicquam
1593 2056 1699 2104 saepe
1734 2054 1899 2091 invicem
1939 2053 2166 2089 commutari
2205 2055 2353 2092 notavit

1379 2108 1650 2147 Freinshemius
1681 2105 1727 2144 ad
1753 2105 1857 2142 Curt.
1886 2104 1931 2141 L.
1960 2117 2021 2140 111.
2053 2117 2083 2142 1.
2111 2104 2168 2141 18.

1434 2173 1489 2198 12.
1521 2160 1684 2206 Jasonem
1712 2157 1917 2205 Tbeffalum)
1955 2155 2069 2204 Supra
2102 2168 2133 2193 1.
2157 2155 2191 2192 8.
2226 2162 2298 2192 ext.
2322 2155 2357 2195 6.

1380 2211 1546 2249 Pheraeus
1569 2211 1681 2257 Jason
1702 2216 1870 2246 vocatur.
1915 2207 1977 2244 Ad
1996 2218 2109 2256 quem
2127 2205 2254 2243 locum
2276 2207 2358 2245 No-

1382 2270 1436 2301 tas
1462 2263 1559 2301 vide.
1589 2260 1787 2299 VORST.
1826 2260 1886 2296 De
1905 2258 2040 2305 Jasone
2072 2257 2157 2295 vide
2177 2258 2233 2294 Cl.
2256 2258 2359 2296 Peri-

1382 2315 1537 2353 zonium
1564 2312 1610 2350 ad
1639 2312 1786 2350 Aelian.
1812 2310 1858 2347 L.
1886 2322 1929 2347 11.
1957 2311 2046 2347 Var.
2075 2309 2167 2351 Hist.
2196 2320 2273 2358 cap.
2287 2322 2324 2356 9.

1438 2379 1495 2416 13.
1521 2363 1678 2414 Taxillo]
1718 2363 1801 2399 Lib.
1831 2362 1929 2399 Dan.
1957 2363 2125 2409 Taxippo.
2151 2360 2248 2398 Edit.
2280 2362 2360 2399 Ve-

1386 2426 1494 2455 neta:
1525 2416 1669 2462 Taffillo.
1690 2415 1878 2451 Graecum
1900 2424 2045 2450 nomen
2065 2411 2112 2448 est
2133 2414 2362 2461 Taraxippm.

1385 2469 1488 2518 quod
1522 2468 1646 2506 nescio
1679 2478 1725 2503 an
1762 2466 1849 2502 huic
1879 2463 2196 2513 Gymnafiarchae
2234 2464 2357 2503 fuerit.

1387 2521 1524 2570 Neque
1564 2520 1678 2556 etiam
1718 2516 1764 2553 de
1791 2516 1918 2552 Taxila
1947 2514 2115 2564 quodam
2147 2526 2193 2551 ex
2226 2515 2361 2552 Brach-

1388 2572 1507 2609 manis
1527 2567 1810 2618 intelligendum
1835 2566 2013 2609 arbitror,
2040 2564 2085 2602 de
2108 2565 2238 2615 quibus
2261 2566 2361 2604 Stra-

1386 2622 1436 2660 bO
1465 2623 1581 2661 Libro
1605 2634 1664 2658 xv.
1693 2619 1888 2656 COLER.
1923 2618 2061 2654 Taxillo
2081 2617 2362 2667 gymnafiarchae

1386 2676 1547 2711 Taxillus
1577 2673 1673 2711 &in
1696 2670 1807 2708 codd.
1842 2668 1972 2706 Brand.
1998 2676 2167 2706 vocatur.
2221 2668 2263 2705 In
2293 2668 2361 2705 Li-

1384 2725 1451 2763 bro
1473 2724 1638 2763 Danielis
1663 2724 1854 2772 Taxippum
1882 2720 2009 2758 vocari
2040 2728 2173 2757 monet
2202 2718 2361 2757 Colerus

1386 2777 1584 2815 VORST.
1598 2776 1739 2812 Taxillo
1758 2772 1931 2811 videntur
1949 2771 2085 2810 habere
2105 2782 2239 2808 omnes
2250 2771 2362 2809 MSS.

1387 2828 1458 2866 Sed
1487 2830 1525 2866 &
1552 2837 1742 2877 praeterea
1770 2824 1936 2874 plerique
1969 2823 2226 2869 Gymnafiarcbo
2258 2822 2361 2859 exhi-

1385 2879 1495 2923 bent,
1530 2879 1632 2929 quod
1665 2876 1841 2915 edebatur
1869 2884 1955 2913 ante
1983 2874 2170 2923 Pighium.
2197 2873 2360 2911 {imiliter

1388 2932 1463 2968 fere
1489 2931 1525 2968 in
1547 2930 1661 2968 MStis
1672 2927 1925 2980 gymnafiarclm
1953 2925 2088 2974 legitur
2108 2925 2216 2963 infra.
2245 2925 2290 2961 L.
2307 2935 2363 2959 ιχ.

1391 2995 1445 3021 12.
1475 2991 1546 3019 ext.
1564 2994 1596 3029 7.
1618 2980 1666 3018 fic
1687 2980 1799 3017 etiam
1823 2978 1920 3027 apud
1949 2978 2028 3015 Cic.
2060 2977 2105 3014 L.
2124 2989 2183 3015 1v.
2210 2976 2248 3013 in
2268 2974 2358 3012 Ver.

1388 3045 1447 3082 42.
1474 3031 1734 3071 Demoliendum
1758 3030 1913 3081 praebuit
1934 3031 2123 3067 Demetrius
2147 3024 2362 3111 gymnasiar-

2275 3088 2362 3114 ems.
