2516 3509
346 127 487 182 DE
561 127 1150 204 JUDICIIS
1226 142 1863 208 PUBLICIS.

129 227 300 286 nentis,
349 222 391 263 ⁸⁵
429 226 603 272 animus
637 225 880 276 flu&uatus
914 231 989 278 cst.
1058 237 1401 288 Mami-familias
1435 241 1481 271 8⁶
1519 248 1761 310 Smyrnaea
1794 249 1944 295 virum
1980 248 2028 296 ὅτ.
2063 251 2119 298 fi-
2138 266 2313 299 Anaua».

127 312 240 358 lium
271 309 530 367 interemit,
573 325 681 356 cum
716 310 769 356 ab
805 312 872 358 his
907 316 1106 376 optimae
1140 319 1303 366 indolis
1332 324 1547 386 juvenem
1571 362 1586 386 ,
1631 344 1766 391 quem
1802 328 1843 367 87

128 390 230 437 viro
264 388 394 434 enixa
430 387 599 448 fuerat,
642 387 843 435 occisum
878 397 1179 456 comperisset.
1248 399 1403 458 Qiam
1439 418 1533 449 rem
1571 407 1808 454 Dolabella
1839 409 1890 454 ad
1912 408 1967 453 -se

2013 169 2119 223 709

131 482 248 528 tam,
284 467 485 513 Athenas
517 467 571 513 ad
608 467 837 531 Areopagi
873 474 1187 533 cognitionem
1224 479 1473 540 relegavit:
1523 485 1626 544 quia
1658 485 1748 547 ipse
1783 503 1927 549 neque
1959 487 2117 534 libera-

132 561 179 591 re
213 544 421 591 caedibus
456 543 627 591 duabus
664 547 1047 609 contaminatam,
1094 568 1239 616 neque
1276 550 1321 580 88
1363 558 1524 618 punire
1558 575 1654 605 eam
1692 562 1806 623 justo
1843 564 2000 610 dolore
2034 566 2119 611 im-

132 621 300 685 pulsam
327 656 341 681 ,
385 620 637 668 sustinebat.
711 623 1080 689 Confideranter,
1123 630 1171 676 &
1206 632 1432 680 mansuete
1469 632 1513 673 39
1550 641 1709 700 populi
1744 642 1945 688 Romani
1980 646 2122 707 magi-

131 702 320 751 stratus:
369 703 440 749 sed
477 704 780 767 Areopagitae
813 722 995 769 quoque
1028 727 1121 756 non
1155 712 1302 759 minus
1337 712 1568 777 sapienter.
1636 719 1734 778 Qii
1770 722 1965 786 inspeffta
1998 724 2118 770 caus—

131 780 198 840 sa,
236 782 284 828 δί
318 781 622 829 accusatorem
659 783 705 828 ὃς
740 800 859 830 ream
907 792 953 823 90
987 788 1088 850 post
1122 804 1306 838 centum
1343 810 1478 840 annos
1511 796 1564 841 ad
1599 795 1639 842 sc
1674 802 1835 846 reverti
1864 803 2116 865 jusserunt:

134 864 293 911 eodem
328 863 494 910 affecftu
529 865 644 910 moti
667 898 682 923 ,
730 882 822 927 quo
861 868 1109 916 Dolabella.

1178 873 1264 918 Sed
1310 874 1383 919 ille
1430 877 1734 925 transferendo
1779 883 2115 944 quaestionem,

134 947 181 992 hi
216 942 493 1004 differendo,
538 943 778 990 damnandi
807 959 942 1008 atque
976 945 1234 995 absolvendi
1282 956 1324 988 9¹
1378 951 1743 1015 inexplicabilem
1784 959 2118 1008 cunclationem

135 1024 386 1072 mutabant.

188 1152 249 1190 88.
286 1155 409 1190 Punire
444 1167 516 1190 eam
550 1156 633 1202 justo
660 1152 770 1190 dolore
795 1152 988 1203 impulsam]
1035 1154 1104 1193 Pa-

137 1204 193 1241 ris.
227 1214 344 1252 quart.
380 1206 480 1242 Barb.
518 1205 624 1251 prim.
660 1220 730 1240 eam
761 1217 838 1240 mm
875 1209 959 1252 justo
992 1205 1102 1243 dolore

138 1256 328 1305 impulsam.
363 1271 433 1292 eam
464 1255 561 1293 delet
591 1254 722 1304 Ultraj.
749 1257 855 1304 prim.
894 1258 1002 1305 Lego
1033 1268 1104 1294 tam

132 1311 220 1353 justo
246 1306 366 1344 dolore.

191 1358 251 1406 89.
280 1358 398 1404 Populi
426 1359 565 1408 IQmani
592 1356 826 1406 magistratus]
867 1358 908 1394 In
940 1359 1106 1407 margine

137 1408 284 1446 notavit
304 1409 471 1456 Pighius,
496 1410 545 1444 al’
571 1409 696 1455 Procos.
722 1410 825 1457 quod
844 1410 1020 1458 nusquam
1052 1411 1108 1447 in-

138 1469 264 1496 venio.

191 1523 253 1558 90.
280 1511 357 1554 Post
378 1520 503 1545 centum
528 1523 631 1544 annos
659 1507 703 1544 ad
721 1511 759 1557 se
787 1510 911 1545 reverti
934 1510 1109 1560 jusserunt]

144 1559 186 1596 In
206 1558 403 1607 Campenfi
420 1588 429 1603 ,
452 1559 629 1597 mendose
655 1560 746 1596 item
771 1558 874 1606 adeffe
891 1565 1015 1597 reverti
1043 1566 1110 1610 jus-

138 1613 270 1658 serunt.
322 1610 423 1647 Hinc
446 1610 582 1659 colligo
601 1608 779 1657 glossema
802 1609 872 1647 esse
891 1615 1039 1655 reverti,
1057 1621 1104 1649 at

144 1672 218 1709 que
249 1661 386 1698 auferri
416 1658 528 1708 pofl‘e.
582 1661 721 1698 Gellius
751 1661 906 1698 eandem
938 1674 980 1698 ex
1001 1663 1109 1699 Vale-

141 1712 199 1748 rio
227 1711 352 1748 nostro
382 1712 541 1748 referens
567 1711 752 1748 historiam
769 1739 778 1755 ,
806 1712 855 1748 ita
885 1724 1038 1760 quoque
1057 1713 1110 1750 di-

140 1762 215 1798 xit:
245 1761 424 1808 Centefimo
441 1775 527 1797 anno
545 1761 650 1808 adesse
668 1763 835 1810 jusserunt.
861 1762 1000 1800 PIGH.
1033 1765 1110 1810 Post

138 1823 264 1849 centum
295 1826 398 1848 annos
423 1811 467 1847 ad
486 1816 524 1859 se
555 1815 681 1848 reverti
710 1814 880 1860 juffirunt.
930 1814 983 1851 Ita
1007 1822 1110 1851 vete—

141 1874 197 1901 res
224 1865 320 1912 typis
358 1863 507 1911 exprefli
528 1890 538 1906 ,
587 1864 623 1899 &
651 1863 783 1900 Brand.
820 1863 930 1901 MSS.
963 1865 1111 1913 Pighius

140 1925 210 1962 pro
238 1913 282 1950 ad
301 1916 340 1961 se
369 1924 492 1949 revern
520 1912 653 1961 scripfit
688 1913 814 1961 adeffe;
842 1915 935 1964 quia
965 1916 1003 1952 in
1034 1927 1109 1954 uno

142 1964 228 2002 cod.
255 1964 387 2013 reperit
414 1963 518 2011 adesse
547 1967 694 2007 reverti,
734 1966 769 2002 ὃ(
799 1966 896 2013 apud
919 1966 1081 2003 Gellium
1100 1995 1109 2011 ‚

139 2015 201 2052 ubi
230 2016 258 2052 is
285 2014 412 2052 eadem
436 2023 555 2052 narrat
577 2043 587 2059 ,
622 2013 727 2062 adeffie
751 2015 880 2052 solum.
915 2017 1110 2054 VORST.

141 2064 219 2103 „Ad
252 2068 292 2112 se
327 2066 451 2100 reverti
484 2065 689 2102 defendunt
719 2066 829 2102 nostri
864 2067 1041 2104 tredecim
1073 2069 1111 2105 δε

140 2115 234 2153 Edd.
269 2115 453 2163 antiquae.
514 2117 595 2152 Nec
625 2116 710 2163 quia
750 2115 855 2163 adeffe
891 2117 980 2153 dixit
1020 2118 1108 2154 Gel-

139 2167 227 2205 lius.
250 2165 336 2203 ideo
366 2164 509 2202 neceffe
531 2166 597 2210 est,
631 2167 669 2202 &
686 2166 849 2203 nostrum
871 2166 917 2203 fic
937 2168 1107 2206 locutum

139 2215 254 2254 fuisse.

186 2280 248 2316 91.
274 2265 542 2317 Inexplicabilem
561 2265 797 2303 cunflationem
817 2267 1013 2318 mutabant]
1027 2280 1062 2306 v.
1075 2279 1107 2306 C.

1155 1156 1361 1196 invitabant.
1387 1159 1526 1197 PIGH.
1555 1162 1615 1197 Ille
1634 1164 1859 1208 transferendo
1878 1167 2119 1214 quaestionem,

1155 1208 1188 1243 ln
1205 1207 1388 1258 drffi’rendo
1405 1242 1409 1249 ,
1438 1211 1619 1248 damnandi
1635 1225 1737 1261 atque
1757 1215 1947 1263 alasolvendt
1977 1221 2125 1267 inexpli-

1155 1259 1290 1295 cabtlem
1326 1263 1561 1297 cunfflauonem
1598 1264 1783 1301 mutabant.
1847 1268 2032 1303 Mutabant
2071 1270 2120 1306 est

1157 1309 1196 1345 in
1233 1311 1497 1358 antiquioribus
1538 1314 1633 1361 typis
1672 1315 1866 1362 cxpreffis,
1914 1319 1951 1354 &
1987 1319 2120 1356 Brand.

1159 1359 1265 1397 MSS.
1303 1361 1373 1399 Sed
1403 1363 1545 1410 Pighius
1573 1375 1640 1411 pro
1669 1376 1715 1401 eo
1744 1365 1876 1413 scripsit
1903 1370 2121 1413 invitabantg.

1160 1411 1264 1459 quod
1302 1412 1340 1448 in
1379 1421 1504 1450 vetere
1545 1413 1709 1462 quodam
1751 1416 1833 1452 cod.
1861 1417 1897 1454 id
1927 1418 2120 1466 reperisset.

1161 1462 1258 1498 Mihi
1285 1470 1456 1500 neutrum
1486 1465 1566 1501 satis
1594 1466 1840 1502 commodum
1864 1494 1874 1510 ‚
1912 1468 2031 1517 deque
2058 1470 2122 1508 ad-

1160 1512 1233 1549 huc
1261 1512 1333 1550 alio
1365 1514 1603 1562 cogitandum
1634 1515 1789 1553 videtur.
1817 1517 2006 1556 VORST.
2033 1525 2123 1556 Mu-

1160 1563 1279 1599 tabant
1315 1565 1362 1600 est
1399 1566 1510 1602 etiam
1538 1566 1574 1602 in
1604 1566 1741 1604 nostris.
1785 1567 1901 1615 Pighii
1931 1570 2125 1607 invitabant

1163 1622 1261 1651 certe
1301 1615 1349 1651 est
1390 1616 1504 1652 nihili.
1562 1616 1668 1664 Quid
1701 1618 1801 1654 enim
1831 1618 1929 1655 aliud
1958 1620 2031 1656 hoc
2058 1633 2130 1669 po-

1161 1664 1226 1700 test
1254 1663 1454 1712 significare
1474 1694 1484 1710 ‚
1519 1678 1632 1715 quam
1663 1667 1742 1704 illos
1776 1668 1970 1706 advocasse
1995 1671 2032 1706 in
2064 1684 2128 1708 au*-

1162 1714 1290 1751 xilium
1314 1716 1589 1754 cunctationem
1604 1746 1613 1761 ‚
1627 1729 1723 1766 quae
1743 1730 1820 1756 non
1842 1719 1981 1756 aderat?
1995 1723 2125 1768 Quum

1161 1765 1236 1801 hoc
1266 1765 1418 1803 voluiffe
1447 1767 1574 1804 audior
1604 1767 1790 1806 videatur:
1831 1770 1916 1807 Illos
1945 1771 1984 1807 in
2010 1774 2127 1810 maxi-

1163 1826 1265 1851 mam
1315 1816 1591 1854 cunflationem
1638 1829 1787 1867 propter
1826 1823 2124 1868 pronunciandae

1162 1866 1362 1904 sententiae
1395 1867 1645 1905 difficultatem
1679 1870 1892 1919 conjectos,
1929 1872 2026 1909 unde
2054 1874 2124 1911 sese

1163 1917 1336 1965 expedire
1365 1919 1402 1955 &
1432 1919 1612 1967 explicare
1647 1931 1724 1957 non
1758 1931 1960 1970 poterant,
2007 1924 2126 1962 modo

1163 1968 1307 2005 diverso
1336 1969 1373 2005 in
1402 1981 1442 2007 ea
1473 1971 1507 2006 se
1537 1968 1696 2018 gestisse,
1730 1973 1767 2009 ὅς
1799 1973 2033 2010 Dolabellam
2063 1975 2126 2012 da-

1164 2019 1422 2061 mnationem,
1451 2020 1509 2056 vel
1530 2021 1797 2060 absolutionem
1817 2051 1827 2067 ‚
1854 2022 2005 2061 mutasse
2027 2026 2125 2062 caus-

1161 2068 1218 2105 sae
1248 2069 1292 2106 ad
1325 2070 1414 2107 alios
1447 2071 1591 2118 judices
1621 2072 1880 2117 translatione;
1921 2076 2127 2123 Areopagi-

1162 2126 1214 2156 tas
1246 2131 1336 2157 vero
1369 2119 1522 2159 mut-affe
1561 2123 1734 2161 eamdem
1774 2124 1950 2162 dilatione
1977 2125 2125 2171 indon-

1160 2170 1343 2217 giffinium
1377 2171 1489 2209 diem.
1543 2173 1698 2221 Guyeto
1727 2174 1957 2214 scribendum
1977 2176 2124 2213 videba-

1159 2228 1217 2257 tur
1248 2221 1418 2259 vitabant.
1457 2222 1649 2262 Ascenfius
1671 2226 1893 2272 mutuabant,
1922 2226 1959 2265 id
1978 2226 2023 2264 est
2043 2239 2127 2266 mu=

1158 2278 1226 2308 tuo
1256 2272 1485 2320 usurpabant.

910 2409 1262 2467 CAPUT
1339 2414 1413 2468 ΙΙ.

185 2538 310 2599 DE
388 2535 977 2601 PR1VAT15
1055 2520 1530 2628 Juuicns
1611 2545 2072 2610 INSIGNL,

1021 2658 1253 2721 Bus,

296 2803 544 2862 QUIBUS
601 2805 938 2855 DAMNATL

142 2887 180 2917 1.
216 2867 261 2915 T.
298 2869 497 2914 Claudms
532 2871 811 2921 Centumalus.

138 2951 180 2983 2..
215 2935 399 2980 Otacilia
437 2934 679 2994 Laterensts.

1155 2825 1196 2873 3.
1234 2814 1282 2857 C.
1318 2809 1495 2858 Titinius
1530 2812 1840 2871 Minturnensis.

1151 2891 1196 2937 4.
1244 2878 1438 2940 ‚Quidam
1481 2877 1526 2921 ob
1571 2879 1663 2936 equi
1706 2881 1920 2923 vesturam
1965 2879 2114 2941 longia-

1294 2958 1396 2989 Vem-

1427 3078 1656 3129 JVvvv3
1990 3063 2114 3109 ‘PU’

2028 330 2035 337 .
2140 310 2311 345 685.Gell.

1880 345 1936 376 ex
1969 345 2120 393 priore
2139 361 2209 382 x11.
2237 362 2267 388 7,
