2516 3509
152 385 223 406 xxx.
260 375 345 412 Poly-

150 419 217 447 bius
243 424 312 445 xxv.

151 459 325 499 Appianus.

359 96 454 151 616

645 87 1056 149 VALERII
1131 39 2006 147 MAX1M1L1112.·V1.CA1›.
2050 88 2155 145 lx.

359 198 491 254 etus,
537 192 586 232 9⁶
622 206 675 241 ut
710 190 1083 248 validiffimorum
1118 185 1403 252 populorum
1447 196 1630 232 tantum
1678 201 1772 235 non
1815 188 1981 236 arbiter
2024 188 2242 237 victoriae
2276 191 2381 239 exi-

148 299 218 325 m„
255 288 318 320 urb.
366 275 499 321 steret
521 305 537 331 ,
593 272 721 336 parvi
763 269 984 334 temporis
1027 264 1266 330 interjecta
1306 280 1435 311 mora
1479 275 1710 311 catenatus
1732 264 1770 313 -εὶ
1805 267 1966 331 Laelio
2000 268 2151 331 legato
2187 269 2242 316 ad
2278 270 2378 318 Sci-

149 346 208 370 550
237 332 341 363 Lirim
407 358 414 364 ,

371 371 556 422 pionem
595 356 915 417 imperatorem
950 348 1201 416 pertractus
1235 345 1312 393 est.
1378 343 1614 408 Cujusque
1652 344 1884 394 dexteram
1919 349 2047 411 regio
2078 349 2279 396 insidens
2313 349 2382 396 so-

375 435 437 481 lio
473 435 702 497 arroganti
739 450 876 482 manu
910 431 1121 495 attigerat
1144 462 1159 487 ‚
1204 434 1251 465 97
1288 427 1384 489 ejus
1415 424 1608 488 genibus
1641 423 1830 489 supplex
1865 428 2131 489 procubuit.
2199 426 2248 467 9⁸
2284 430 2376 477 Ca-

373 516 490 564 duca
524 517 716 562 nimium
755 516 802 561 ἃ,
839 513 1014 576 fragilia
1037 545 1052 570 ,
1104 506 1442 573 puerilibusque
1488 505 1784 554 consentanea
1830 509 2088 572 crepundiis
2130 509 2231 558 sunt
2275 511 2381 571 ista,

373 610 486 656 quae
521 596 634 642 vires
668 608 802 657 atque
837 608 944 656 opes
980 591 1200 637 humanae
1243 597 1480 635 vocantur.
1549 584 1762 633 Affluunt
1802 586 1987 646 subito,
2041 603 2223 652 repente
2266 590 2375 638 dila-

375 814 438 841 ret.
459 803 515 842 vcl
531 833 539 848 ‚
554 803 868 853 sedw'vic'loriae,
894 811 956 842 aut
968 802 1029 850 secl
1050 801 1211 838 «pistoriae
1231 799 1350 845 existe-

377 867 438 891 ret,
493 859 639 892 Tantum
669 871 733 892 non
763 857 810 893 est
836 857 873 892 in
911 863 1073 904 utroque
1100 854 1221 891 Duae.
1260 862 1353 888 con-

378 916 433 944 tra
461 906 588 944 desunt
614 908 682 944 hae
711 919 822 945 voces
841 908 876 944 in
896 905 998 943 Med.
1029 913 1187 954 utroque
1197 918 1208 946 ;
1237 903 1353 950 &pa—

379 966 433 994 tet
460 958 553 994 haec
582 958 717 1007 ubique
754 959 831 995 fere
866 956 964 1005 apud
994 955 1158 993 nostrum
1181 962 1351 1001 corrupta

384 1006 513 1051 faust,
538 1017 600 1045 aut
633 1020 716 1046 cum
745 1024 808 1044 non
843 1019 975 1043 tantum
1003 1007 1165 1044 confusa.
1219 1003 1351 1053 Quid?

385 1059 409 1096 ll
433 1059 673 1108 scripierit,ut
694 1058 962 1106 *validisfimernm
979 1059 1171 1107 populorum
1194 1070 1257 1091 non
1277 1067 1353 1091 tan-

386 1123 457 1146 tum
483 1111 639 1159 arbiter3
673 1109 732 1156 sed
763 1118 806 1145 <9⁴
838 1110 999 1144 momoriae
1037 1122 1145 1144 eorum
1177 1108 1354 1152 existeret,

387 1162 424 1198 id
446 1161 515 1205 est,
543 1161 605 1210 qui
633 1160 678 1197 ad
700 1161 737 1197 id
759 1160 927 1197 claritatis
955 1158 1134 1207 fastigium
1162 1165 1239 1194 erat
1269 1168 1353 1193 eve-

394 1211 492 1255 ἔως,
522 1222 559 1249 ut
587 1224 664 1249 non
697 1220 841 1249 tantum
869 1211 972 1247 litem
1001 1210 1095 1246 inter
1120 1207 1354 1245 validissimos

387 1264 545 1311 populos
574 1261 690 1311 poffet
709 1263 880 1300 dirimere
898 1289 907 1305 ,
932 1260 992 1297 sed
1020 1261 1131 1299 etiam
1164 1270 1210 1295 eo
1239 1257 1356 1295 vieto-

389 1315 439 1350 ria
454 1341 463 1356 ‚
492 1326 536 1351 ex
560 1314 744 1363 utriusque
772 1312 898 1361 populi
921 1312 1123 1348 amicitiam
1147 1310 1223 1358 ejus
1246 1318 1356 1347 tanto

390 1365 535 1402 ambitu
562 1363 658 1401 ultro
691 1365 845 1412 petentis
874 1363 1070 1406 sententia,
1106 1361 1176 1398 sese
1205 1360 1358 1398 inclina-

388 1424 469 1453 tura
499 1415 717 1459 videretur,
761 1427 837 1464 quo
874 1413 979 1461 ipsius
1006 1410 1208 1451 inclinasset
1237 1414 1356 1449 favor.

387 1467 455 1504 Ed.
483 1465 639 1503 Mediol.
665 1471 706 1502 Ut
728 1462 995 1512 valia'iffimorum
1014 1465 1206 1512 populorum
1233 1463 1358 1500 arbiter

386 1519 549 1553 vitqortae
575 1519 738 1564 existeret.
766 1518 875 1564 Mog.
897 1527 980 1552 cum
1002 1515 1133 1564 Pighio
1153 1514 1334 1552 consentit
1350 1542 1360 1558 ,

390 1569 429 1605 ὃς
457 1568 596 1605 sensum
628 1568 773 1605 exhibet
801 1566 960 1605 omnino
989 1566 1157 1608 bonum,
1184 1573 1225 1602 ut
1259 1565 1356 1602 nulla

391 1630 484 1667 opus
503 1618 544 1655 sit
564 1620 784 1656 mutatione.

442 1682 502 1717 97.
530 1668 604 1710 ‘sid
624 1676 693 1714 ejus
705 1683 817 1720 genua
832 1670 975 1717 supplex
993 1665 1180 1716 procubuit]
1212 1667 1358 1704 Omnes

392 1727 469 1757 tam
491 1720 634 1769 scripti,
657 1732 768 1769 quam
789 1720 884 1768 typis
906 1719 1056 1767 expreffi
1076 1727 1160 1755 ante
1185 1717 1356 1764 Pighium

390 1771 528 1808 habent
554 1776 624 1816 ejus
648 1771 788 1821 genibus
809 1772 953 1818 supplex
981 1768 1160 1815 precubuit.
1196 1768 1255 1804 Sic
1282 1778 1358 1812 pre-

391 1824 527 1859 volvere
563 1823 780 1859 construitur
804 1820 911 1869 apud
939 1821 1035 1857 Tac.
1072 1819 1118 1855 L.
1144 1830 1225 1858 xri.
1257 1818 1358 1855 Ann.

399 1873 456 1910 18.
493 1875 629 1922 Regiam
661 1871 868 1923 ingreditur,
904 1870 1111 1921 genibusque
1142 1875 1212 1911 eius
1235 1879 1359 1918 provo-

379 1926 495 1960 lutus.
548 1924 678 1972 Itaque
696 1924 886 1972 antiquam
906 1921 1107 1958 leetionem
1130 1920 1315 1957 revocavi.

445 1975 507 2023 98.
538 1974 672 2010 Caduca
698 1977 853 2011 nimirum
881 1971 1106 2022 &fragilia]
1157 1971 1198 2008 In
1226 1970 1361 2018 scriptis

394 2025 508 2062 libris:
555 2025 688 2061 Caduca
715 2027 853 2060 nimium
879 2024 956 2059 lmec
982 2031 1026 2058 ω’
1049 2023 1196 2073 fragilia
1221 2023 1363 2068 puerili-

396 2076 520 2126 busque
556 2077 764 2124 consentanea
795 2073 978 2124 crepundiis
1005 2076 1087 2122 sunt
1107 2102 1117 2116 ‚
1157 2087 1241 2123 quae
1273 2075 1362 2109 vires

396 2138 500 2176 atque
527 2137 600 2175 opes
636 2127 800 2162 humanae
829 2136 1000 2162 vocantur.
1053 2125 1219 2173 Optime.
1274 2124 1362 2171 Epi-

398 2177 504 2226 logus
534 2178 593 2214 hic
631 2177 679 2214 est
706 2178 819 2214 totius
846 2176 969 2224 capitis
998 2183 1128 2213 ornate
1161 2175 1362 2212 sententio-

398 2228 478 2272 sus,
504 2240 616 2277 quem
637 2228 814 2278 plerisque
832 2227 922 2264 locis
944 2227 1238 2264 contaminatum
1263 2238 1361 2264 ema-

400 2279 544 2321 culmi,
582 2280 751 2328 atquem
782 2279 856 2316 fine
884 2278 1058 2315 mutilum
1089 2277 1227 2314 auxilio
1260 2285 1364 2314 vete-

399 2342 483 2367 rum
519 2330 696 2367 librorum
741 2330 904 2378 supplevi
944 2329 1019 2366 hoc
1057 2329 1188 2366 modo.
1243 2331 1363 2378 Itaque

397 2395 502 2432 neque
528 2382 714 2427 existimari
752 2395 853 2429 neque
887 2380 952 2416 dici
979 2379 1094 2415 debent
1117 2380 1201 2415 bona
1222 2408 1232 2422 ‚
1279 2395 1364 2429 quae

401 2443 438 2467 ut
472 2434 669 2479 inflic‘lorum
709 2433 869 2466 malorum
911 2429 1136 2465 amaritudine
1169 2429 1363 2475 desiderium

392 2483 452 2530 sui
475 2481 661 2531 duplicent;
689 2482 890 2530 propensiore
909 2483 1030 2526 favore
1056 2482 1160 2527 primo
1186 2480 1364 2525 delinitos,

405 2538 528 2578 majme
548 2536 658 2583 postea
686 2535 846 2568 malorum
878 2533 1004 2567 cumulo
1040 2532 1217 2579 opprimere
1243 2532 1363 2577 solent.

405 2585 521 2633 Cujus
551 2583 693 2631 periodi
722 2582 918 2621 dimidium
946 2582 1022 2617 fere
1049 2581 1086 2617 in
1113 2580 1285 2617 omnibus
1307 2594 1365 2618 ex-

404 2635 625 2683 emplaribus
654 2634 858 2678 intercidit,
885 2642 954 2669 nos
976 2643 1062 2668 eum
1083 2642 1127 2668 ex
1148 2631 1364 2669 Cauchiano

401 2687 494 2723 libro
522 2687 558 2723 in
587 2687 771 2733 integrum
802 2685 848 2722 ita
881 2682 1107 2720 restituimus.
1129 2682 1267 2719 PIGH.
1296 2685 1363 2718 Ni-

403 2739 520 2773 mirum
547 2739 684 2784 primus
713 2735 814 2773 dedit
841 2733 978 2776 Aldus,
1003 2734 1040 2770 &
1061 2733 1171 2770 exstat
1200 2733 1237 2769 in
1264 2741 1364 2770 utro-

403 2799 476 2836 que
496 2788 598 2824 Med.
626 2787 738 2825 ceteri
768 2788 930 2828 nimium,
958 2782 1062 2833 quod
1091 2783 1188 2820 recle
1214 2783 1365 2821 restituit

330 2867 333 2870 .
400 2838 570 2886 Pighius,
596 2838 784 2887 sequentia
815 2848 892 2874 non
924 2836 1038 2877 item,
1067 2846 1162 2881 quae
1192 2833 1229 2870 in'
1258 2834 1364 2872 MSS.

403 2890 442 2926 δε
465 2888 685 2925 editionibus
710 2886 976 2937 antiquioribus
1001 2886 1051 2922 ita
1080 2885 1262 2934 leguntur.
1297 2887 1365 2920 Ca-

398 2939 480 2975 duca
509 2941 647 2974 nimium
668 2948 712 2975 <7
728 2941 898 2990 fragilia,
927 2935 1171 2987 puerilibusque
1196 2937 1366 2983 consenta-

397 3004 460 3027 nea
490 2992 671 3041 crepundiis
692 2993 774 3039 sunt
798 2992 883 3039 ista,
913 3001 999 3040 quae
1023 2988 1136 3032 vires,
1166 2996 1268 3037 atque
1291 2998 1364 3036 opes

2262 669 2379 716 bun-

1401 798 1565 836 lmmanae
1597 808 1770 835 vocantur.
1833 797 1952 847 Quod
1988 799 2077 849 quin
2107 798 2232 838 saltem
2261 811 2380 850 acque

1404 851 1633 888 concinnum
1667 851 1705 887 ὃς
1737 849 1883 898 elegans
1914 849 1954 887 fit
1989 862 2107 888 nemo
2146 851 2377 889 dubitaverit.

1402 902 1475 940 Pro
1503 902 1688 952 crepundiis
1725 901 1831 938 multi
1859 901 1965 938 MSS.
2001 913 2086 938 cum
2119 903 2218 940 Ven.
2245 902 2383 941 habent

1403 951 1554 1000 crepidis.
1584 951 1717 989 deinde
1739 963 1806 1000 pro
1825 952 2001 1000 confilium
2038 952 2146 990 Leid.
2171 953 2286 1003 quint.
2301 955 2384 1002 sub-

1397 1004 1531 1051 sistunt.

1454 1067 1515 1103 99.
1543 1057 1637 1105 ¹Quos·
1666 1054 1703 1088 in
1721 1052 1884 1102 sublime]
1917 1053 1999 1090 Lib.
2031 1053 2129 1091 Dan.
2157 1059 2252 1104 Quos
2268 1055 2382 1101 subli-

1409 1118 1468 1140 me.
1521 1103 1614 1142 Illud
1643 1103 1941 1141 Paedotribicum
1975 1115 2133 1141 acumen
2162 1106 2261 1155 sapit.
2290 1108 2382 1144 CO·

1406 1156 1524 1193 LER.
1554 1155 1657 1192 MSS.
1687 1154 1888 1192 duodecim
1914 1167 1999 1192 cum
2025 1153 2115 1192 E'dd.
2143 1157 2249 1205 Mog.
2277 1158 2376 1195 Ven.

1407 1206 1562 1244 Mediol.
1591 1210 1685 1255 Quos
1697 1205 1840 1253 sublime
1860 1208 2064 1242 extulerunt.
2095 1207 2263 1255 Optime.
2292 1209 2382 1246 Mu-

1408 1265 1526 1295 tatum
1547 1256 1595 1294 est
1613 1257 1656 1293 ab
1678 1256 1740 1301 iis,
1768 1258 1832 1306 qui
1853 1256 2002 1294 venuste
2031 1257 2079 1293 ita
2100 1266 2242 1296 veteres
2275 1258 2382 1296 locu-

1409 1316 1466 1346 tos
1498 1307 1729 1357 ignorabant.
1758 1309 1910 1345 L.v111.
1942 1321 1972 1346 1.
2000 1307 2126 1345 damn.
2157 1320 2188 1355 7.
2224 1313 2283 1346 M.
2296 1314 2381 1351 uie.

1408 1361 1537 1395 milium
1568 1360 1745 1394 Porcinam
1784 1361 1805 1393 iz
1835 1363 1875 1394 L.
1903 1357 2003 1405 Caffio
2036 1363 2222 1407 accusatum
2251 1363 2385 1398 crimine

1408 1412 1508 1446 nimis
1525 1409 1670 1458 sublime
1698 1411 1881 1454 exstrufflae
1907 1411 2037 1451 villae,
2063 1414 2170 1459 gravi
2200 1412 2306 1447 multa
2329 1415 2383 1457 af-

1401 1463 1496 1506 fecit.
1525 1461 1579 1498 Ita
1599 1459 1743 1508 sublime
1765 1462 1849 1505 ferri
1872 1463 1996 1508 proin
2015 1462 2159 1506 sublime
2193 1473 2380 1510 reponen-

1409 1512 1498 1548 dum
1538 1522 1692 1561 quoque
1736 1509 1806 1547 effe
1847 1510 1942 1559 apud
1977 1511 2061 1558 Just.
2101 1513 2146 1548 L.
2176 1525 2231 1549 iv.
2264 1527 2293 1550 1.
2325 1527 2381 1552 10.

1410 1562 1578 1600 censebat
1617 1563 1667 1599 N.
1706 1560 1878 1599 Heinsius
1916 1561 1959 1599 ad
1996 1562 2079 1599 Val.
2128 1563 2224 1600 Flac.
2271 1565 2316 1602 L.
2349 1580 2379 1602 1.

1409 1614 1494 1662 285.
1537 1615 1576 1651 δί
1595 1612 1643 1650 fic
1665 1614 1810 1662 segetem
1835 1612 1981 1660 sublime
2010 1615 2182 1662 expulsam
2211 1628 2384 1660 eruerent,

1409 1664 1506 1713 apud
1537 1665 1640 1712 Virg.
1682 1664 1727 1700 L.
1760 1677 1787 1701 1.
1839 1664 1977 1713 Georg.
2003 1677 2086 1714 320.
2122 1664 2382 1714 interpretatur

1413 1716 1581 1758 Servius,
1621 1720 1682 1752 Per
1699 1715 1850 1762 sublime
1869 1726 2042 1763 portarent
2069 1728 2200 1751 erutam
2221 1720 2381 1768 segetem.

1412 1766 1518 1814 Virg.
1545 1765 1624 1803 ECl.
1656 1778 1709 1803 IX.
1737 1778 1795 1813 29.
1823 1776 1915 1800 tuum
1942 1780 2055 1801 nomen
2085 1775 2158 1804 (fc.

1462 1819 1645 1852 Cantantes
1665 1816 1809 1863 sublime
1830 1818 1940 1862 ferent
1967 1815 2011 1852 ad
2032 1816 2146 1862 fidera
2172 1819 2277 1869 cygni.

1413 1867 1552 1915 Georg.
1582 1867 1626 1904 L.
1654 1879 1714 1903 111.
1747 1867 1829 1904 108.

1461 1917 1612 1967 Jamque
1629 1918 1792 1960 humiles,
1813 1922 1948 1967 jamque
1968 1918 2051 1954 elati
2062 1919 2204 1966 sublime
2224 1919 2383 1959 videntur

1463 1974 1577 2007 affra
1595 1980 1653 2017 per
1663 1983 1802 2004 vacuum
1818 1969 2208 2022 ferri‚atqueaffirgere
2226 1974 2386 2012 inauras.

1414 2019 1530 2057 Ovid.
1560 2020 1670 2068 Epist.
1705 2020 1903 2068 Dejanirae
1933 2032 1970 2057 v.
2002 2033 2082 2068 129.

1461 2073 1532 2107 Dat
1549 2073 1681 2107 vultum
1699 2072 1816 2118 populo
1827 2070 1972 2118 sublime
1981 2071 2044 2120 sub
2065 2074 2210 2108 Hercule
2235 2075 2335 2112 victo.

1412 2120 1474 2158 ubi
1503 2121 1588 2160 vide
1620 2123 1667 2159 N.
1692 2120 1899 2165 Henfium,
1927 2123 1965 2160 ὃς
1985 2121 2301 2173 Oudendorpium
2334 2125 2379 2164 ad

1415 2172 1552 2223 Obseq.
1580 2185 1610 2211 c.
1639 2186 1720 2211 101.

1467 2237 1549 2262 100.
1586 2226 1768 2272 Improvisb
1812 2223 1946 2271 decursu
1978 2221 2170 2276 destitutos]
2227 2228 2386 2268 Veteres

1414 2274 1511 2320 duo,
1535 2276 1661 2323 recessu.
1674 2275 1777 2324 quod
1798 2275 2113 2324 apprObO.LIPS‚
2137 2281 2293 2323 Decurfu.
2321 2281 2387 2317 Li-

1414 2325 1507 2374 pfius
1525 2338 1570 2364 CX
1591 2335 1677 2364 vett.
1708 2331 1855 2379 Recursu,
1882 2327 1980 2363 Dan.
2012 2327 2161 2375 Recuffu.
2191 2329 2383 2368 COLER.

1416 2380 1598 2427 Improviso
1624 2381 1750 2425 recursu
1779 2376 1963 2424 destitutos.
2005 2377 2058 2414 Ita
2083 2379 2230 2417 Codices
2252 2381 2383 2420 Brand.

1415 2440 1493 2465 non
1512 2428 1665 2473 decursu,
1694 2436 1734 2465 ut
1753 2427 1899 2476 Pighius
1917 2427 2041 2465 edidit.
2095 2430 2164 2468 Sed
2186 2432 2222 2468 ὃς
2242 2440 2385 2471 veteres

1416 2480 1512 2528 typis
1532 2480 1681 2528 expreffi
1708 2481 1756 2516 ita
1777 2479 1923 2516 habent.
1951 2479 2146 2518 VORST.
2173 2483 2300 2531 Recessit
2321 2483 2387 2520 ha-

1417 2530 1478 2567 bet
1509 2531 1643 2580 Ultraj.
1678 2531 1786 2579 prim.
1825 2529 1932 2567 Leid.
1973 2530 2081 2577 prim.
2118 2533 2235 2581 quint.
2274 2535 2386 2572 ceteri

1416 2585 1555 2627 recursu.
1586 2594 1671 2619 cum
1692 2581 1887 2619 Eddantt.
1911 2581 2150 2620 Manifestum
2173 2584 2219 2621 est
2239 2585 2385 2622 transsa-

1416 2632 1561 2670 tionem
1585 2632 1663 2670 fieri
1684 2633 1727 2670 ab
1748 2632 1845 2669 aestu
1867 2631 2013 2669 marino
2029 2657 2037 2672 ‚
2065 2634 2128 2682 qui
2149 2636 2383 2674 retrocedens

1415 2683 1452 2720 in
1480 2683 1596 2721 finum
1624 2684 1729 2720 suum
1756 2683 1887 2720 dicitur
1915 2696 2085 2720 recurrere.
2124 2685 2227 2724 Curt.
2252 2688 2296 2724 L.
2326 2698 2382 2723 1x.

1416 2747 1451 2782 9.
1476 2746 1535 2772 20.
1564 2736 1776 2783 Reciprocare
1795 2733 1897 2782 coepit
1916 2747 2005 2769 mare
2025 2748 2143 2786 magno
2162 2739 2270 2773 mnu
2287 2737 2386 2786 aquis

1417 2787 1452 2820 in
1471 2787 1570 2831 suum
1590 2788 1717 2830 fretum
1746 2784 1995 2821 recurrentibus.
2022 2785 2070 2822 ita
2091 2787 2245 2838 regreffias
2269 2787 2384 2824 maris.

1416 2834 1519 2882 supra
1543 2837 1588 2872 L.
1615 2849 1677 2872 111.
1705 2849 1738 2872 2.
1767 2847 1827 2884 23.
1853 2835 1916 2872 ubi
1945 2835 2040 2872 vide.

1471 2898 1502 2921 1.
1538 2885 1705 2931 Profunda
1735 2885 1881 2923 cladium
1909 2886 2142 2935 miserabiliter
2167 2883 2382 2934 immergunt]

1417 2934 1544 2982 Vulgo
1583 2946 1668 2974 ante
1704 2937 1876 2986 Pighium
1915 2938 1954 2974 in
1974 2936 2150 2987 profundo.
2185 2935 2243 2974 sed
2272 2935 2388 2973 aliter.

1417 2986 1526 3025 MSS.
1554 2987 1592 3025 &
1613 2989 1719 3036 Mog.

2231 3047 2265 3073 2.
2295 3036 2389 3087 Qae
