2516 3509
329 95 435 150 DE
505 92 954 151 SAPIENTER
1021 95 1288 156 DICTIS
1360 101 1532 158 AUT
1603 104 1905 169 FACTIS.
2033 119 2143 190 637

143 196 332 259 quoniam
366 193 538 240 laudare
558 191 634 254 se,
668 195 797 249 vam‘3
833 193 875 233 7⁸
909 196 1175 255 vituperare,
1198 199 1324 260 stulti
1353 201 1459 259 effet.
1529 208 1572 239 ⁷9
1608 204 1819 269 Ejusdem
1863 207 1926 255 est
1959 212 2134 261 mih-ffi-

141 291 269 321 mum
305 286 629 339 praeceptum,
660 285 707 320 ut
740 277 969 336 voluptates
1002 279 1192 326 abeuntes
1225 282 1536 340 confideremus:
1557 300 1663 346 quas
1688 288 1870 349 quidem
1897 289 1959 337 fic
1980 293 2128 341 osten-

142 355 291 403 dendo
326 357 505 402 minuit.
574 353 716 402 Feffiis
751 357 896 414 enim,
940 359 1334 424 poenitentiaeque
1360 361 1516 423 “plenas
1537 397 1553 421 ,
1596 367 1753 413 animis
1787 370 1948 418 nostris
1983 373 2129 440 subje-

140 437 234 496 cit,
267 453 360 500 quo
395 438 543 483 minus
578 436 744 500 cupide
779 449 1051 500 repetantur.

205 515 314 561 Nec
361 531 520 577 parum
568 514 815 577 prudenter
858 516 1146 580 Anaxagoras
1191 519 1491 582 interroganti
1539 521 1719 570 cuidam
1745 557 1761 583 ,
1816 531 2000 588 quisnam
2041 536 2137 594 φῖ

137 593 308 653 beatus,
345 597 507 653 ΝενΛσ,
544 594 720 656 inquit,
755 611 804 640 ex
838 595 902 641 his
933 612 1029 656 quos
1063 609 1108 642 tu
1135 597 1281 658 felices
1315 599 1537 659 exstima55
1566 600 1650 661 st’d
1678 618 1771 649 eum
1806 608 1850 650 in
1884 610 1954 655 illo
1988 629 2127 660 nume-

133 691 179 721 ro
215 680 385 736 reperies
405 709 418 733 ‚
451 678 519 737 qui
554 679 580 721 ὰ
614 687 653 722 te
691 675 732 703 80
766 693 815 721 ex
852 677 1024 738 misti-iis
1058 681 1235 740 constare
1269 681 1462 726 creditur.
1511 681 1631 728 Non
1664 685 1748 731 erit
1784 687 1858 733 ille
1892 689 2059 739 divitiis
2082 696 2132 742 ὃς

137 754 388 802 honoribus
423 755 676 812 abundans3
713 754 784 802 sed
819 770 895 803 aut
930 759 1086 820 exigui
1119 760 1258 819 ruris,
1294 774 1370 807 aut
1406 777 1500 808 non
1532 763 1790 812 ambitiosae
1823 769 2053 821 doetrinae
2072 778 2128 824 fi-

139 833 246 882 delis
280 853 332 883 ac
368 836 573 899 pertinax
610 835 786 882 cultor:
827 833 865 864 3¹
906 840 954 883 in
989 838 1156 884 recess'u
1188 856 1322 903 quam
1356 843 1402 887 in
1437 841 1587 889 fronte
1621 844 1808 893 beatior.

143 1041 442 1087 Macedonibus,
478 1042 536 1080 sed
565 1043 609 1081 ab
634 1045 828 1089 omnibus,
857 1047 922 1095 qui
953 1048 1048 1085 circa
1075 1047 1111 1085 se

140 1101 264 1135 erant,
301 1091 373 1130 five
404 1094 554 1137 Persae,
592 1094 666 1132 five
699 1096 938 1134 Macedones.
994 1099 1110 1147 Quod

141 1141 168 1179 fi
190 1143 227 1179 in
249 1143 427 1191 plerisque
448 1144 558 1181 codd.
580 1155 730 1194 apparet
758 1147 956 1195 legendum
988 1150 1112 1187 omni-

138 1203 191 1230 no
223 1205 308 1230 Cum
342 1194 441 1232 Aldo
473 1197 594 1236 (Alex.
633 1196 848 1233 Macedonem
881 1199 1010 1244 Pei-fica
1043 1202 1111 1247 sal.

133 1242 349 1294 gaudentem.
403 1245 462 1282 Est
492 1246 592 1283 enim
633 1248 671 1284 in
714 1260 760 1285 eo
790 1249 970 1297 emphafis
1010 1250 1112 1288 illum

140 1295 358 1331 Macedonem
385 1296 512 1341 Persico
541 1311 627 1332 more
646 1297 829 1336 delec'lari.
855 1308 933 1337 ‘tum
958 1312 1025 1348 pro
1045 1316 1118 1337 ma-

132 1348 244 1393 jorum
275 1346 313 1382 in
343 1346 450 1383 MSS.
477 1346 525 1383 est
546 1348 801 1393 Macedonicos,
832 1350 1032 1399 quomodo
1060 1364 1118 1388 re-

137 1393 229 1444 liqui
272 1408 403 1434 omnes
442 1397 577 1434 habent
600 1426 610 1441 ,
646 1399 808 1449 ideoque
836 1401 986 1438 restituit
1013 1402 1112 1439 Vor-

141 1444 235 1483 ssius.
285 1447 477 1484 Postremo
508 1448 644 1485 lectum
672 1450 761 1487 olim
790 1451 859 1488 fuit
887 1465 1038 1488 revocare
1059 1453 1114 1488 be-

140 1499 258 1532 nevole
284 1505 486 1545 perseverat.
539 1499 632 1536 Eam
655 1512 789 1537 vocem
819 1503 925 1550 ejecit
944 1503 1113 1550 Pighius,

139 1546 307 1584 Vorstius
331 1550 480 1596 recepit.
516 1549 596 1586 MS.
623 1549 695 1588 alio
729 1551 859 1589 ordine
881 1553 970 1601 legit
996 1556 1114 1604 recepit

135 1596 301 1634 bennole.
339 1599 378 1635 F.
405 1608 451 1635 (θ’
478 1598 523 1634 ad
556 1600 689 1638 Maced.
723 1617 801 1638 mor.
831 1604 877 1639 in.
910 1618 938 1640 r.
962 1607 1111 1652 perseve-

136 1659 215 1691 rat,
244 1648 394 1685 benivolo
409 1651 536 1697 spiritu
563 1663 669 1687 carere
695 1652 792 1699 suffit.
819 1653 920 1701 supra
943 1666 995 1691 VI.
1018 1655 1051 1692 8.
1076 1666 1110 1702 7.

137 1701 292 1748 Vestigia
323 1703 473 1736 errantia
501 1700 653 1736 benivolo
672 1704 786 1747 studia
806 1704 1019 1751 subsecutus,
1052 1713 1110 1743 ut-

134 1759 299 1799 cumque
330 1749 397 1793 fit,
438 1751 594 1787 minime
621 1753 818 1800 rejicienda
856 1754 903 1791 est
935 1766 1020 1792 cum
1050 1755 1109 1794 Pi—

130 1798 233 1848 gth.
271 1800 516 1838 PERIZON.
576 1802 801 1848 Macedonum
838 1804 934 1842 delet
971 1804 1106 1856 Ultraj.

132 1850 239 1898 prim.
278 1852 315 1888 ὅ(
342 1852 465 1898 postea
493 1851 602 1889 habet
622 1856 833 1900 salutatione
863 1855 1107 1902 Macedonica,

133 1912 218 1937 Cum
248 1901 378 1948 Pighlo
401 1902 620 1938 Maecmlmnm
649 1904 736 1952 legit
775 1906 904 1954 Ultraj.
938 1907 1007 1944 sec.
1045 1908 1106 1946 sed

134 1951 241 1988 Med.
276 1952 382 1999 prim.
420 1964 503 1989 cum
535 1954 641 1991 Leid.
678 1956 746 1992 sec.
783 1957 913 2003 Persica
946 1957 1107 1994 Macedo-

132 2015 228 2046 nem,
256 2004 366 2039 Ceteri
387 2002 602 2040 Macedonem
631 2007 782 2052 Per-fica,
820 2007 922 2055 quod
954 2006 1101 2045 Perizo-

132 2052 210 2088 nius
236 2052 334 2089 redte
363 2053 577 2090 vindicavit.

183 2102 239 2148 76.
279 2101 356 2141 „Ad
386 2103 617 2140 Macedonicos
645 2121 746 2142 mores
775 2107 921 2142 invitum
951 2120 1100 2145 revocare

128 2151 280 2188 benevole
317 2152 522 2203 perseverat]
577 2155 723 2203 Pighius
760 2169 827 2205 pro
867 2156 1098 2195 Macedonicos

126 2203 259 2251 scripfit
287 2210 469 2248 majorum;
499 2216 546 2241 ne
577 2206 707 2243 eadem
739 2219 841 2251 vox,
869 2216 907 2245 ut
936 2208 1009 2255 ipse
1040 2209 1096 2247 lo-

128 2255 274 2302 quitur,
303 2254 483 2291 fastidiose
513 2264 708 2302 repetatur.
758 2259 874 2306 Atqui
897 2270 972 2295 non
994 2271 1096 2307 prae-

132 2305 228 2342 cedit
247 2304 318 2352 ipsa
338 2317 415 2341 vox
436 2306 692 2348 Macedonicam
715 2307 775 2345 sed
794 2309 892 2345 unde
910 2309 1002 2346 haec
1022 2312 1096 2348 for-

2037 934 2132 981 De-

1162 1049 1272 1093 nicos,
1302 1050 1340 1087 ὃς
1360 1048 1510 1087 beni-vole
1532 1052 1690 1091 retinent
1723 1067 1875 1107 quoque
1899 1059 2124 1103 nostriMSS.

1163 1111 1231 1148 pro
1251 1100 1400 1149 salubris
1428 1102 1496 1139 Bit.
1524 1104 1630 1151 prim.
1657 1105 1766 1143 habet
1786 1111 1965 1155 salutaris.

1215 1161 1273 1196 77.
1310 1154 1436 1200 Spiritu
1484 1167 1589 1189 carere
1625 1156 1747 1205 juffits]
1801 1159 1861 1195 De
1891 1170 2011 1199 morte
2042 1164 2127 1202 Cal-

1163 1199 1319 1238 listhenis
1333 1230 1343 1246 ,
1371 1204 1409 1240 &
1425 1203 1585 1252 supplicii
1607 1216 1741 1253 genere
1762 1210 1902 1247 variant
1920 1212 2025 1250 valde
2045 1216 2126 1253 scri-

1165 1259 1311 1299 ptores;
1341 1253 1427 1290 hinc
1458 1255 1625 1292 consulto
1654 1257 1842 1297 Valerium
1868 1260 2042 1301 duntaxat
2072 1266 2128 1303 di-

1167 1313 1250 1338 cere
1281 1303 1396 1351 ipsum
1419 1307 1547 1352 spiritu
1573 1319 1681 1342 carere
1709 1309 1849 1356 jufflm‚
1887 1320 1926 1348 ut
1954 1312 2126 1355 Curtium

1168 1351 1378 1400 simpliciter
1401 1382 1410 1398 ‚
1449 1357 1558 1404 ipsum
1593 1367 1714 1393 tortum
1746 1362 1924 1408 euenisse,
1953 1365 2134 1406 existimat

1164 1402 1391 1441 Freinshem.
1419 1405 1463 1441 ad
1487 1406 1589 1443 Curt.
1621 1407 1665 1444 L.
1686 1420 1773 1446 vm.
1799 1410 1832 1446 8.
1861 1422 1920 1448 21.

1216 1454 1274 1500 78.
1303 1459 1502 1503 Vituperare
1522 1459 1622 1503 stulti
1644 1458 1736 1507 esset]
1782 1460 1912 1509 Copes.
1950 1466 2133 1516 Vitupera—

1163 1517 1199 1540 re
1223 1515 1335 1540 autem
1355 1508 1459 1552 stulti
1486 1508 1571 1554 effic.

1216 1567 1274 1603 79.
1313 1556 1466 1602 Ejusdem
1497 1561 1540 1603 est
1570 1558 1770 1604 utiliffimum
1804 1563 2028 1613 praeceptum]
2077 1571 2131 1614 Est

1166 1603 1388 1643 desideratur
1407 1607 1445 1644 in
1467 1608 1573 1645 Leid.
1600 1609 1687 1648 sext.
1713 1621 1780 1658 pro
1804 1624 1881 1661 quo
1903 1614 2032 1664 Ultraj.
2059 1619 2125 1655 sec.

1160 1654 1271 1693 habet
1288 1664 1352 1693 (7.
1374 1656 1534 1708 denique
1553 1659 1694 1709 aliquot
1718 1661 1824 1700 MSS.
1855 1664 2007 1709 subjicit.
2029 1669 2131 1717 quod

1160 1716 1238 1742 non
1258 1706 1442 1754 improbo.

1212 1756 1271 1794 80.
1302 1761 1354 1793 Ex
1376 1758 1522 1808 miseris]
1553 1760 1746 1799 Efficacius
1767 1762 1955 1812 aliquanto
1987 1768 2023 1803 in
2044 1768 2128 1808 libb.

1159 1805 1262 1844 Vett.
1289 1822 1331 1843 ex
1350 1811 1502 1857 miseriis.
1531 1811 1723 1850 COLER.
1751 1817 1803 1849 Ex
1825 1818 1965 1864 mtseriis
1985 1823 2125 1864 constare

1157 1856 1309 1896 creditur.
1332 1859 1373 1896 In
1393 1859 1556 1898 editione
1576 1862 1692 1910 Pighii
1714 1875 1797 1900 cum
1823 1877 1946 1903 errore
1961 1896 1970 1911 ,
1994 1871 2122 1915 credo,

1159 1920 1353 1956 operarum
1376 1912 1724 1960 typographicarum
1750 1914 1951 1962 expreffum
1974 1918 2059 1957 esset
2080 1937 2120 1957 ex

1157 1962 1306 2005 mtseris‚
1335 1961 1490 1999 Colerus
1509 1963 1545 2000 id
1566 1965 1734 2007 retinuit,
1762 1966 1910 2015 satisque
1937 1969 2062 2007 habuit
2080 1974 2115 2009 in

1157 2009 1267 2046 Notis
1294 2010 1476 2059 adjicere,
1505 2013 1606 2062 quod
1632 2016 1720 2052 liber
1742 2015 1780 2052 P.
1806 2016 1901 2053 Dan.
1929 2019 2058 2058 habeat
2076 2037 2117 2058 ex

1154 2061 1305 2106 misbriis.
1358 2062 1426 2100 Sed
1449 2065 1486 2101 &
1507 2064 1667 2114 Thyfius
1696 2081 1737 2102 ex
1757 2069 1882 2114 miseris
1901 2070 1937 2105 in
1958 2071 2056 2109 suam
2080 2085 2117 2109 e-

1153 2109 1335 2149 ditionem
1368 2115 1559 2151 transtulit.
1612 2118 1665 2152 Ex
1695 2119 1832 2163 misertis
1862 2131 1994 2157 omnes
2015 2131 2126 2161 vetew

1151 2171 1204 2198 res
1222 2163 1319 2209 typis
1340 2165 1489 2212 expreffi
1511 2166 1646 2203 habent
1660 2188 1672 2210 ,Δ
1689 2168 1726 2204 &
1746 2167 1877 2206 Brand.
1898 2171 1987 2208 item
2008 2174 2125 2212 MSS..

1149 2211 1344 2250 VORST.
1371 2216 1478 2252 MSS.
1514 2216 1590 2264 pari
1623 2218 1699 2254 fere
1730 2229 1890 2256 numero
1919 2225 2044 2269 miseris
2073 2227 2110 2263 δε

1148 2264 1319 2308 miseriis:
1341 2264 1415 2302 hoc
1445 2277 1536 2303 vero
1556 2267 1659 2304 Harl.
1682 2268 1748 2304 Bit.
1774 2270 1880 2316 prim.
1910 2272 2014 2310 Leid.
2042 2276 2108 2313 sec.

1146 2313 1264 2360 quint.
1290 2323 1445 2364 uterque
1475 2316 1603 2365 Ultraj.
1630 2318 1692 2355 sed
1721 2319 1825 2358 Med.
1852 2321 2012 2369 primus,
2052 2329 2111 2374 qui

129 2364 227 2392 mata
249 2355 296 2392 est
316 2355 549 2392 Macedonum.
602 2357 758 2394 Codices
780 2358 914 2396 Brand.
941 2361 979 2397 ὅ(
992 2370 1094 2398 vete-
1142 2376 1164 2397 a
1184 2373 1216 2398 te
1235 2366 1332 2411 miser
1348 2368 1500 2403 creditur.

126 2416 180 2442 res
207 2406 302 2454 typis
332 2406 481 2454 expressi
509 2407 622 2454 ipsum
659 2407 745 2445 illud
769 2409 1003 2446 Macedonicos
1028 2412 1088 2449 ha*

123 2454 221 2492 bent.
273 2457 390 2494 Porro
418 2457 571 2492 benevole
591 2459 738 2505 Pighius
767 2461 964 2507 expunxit;
990 2463 1093 2511 quod

126 2506 164 2542 in
193 2505 334 2543 duobus
363 2507 472 2545 codd.
504 2508 540 2544 id
569 2520 646 2545 non
676 2520 887 2557 appareret,
916 2513 1093 2563 quodque

122 2556 284 2594 alienum
323 2557 386 2604 ipsi
421 2558 618 2595 videretur.
681 2560 842 2598 Codices
875 2561 1004 2600 Brand.
1051 2565 1090 2602 ὃς

1197 2413 1253 2450 8Ι.
1283 2417 1320 2450 ln
1348 2417 1462 2464 recessu
1489 2432 1592 2467 quam
1610 2420 1645 2455 in
1660 2422 1773 2466 fronte
1791 2420 1934 2472 beatior]
1962 2424 2106 2471 Pighius

1147 2463 1262 2501 edidit
1301 2467 1337 2501 in
1366 2467 1487 2515 seteffia
1527 2481 1611 2506 cum
1652 2471 1914 2510 vetustioribus.
1966 2475 2034 2510 Sed
2063 2475 2101 2512 in

1145 2516 1312 2563 margine
1330 2519 1475 2555 notavit
1493 2519 1537 2556 al'
1559 2521 1692 2567 receffia,
1722 2521 1822 2570 quod
1843 2523 1977 2570 recepit
1991 2524 2102 2561 Cole-

1143 2576 1201 2601 rus
1231 2568 1267 2603 &
1296 2567 1468 2617 deinceps
1495 2570 1603 2608 secuti
1634 2572 1802 2609 editores.
1829 2573 1931 2608 MSS.
1968 2576 2098 2620 partim

123 2614 266 2644 veteres
298 2608 408 2644 etiam
437 2610 534 2657 typis
566 2611 714 2657 expressi
736 2612 810 2648 hoc
837 2611 984 2650 habent.
1011 2615 1087 2651 Ne·
1131 2615 1274 2662 secessu,
1306 2621 1437 2666 partim
1460 2621 1599 2668 successu
1624 2622 1768 2659 habent.
1822 2622 1943 2670 Receffm
1973 2632 2099 2663 tamen

124 2669 198 2706 que
227 2650 321 2694 ade‘o
349 2659 509 2696 alienum
543 2660 629 2697 illud
652 2660 766 2699 videri
797 2662 916 2700 debet.
969 2663 1086 2702 Bene-

1141 2666 1280 2704 mall'm.
1307 2670 1463 2718 Quintil.
1486 2672 1530 2707 L.
1559 2687 1585 2708 1.
1615 2672 1697 2709 Inst.
1715 2685 1747 2717 4.
1779 2673 1858 2707 Plus
1877 2672 1972 2707 habet
1992 2676 2027 2709 in
2047 2690 2100 2711 re·-

120 2708 285 2744 volentia
316 2708 373 2745 illa
395 2709 637 2752 Callisthenis,
667 2724 737 2760 qua
759 2713 1012 2752 Alexandrum
1038 2716 1084 2754 ad
1135 2717 1236 2764 cessa,
1264 2733 1365 2766 quam
1382 2723 1492 2768 fronte
1507 2724 1682 2769 promittit.
1727 2722 1799 2757 Ubi
1818 2722 2100 2764 Almelovenius

122 2758 394 2795 Macedonicos
423 2771 544 2796 mores
574 2773 750 2798 revocare
778 2763 911 2801 studuit
931 2794 940 2808 ‚
975 2778 1086 2815 appa-
1137 2769 1283 2805 notavit
1333 2771 1381 2808 ita
1426 2772 1559 2808 Phaed.
1610 2772 1723 2818 praef.
1780 2773 1824 2808 L.
1874 2785 1928 2810 1v.
1985 2776 2096 2814 etiam

119 2818 174 2846 ret
204 2821 248 2846 ex
277 2809 356 2856 ipfis
382 2810 458 2851 eius
481 2811 624 2854 verbis,
658 2825 752 2860 quae
774 2814 854 2851 sunt
874 2816 970 2863 apud
993 2818 1086 2855 Cur·
1129 2820 1276 2863 frontem
1304 2822 1546 2858 &interiorem
1575 2823 1734 2870 angulum
1763 2834 1968 2870 opponere.
1996 2827 2097 2863 Hinc

120 2860 213 2897 tium
236 2872 323 2897 vm.
353 2874 383 2907 ς.
412 2873 464 2897 12.
495 2862 683 2899 Nimirum
711 2865 925 2911 precabatur
952 2867 1010 2904 ille
1031 2880 1086 2905 re-
1137 2869 1286 2905 umbram
1316 2873 1352 2908 δε
1373 2873 1518 2919 recessim
1539 2872 1659 2919 jungit
1679 2871 1755 2907 Cic.
1786 2873 1902 2910 L.111.
1927 2874 1971 2911 de
1989 2878 2094 2915 Orat.

118 2911 153 2958 gi
181 2910 295 2947 seram
336 2912 689 2956 immortalitatem3
736 2922 775 2950 ut
814 2917 885 2953 vita
914 2917 1084 2958 diuturna
1134 2931 1164 2955 c.
1190 2921 1248 2957 26.
1298 2923 1417 2970 Set-effla
1456 2922 1597 2959 videtur
1639 2930 1767 2959 natum
1797 2936 1842 2961 ex
1872 2936 1951 2968 eo,
1991 2928 2094 2974 quod
2142 2963 2145 2965 ,

116 2959 205 2999 effer
233 2972 275 3000 ac
305 2970 453 3000 aeterna
480 2962 655 3012 majestas.
693 2965 885 3007 VORST.
920 2969 1082 3008 Macedo·
1133 2971 1321 3019 praecessit
1348 2974 1463 3024 exigui
1495 2975 1581 3012 ruris
1615 2973 1759 3060 alitos]
1791 2974 1889 3013 Cum
1917 2975 1953 3013 id
1979 2977 2105 3032 ῥ-’ςῖἱΐρ-

1640 3047 1642 3050 -
1682 3044 1691 3059 ι
1799 3036 1815 3074 3
1977 3031 2091 3074 tplum
