2516 3509
161 412 230 444 cic.
253 412 292 444 de

155 457 228 486 ΒΝ.
247 464 272 488 1.
285 458 324 487 C.

156 506 206 534 41.

380 173 446 210 10

680 133 1088 200 VALERII
1162 128 1806 191 MAX1M1L1n.I.
1882 129 2116 189 CARI.

441 252 643 299 Tantum
679 254 829 287 autem
868 237 1067 285 studium
1101 237 1299 301 antiquis
1338 244 1374 264 ¹¹
1408 253 1504 284 non
1530 235 1674 283 solum
1701 234 1937 283 servandae
1956 269 1971 294 ‚
2015 234 2088 284 sed
2118 237 2252 286 etiam
2288 245 2385 292 am?

374 328 636 399 plificandzie
665 323 897 388 religionis
930 321 1044 381 fuit,
1079 333 1156 381 ut,
1197 328 1236 349 ¹2
1262 320 1574 369 florentissima
1597 333 1699 367 tum
1733 319 1781 366 &
1809 317 2143 385 opulssntiflima
2170 322 2382 386 civitate,

375 419 409 445 ¹³
434 409 589 453 decem
611 404 875 468 principum
895 400 977 448 filii
1001 403 1045 448 S.
1068 400 1126 447 C.
1149 400 1333 467 singulis
1354 401 1565 449 Etruriae
1595 399 1778 464 populis
1808 398 2126 464 percipiendae
2152 398 2382 450 sacrorum

374 497 414 525 ¹⁴
436 485 695 550 disciplinae
712 485 856 549 gratia
874 482 1170 530 traderentur.

365 701 451 736 ‘exta
468 710 589 748 acque
607 697 864 746 refert‚quam
885 693 931 732 ad
950 692 1099 744 auspicia
1112 693 1190 731 Cic.
1210 693 1256 731 de
1275 692 1349 731 div.

368 751 415 788 L.
440 763 469 787 1.
485 750 519 786 6.

423 813 456 849 9.
469 800 695 846 Cumfhlenni
705 795 1003 848 rituperagendum
1013 794 1194 845 sacrificio]
1209 796 1350 843 Georg.

371 851 517 889 Merula
530 849 713 899 judicavit
731 849 887 887 verbum
896 848 1120 900 peragendum
1140 846 1274 884 debere
1294 847 1351 882 in-

371 902 478 945 duci,
506 900 591 950 quia
609 900 749 937 sensum
779 900 999 945 destrueret,
1028 900 1066 936 &
1091 898 1194 936 idem
1221 897 1353 935 viden-

372 960 431 989 tur
455 949 610 989 statuisse
639 951 785 988 Codrus
812 952 981 995 Urceus,
1016 951 1054 988 ὃς
1082 949 1250 998 Raphae‘l
1278 950 1354 986 Re-

371 1004 473 1051 gius,
501 1011 541 1040 ut
568 1014 637 1040 nos
665 1002 777 1039 docet
805 1002 991 1040 Oliveiius
1014 1029 1024 1045 ‚
1061 1002 1124 1051 qui
1150 1000 1237 1038 ideo
1264 1000 1352 1037 illud

371 1065 528 1103 quoque
562 1054 600 1090 in
628 1053 807 1091 Editione
833 1052 1109 1091 Mediolanensi
1129 1052 1189 1090 sua
1218 1051 1353 1089 omisit.

371 1106 465 1142 mihi
488 1113 616 1142 contra
643 1102 884 1142 necessarium
910 1104 999 1141 illud
1023 1104 1085 1140 hic
1112 1103 1272 1140 omnino
1300 1103 1355 1140 vi-

371 1157 480 1194 detur
500 1185 509 1200 ‚
547 1155 872 1205 quemadmodum
910 1154 1089 1203 reperitur
1125 1165 1277 1204 quoque
1314 1154 1352 1191 in

372 1207 546 1245 omnibus
565 1207 671 1245 MSS.
695 1207 842 1244 Scilicet
860 1207 1112 1244 existimarunt
1138 1205 1208 1249 illi,
1236 1217 1352 1243 unam

370 1271 451 1297 rein
471 1260 525 1297 his
545 1259 733 1304 vcrbis‚&
751 1259 826 1296 1106
843 1270 922 1296 11110
942 1265 1134 1295 commate
1156 1257 1353 1294 contineri:

371 1308 456 1347 Cum
486 1310 721 1361 inquirendum
747 1312 804 1347 ‘rel
832 1311 923 1346 extis
950 1308 1165 1357 velsortihus
1184 1310 1353 1358 impertito

370 1375 440 1397 cum
452 1364 584 1410 solenni
602 1363 670 1397 ritu
684 1362 867 1409 sacrificio:
894 1359 996 1399 falso.
1024 1360 1084 1398 Sic
1102 1371 1159 1397 ex.
1181 1372 1235 1398 11.
1250 1360 1353 1397 omni-

369 1413 431 1449 hus
444 1415 578 1461 solenni
597 1427 683 1448 more
699 1413 856 1461 peraclis.

421 1491 474 1517 10.
503 1481 711 1523 Ostentomim
731 1480 963 1529 &fulgurum
981 1477 1250 1514 denuntiationes
1276 1488 1349 1526 pro-

365 1529 546 1578 curantur]
586 1530 720 1567 Cicero
753 1543 782 1568 1.
811 1530 856 1567 de
883 1530 969 1567 Div.
1009 1533 1150 1579 Magna
1171 1531 1224 1564 ‘vis
1246 1533 1291 1576 est
1320 1531 1356 1565 in

371 1583 524 1626 monstris
543 1580 802 1629 interpretandis
816 1578 1097 1631 procurandisque
1117 1583 1152 1616 in
1171 1581 1355 1629 aruspicum

370 1631 560 1681 disciplina.
616 1633 734 1676 Item,
763 1635 843 1669 Cum
869 1644 977 1668 ferrae
997 1644 1102 1667 motus
1123 1633 1238 1677 faflus
1257 1631 1355 1679 effet,

373 1694 412 1719 ut
425 1686 486 1731 sue
500 1685 599 1731 plena
615 1686 909 1733 pijosnratiofieret
953 1683 1082 1720 Livius
1104 1682 1196 1720 L.V.
1223 1686 1355 1733 Qam-

371 1749 474 1783 quam
495 1743 539 1770 C>
559 1736 712 1787 prodigia
726 1747 903 1783 procurata
918 1737 1059 1780 fucrant
1074 1762 1084 1776 ‚
1105 1741 1149 1768 (θ’
1170 1745 1288 1769 'vatum
1307 1749 1356 1770 re-

366 1789 490 1833 sponsa
513 1794 556 1821 <J
571 1789 687 1834 sortes.
742 1786 847 1823 Idem
873 1800 906 1831 1,
925 1798 996 1830 zo,
1026 1787 1064 1823 ὃς
1083 1784 1199 1821 verbo
1221 1785 1357 1833 simpli-

375 1836 409 1873 ci
437 1836 526 1873 dixit
560 1850 671 1874 curare
695 1837 860 1888 prodigia.
920 1837 959 1874 In
991 1837 1060 1874 SC.
1087 1836 1190 1885 quod
1219 1836 1357 1874 Gellius

379 1899 440 1931 iv,
463 1888 499 1932 6,
528 1886 741 1932 asservavit,
768 1889 922 1937 legitur,
949 1889 1063 1935 hostiis
1091 1887 1271 1935 majoribus
1290 1888 1355 1933 Jo-

875 1941 1006 1977 Caesar
1035 1951 1095 1977 vr.
1123 1938 1163 1976 B.
1185 1938 1278 1976 Gall.
1306 1938 1360 1976 di-

378 1990 428 2025 cit
443 2002 616 2038 procurare
629 1993 807 2039 fizcrifitiu.
866 1991 1027 2028 Subinde
1052 2002 1225 2038 procurare
1246 1992 1284 2027 &
1303 2005 1361 2026 ex-

371 2042 470 2090 piare
494 2043 783 2090 conjunguntur.
835 2043 949 2079 Unde
978 2041 1113 2091 conjici
1139 2041 1225 2079 licet
1246 2053 1362 2090 procu-

375 2106 453 2127 rare
485 2096 627 2133 monstra
647 2122 659 2136 ,
689 2092 845 2143 prodigia
867 2119 877 2134 ,
909 2097 1034 2140 ostenta
1055 2119 1065 2136 ‚
1103 2093 1142 2129 δί
1168 2097 1363 2140 ostentorum

377 2142 646 2179 denuntiationes
668 2172 678 2187 ‚
715 2145 805 2181 nihil
831 2144 928 2182 aliud
955 2142 1049 2187 effe,
1087 2155 1201 2193 quam
1229 2146 1364 2193 expiare

377 2196 544 2238 monstra,
556 2206 726 2244 quaeque
744 2196 837 2233 haec
857 2195 1074 2233 denuntiare
1092 2194 1266 2232 videntur
1278 2223 1287 2239 ‚
1299 2196 1362 2233 de-

379 2244 515 2291 pellere
553 2254 663 2294 atque
691 2255 870 2284 avertere.
922 2247 1008 2284 Dici
1044 2258 1197 2296 quoque
1232 2247 1361 2294 poffit‚

373 2307 549 2344 procurare
568 2300 708 2342 monstra
726 2297 959 2335 locutionem
988 2297 1172 2334 concisam
1201 2295 1272 2333 effe
1292 2310 1360 2346 pro

382 2358 578 2394 procurare
598 2348 767 2385 sacrificia
781 2377 791 2392 ‚
812 2349 997 2386 malorum
1013 2376 1023 2392 ,
1051 2359 1146 2397 quae
1165 2346 1361 2386 denuntia-

386 2409 422 2434 re
458 2399 618 2435 monilia
652 2407 856 2446 putantur,
901 2399 1205 2448 depellendoruin
1243 2399 1358 2437 causa.

382 2449 579 2487 VORST.
601 2448 700 2486 Vide
714 2450 826 2487 Cuiir.
840 2449 1121 2487 Rittersliufium
1141 2449 1187 2486 ad
1205 2449 1361 2488 Phaedr.

382 2500 429 2536 L.
463 2512 542 2537 111.
572 2512 603 2550 3.

439 2564 451 2588 1
465 2564 493 2588 Ι.
523 2554 603 2587 Non
615 2552 725 2599 solum
744 2549 969 2599 observandae
984 2576 994 2592 ,
1009 2548 1070 2599 sed
1090 2550 1192 2586 etiam
1218 2551 1364 2597 amplifi-

381 2601 504 2637 candae
523 2602 714 2651 religionis]
732 2603 811 2639 MS.
832 2600 1040 2644 servandae,
1064 2602 1101 2638 ii]
1121 2614 1198 2650 quo
1218 2601 1365 2638 Videtur

382 2653 504 2701 :major
520 2681 529 2696 ‚
569 2654 607 2690 &
628 2653 760 2691 clarior
777 2652 976 2691 Antithesis
997 2652 1159 2701 respectu
1187 2651 1216 2692 Ξῖ
1245 2653 1367 2697 ampli-

378 2702 539 2750 ficandae.
575 2704 633 2741 Sic
661 2715 714 2741 CX.
739 2718 794 2742 11.
821 2710 985 2741 Servatae
1011 2705 1194 2754 religionis.
1219 2703 1286 2740 EX.
1312 2716 1366 2741 12.

381 2754 621 2801 conservandae
640 2756 824 2806 religionIs.
856 2757 940 2793 Liv.
961 2756 1007 2793 L.
1026 2767 1158 2792 XXXIX.
1178 2766 1208 2791 C.
1229 2755 1262 2792 6.
1295 2756 1364 2790 Di-

384 2807 555 2851 fiiplinam
576 2808 758 2842 militarem
773 2810 887 2855 severe
905 2807 946 2843 al)
967 2822 1000 2842 eo
1018 2809 1258 2857 conservatam.
1284 2805 1366 2843 PEss·

388 2856 566 2893 RIZON.
628 2856 734 2894 ldeiri
762 2858 898 2905 placuit
925 2870 1079 2908 quoque
1107 2857 1234 2894 Gudio
1257 2885 1266 2901 ‚
1302 2858 1367 2906 qui

384 2908 527 2955 insuper
561 2915 668 2944 notat
694 2909 885 2956 Guyctum
922 2909 1048 2948 frustra
1076 2906 1240 2946 maluisse
1267 2908 1368 2956 obser-

388 2970 500 2996 vatae.
554 2957 744 2994 Servandae
769 2960 905 2997 liabent
940 2960 1196 2998 vetussiffimae
1234 2959 1367 2996 editio-

393 3020 476 3047 nes,
525 3010 561 3046 8:
599 3022 732 3046 omnes
767 3011 875 3047 MSS.
914 3011 939 3047 si
974 3012 1171 3059 septimum
1209 3011 1367 3060 excipias

391 3059 623 3102 Leidensem.
643 3062 688 3101 L.
704 3074 786 3101 111.
805 3063 838 3101 8.
857 3062 890 3100 6,
910 3062 944 3109 fi
956 3066 1089 3114 patrius
1118 3077 1186 3100 mos
1196 3066 1366 3112 servetur.

375 1940 415 1974 τί
433 1947 477 1974 &⁴
498 1942 618 1975 Marti
633 1952 816 1989 procurare.

374 2845 381 2853 ς

2227 569 2266 614 ’.5
2292 563 2385 611 Ce-

1458 703 1514 748 11.
1541 694 1569 748 ξ
1577 685 1824 738 florentissima]
1852 688 2080 746 Praepofitio
2096 691 2196 749 abest
2215 706 2236 732 a
2255 706 2389 745 quam-

1403 740 1570 790 plurimis
1590 741 1696 778 MSS.
1725 742 1763 778 &
1783 741 1956 778 omnibus
1974 743 2230 783 vetustioribus
2252 746 2389 786 editio-

1402 791 1507 830 nibus
1518 807 1530 836 ;
1558 793 1683 841 itaque
1709 792 1798 828 illud
1817 792 2081 831 restituendum
2101 793 2200 832 duxi.

1459 856 1515 894 13.
1530 846 1651 879 Decem
1667 845 1849 892 principum
1862 846 1952 893 filii]
1970 844 2122 882 Constat
2132 845 2301 884 Etruriae
2317 859 2389 896 po-

1404 894 1511 943 pulos
1523 893 1725 931 duodecim
1750 891 1865 930 fuiffe.
1884 895 2009 945 itaque
2031 907 2118 934 cuin
2138 909 2207 946 pro
2227 909 2390 937 numero

1406 957 1563 990 eorum,
1591 944 1736 993 singulis
1762 945 1906 994 populis
1932 945 2090 995 singulos
2110 949 2319 998 principum
2347 949 2391 988 fi-

1404 997 1474 1034 lios
1495 996 1687 1034 attributos
1707 997 1816 1033 velit:
1849 997 1932 1035 vide
1950 1009 2041 1036 num
2055 1027 2065 1044 ‚
2093 999 2278 1039 Duodecim
2295 1003 2391 1048 prin-

1401 1050 1511 1098 cipum
1535 1048 1688 1097 corrigi,
1719 1048 1834 1097 magis
1856 1047 1875 1086 ὲ
1894 1060 1932 1086 re
1953 1050 1991 1087 ὅ(
2010 1050 2165 1089 veritate
2186 1052 2237 1090 fit.
2279 1053 2389 1090 Cice-

1404 1111 1447 1137 ro
1467 1108 1594 1137 tamen
1615 1099 1660 1137 de
1690 1100 1936 1138 Divinatione
1949 1129 1960 1145 ‚
1996 1101 2034 1139 in
2062 1103 2137 1141 hoc
2157 1103 2257 1142 facto
2278 1103 2392 1142 dena-

1404 1151 1501 1188 rium
1524 1151 1701 1189 duntaxat
1720 1163 1922 1190 numerum
1952 1153 1965 1200 (
1977 1151 2004 1190 fi
2024 1155 2062 1191 δε
2082 1154 2155 1203 ipse
2178 1155 2389 1204 correctus)

1405 1203 1580 1250 agnoscit.
1610 1203 1731 1241 LIPS.
1759 1203 1894 1241 Cicero
1913 1203 1973 1241 lib.
1997 1217 2027 1242 1.
2047 1204 2093 1242 de
2113 1205 2280 1244 Divinat.
2301 1208 2392 1254 Qu-

1403 1256 1488 1290 circa
1514 1253 1593 1290 bene
1621 1254 1711 1303 apud
1737 1260 1879 1299 majores
1907 1259 2031 1300 nostros
2050 1259 2194 1305 senasus
2222 1268 2293 1294 tum
2318 1271 2390 1294 cum

1394 1304 1540 1353 florebat
1567 1307 1762 1354 imperinm,
1784 1306 1930 1343 decrevit
1957 1318 1995 1343 ut
2021 1305 2062 1343 cle
2088 1305 2288 1359 Principum‘
2305 1310 2394 1356 filiis

1404 1356 1453 1394 his
1465 1359 1528 1406 sex
1538 1357 1705 1407 ,singulis
1716 1359 1874 1394 Etruriae
1890 1359 2020 1407 populis
2040 1360 2075 1395 in
2094 1357 2304 1410 disciplinam
2321 1371 2395 1397 tra-

1405 1407 1571 1445 derentur.
1630 1407 1687 1444 Sic
1716 1408 1818 1445 enim
1846 1409 2029 1446 verissime
2048 1410 2192 1459 Lipsius
2220 1411 2392 1449 cori-exit.

1407 1461 1555 1498 Notum
1576 1459 1625 1496 est
1636 1458 1840 1497 duodecim
1850 1460 2019 1498 Etruriae
2040 1461 2198 1510 populos
2210 1460 2315 1500 fuiffe
2327 1477 2339 1506 ;
2352 1464 2390 1501 &

1404 1519 1534 1548 tamen
1565 1509 1671 1549 illum
1692 1510 1810 1549 Servii
1833 1510 1963 1549 locum
1993 1524 2073 1550 non
2098 1521 2271 1562 tempero
2298 1514 2392 1552 milii

1405 1563 1496 1611 quin
1515 1562 1737 1600 adscnbam:
1768 1565 1907 1612 Propaer
1932 1562 2100 1600 duodecim
2125 1567 2263 1615 populos
2289 1568 2394 1602 Etru-

1403 1617 1486 1652 riae.
1537 1613 1725 1651 Duodecim
1753 1616 1841 1650 enim
1872 1617 2094 1659 Lucumone-s,
2121 1619 2181 1666 qui
2207 1631 2297 1668 reges
2311 1619 2397 1665 fimt

1405 1667 1523 1717 lingua
1545 1668 1746 1714 Tuscorum,
1768 1663 1944 1702 habebant.
2004 1667 2078 1707 Hi,
2112 1675 2152 1704 ut
2178 1667 2281 1705 idern
2311 1668 2394 1706 Ser-

1406 1718 1487 1754 vius
1498 1716 1569 1761 ait,
1588 1728 1690 1753 totius
1701 1718 1838 1764 Tusciae
1856 1715 1988 1765 divisas
1999 1717 2164 1754 habebant
2185 1719 2282 1769 quafi
2295 1730 2396 1768 prae-

1400 1770 1552 1815 sec‘luras
1565 1796 1575 1810 ,
1596 1767 1651 1811 sed
1669 1771 1814 1804 omnium
1836 1770 2030 1817 populorum
2043 1772 2270 1819 principatum
2282 1774 2397 1808 Man-

1411 1831 1472 1856 tua
1495 1817 1681 1870 possidebat.
1734 1821 1842 1857 Haec
1871 1820 2097 1858 Honoratae
2124 1822 2396 1861 nominationis

1412 1871 1494 1916 ille,
1522 1871 1586 1921 qui
1605 1882 1722 1919 nuper
1740 1870 1890 1920 publico
1916 1871 2020 1909 bono
2041 1872 2209 1922 vulgatus
2229 1873 2278 1911 est
2298 1873 2318 1912 {i
2340 1874 2398 1912 Cl.

1414 1924 1463 1959 V.
1490 1923 1601 1960 Petro
1636 1922 1795 1960 Daniele
1831 1923 2097 1961 Aurelianensi.
2136 1925 2399 1965 COLERUS.

1413 1976 1531 2010 Decem
1548 1975 1731 2024 principum
1749 1975 1821 2023 filii
1839 1975 1986 2023 singulis
2005 1977 2161 2011 Etruriae
2174 1978 2308 2025 populis
2329 1987 2403 2014 tra.

1413 2024 1586 2074 alerentur]
1619 2025 1762 2074 Lipsius
1784 2024 1978 2074 suspicatus
1998 2024 2069 2070 est,
2097 2026 2299 2074 legendum
2327 2026 2400 2065 effe

1414 2075 1581 2114 duodecim
1607 2078 1814 2125 principum3
1834 2075 1938 2126 quod
1966 2077 2127 2121 constet,
2163 2077 2324 2126 populos
2351 2079 2403 2116 E-

1415 2128 1551 2166 truriae
1579 2127 1783 2165 duodecim
1814 2125 1930 2165 fuiffe.
1991 2127 2053 2165 De
2081 2127 2160 2166 filiis
2188 2130 2399 2178 principum

1417 2180 1534 2218 Rom.
1552 2178 1599 2217 ad
1618 2179 1790 2217 Etruscos
1810 2179 1919 2217 miffis
1937 2178 2055 2216 scribit
2076 2181 2114 2217 &
2135 2180 2270 2217 Cicero
2297 2194 2327 2219 1.
2356 2181 2403 2219 de

1417 2230 1685 2269 Divinatione:
1714 2230 1776 2268 ubi
1794 2230 1924 2268 itidem
1946 2230 2014 2267 viri
2035 2230 2136 2268 docsti·
2153 2242 2231 2268 non
2249 2232 2349 2270 recte
2365 2233 2402 2270 se

1413 2282 1549 2319 habere
1567 2293 1769 2319 numerum
1789 2281 1953 2329 suspicati
1969 2281 2060 2319 sunt.
2073 2282 2268 2320 VORST.
2290 2284 2403 2322 Duo-

1414 2332 1537 2369 decim
1556 2332 1725 2369 Etruriae
1744 2332 1903 2380 populos
1920 2330 2025 2369 fuisse
2044 2334 2141 2371 inter
2159 2346 2292 2372 omnes
2312 2347 2405 2372 con-

1411 2382 1478 2421 stat
1498 2411 1508 2428 ,
1547 2394 1661 2432 quare
1689 2381 1715 2419 fi
1741 2382 1915 2421 omnibus
1943 2381 2071 2430 singuli
2099 2385 2311 2433 principum
2338 2385 2403 2423 filii

1412 2433 1481 2471 sint
1508 2433 1605 2477 dati,
1634 2444 1698 2470 eos
1718 2444 1874 2482 quoque
1900 2432 2102 2471 duodecim
2132 2434 2236 2472 fuiffe
2256 2434 2403 2474 neceffe

1412 2484 1463 2521 est
1477 2513 1487 2529 ,
1510 2495 1582 2532 ego
1601 2491 1731 2521 tamen
1748 2483 1838 2520 nihil
1856 2491 1999 2520 temere
2018 2491 2164 2522 mutare
2182 2486 2297 2524 aufim
2310 2516 2320 2532 ,
2339 2488 2402 2526 vel

1415 2534 1464 2571 ob
1490 2534 1551 2579 id,
1579 2534 1684 2584 quod
1711 2534 1824 2571 etiam
1850 2534 1888 2570 in
1914 2533 2017 2571 sacris
2046 2547 2223 2575 numerus
2243 2537 2305 2575 ille
2333 2538 2399 2577 de-

1416 2586 1536 2622 narius
1556 2585 1737 2623 Romanis
1756 2584 1863 2622 valde
1881 2584 2036 2633 placuit:
2066 2587 2165 2625 unde
2185 2589 2401 2638 frequenter

1416 2645 1676 2673 memorantur
1695 2664 1706 2680 ‚
1745 2636 1934 2672 Decemviri
1969 2642 2143 2675 Sacrorum
2158 2670 2165 2683 ,
2211 2642 2403 2677 Decem-uiri

1423 2686 1521 2723 libris
1566 2686 1743 2735 Sibyllinis
1786 2686 2010 2736 inspiciendis.
2056 2688 2225 2727 duodecim
2270 2698 2400 2731 tamen

1419 2749 1507 2776 cuin
1525 2737 1653 2786 Lipsio
1674 2738 1816 2776 mavult
1837 2739 1948 2776 etiam
1970 2741 2154 2789 Rupertus
2177 2741 2222 2778 L.
2239 2753 2269 2778 1.
2290 2754 2325 2791 p.
2338 2755 2400 2792 45.

1472 2817 1526 2851 14.
1562 2807 1775 2854 Disciplinae
1802 2803 1945 2854 gratia]
1983 2804 2231 2844 Posteriorem
2259 2819 2399 2846 vocem

1419 2856 1562 2905 Lipsius
1581 2856 1627 2893 ad
1649 2869 1754 2893 oram
1777 2857 1879 2893 Libri
1897 2857 1949 2894 sui
1968 2868 2037 2904 pro
2066 2854 2179 2904 glossa
2208 2870 2399 2907 expunxe-

1418 2916 1483 2946 rat.
1512 2907 1560 2944 fic
1579 2916 1706 2945 tamen
1725 2908 1860 2945 iteruin
1880 2909 1926 2944 L.
1950 2920 2030 2944 111.
2053 2919 2085 2956 3.
2107 2919 2140 2956 3.
2161 2908 2206 2945 L.
2222 2922 2397 2962 111.7.3.

1420 2960 1465 2997 L.
1484 2971 1607 2997 111.2.
1622 2968 1684 2997 21:
1707 2961 1746 2996 ὃς
1763 2959 1940 2996 retinetur
1960 2969 2002 2994 ea
2023 2970 2100 2995 vox
2118 2971 2138 2995 a
2159 2960 2287 2999 MStis.

1474 3024 1528 3059 115.
1556 3013 1667 3047 Cereri
1685 3009 1832 3061 quoque]
1862 3009 1916 3047 Tox
1942 3023 2072 3059 quoque
2090 3008 2187 3048 delet
2214 3013 2296 3050 MS.
2319 3012 2397 3050 CO-

1417 3062 1489 3112 pes.
1508 3063 1620 3102 ceteri
1642 3063 1719 3101 fere
1746 3072 1880 3101 omnes
1907 3071 1994 3099 cuin
2022 3061 2180 3111 antiquis
2207 3062 2309 3102 editt.
2337 3067 2399 3100 Ce-

2322 3116 2406 3152 Τθῖἱ·
2456 3135 2459 3137 ’
