2516 3509
240 217 275 256 8.

150 267 274 300 Aeliam.

150 314 220 340 var.
248 307 326 340 Hist.

155 362 165 380 1
176 361 186 380 1
197 361 218 380 1.

148 392 259 422 strabo
278 401 308 422 x.

146 432 254 473 steph.

145 527 229 556 Arm.
252 521 325 569 ρπβ.

149 576 185 600 77
194 575 217 596 x.
233 573 323 597 circi-

147 615 206 640 rer.

362 141 471 198 174
633 111 1028 173 VALERII
1100 72 1748 168 MAX1M1L11211.
1791 111 2084 172 cmvi.

426 223 580 280 Qam
611 213 984 262 consuetudinem
1008 209 1352 259 Maffilienfium
1382 227 1478 259 non
1496 211 1544 259 in
1570 212 1722 260 Gallia
1748 226 1924 274 ortam,
1959 212 2033 260 sed
2054 219 2093 251 4¹
2126 209 2151 261 ἐ
2175 210 2370 260 Graecia

360 300 611 349 translatam
644 296 747 343 inde
768 295 1007 353 existimo,
1041 301 1084 332 4²
1109 291 1237 357 quod
1258 292 1382 340 illam
1405 295 1542 340 etiam
1562 295 1609 341 in
1636 295 1776 343 insula
1793 296 1890 344 Cea
1911 296 2069 343 servari
2090 296 2372 344 animadver-

358 382 419 439 ti,
456 396 548 442 quo
587 392 797 443 tempore
828 376 982 424 Asiam
1011 391 1119 423 cum
1157 381 1198 411 43
1229 374 1334 422 Sex.
1356 374 1585 438 Pompejo
1608 388 1788 438 petens,
1825 384 1865 412 ⁴4
1881 377 2035 437 Julida
2054 378 2282 442 oppidum
2303 379 2373 425 in·

356 460 486 506 travi.
554 459 695 506 Forte
723 459 844 505 enim
873 458 1049 516 evenit,
1085 462 1125 494 45
1150 468 1203 502 ut
1233 466 1348 501 tunc
1380 452 1579 500 summae
1598 453 1832 520 dignitatis
1854 456 1918 503 ibi
1939 456 2132 518 femina,
2167 457 2240 504 sed
2260 456 2370 504 ulti-

356 554 455 585 mae
470 540 565 604 jam
585 537 847 599 senectutis,
883 535 929 576 4⁶
952 536 1129 584 reddita
1147 535 1321 583 ratione
1345 533 1549 594 civibus,
1585 551 1668 581 cur
1690 535 1910 582 excedere
1930 539 2024 585 vita
2046 539 2257 598 deberet,
2292 552 2370 584 ve-

356 618 553 667 neno'47
572 616 836 664 consumere
855 615 897 663 se
916 614 1176 673 destinarit,
1212 626 1503 676 mortemque
1536 610 1657 659 suam
1687 612 1901 676 Pompeji
1932 615 2173 677 praesentia
2205 616 2368 662 clario-

355 713 452 744 rem
480 695 578 742 fieri
606 698 761 761 magni
792 695 1046 742 aestimarit.
1116 694 1226 740 Nec
1258 708 1413 756 preces
1436 693 1530 756 ejus
1552 692 1622 740 vir
1650 691 1750 750 ille,
1787 704 1839 737 ut
1862 693 2073 741 omnibus
2090 696 2369 755 virtutibus,

355 774 421 822 ita
438 774 727 820 humanitatis
753 788 938 838 quoque
957 771 1161 819 laudibus
1186 769 1570 829 instruditiffimus,
1605 769 1825 834 aspernari
1843 769 2065 819 sustinuit.
2116 774 2262 821 Venit
2286 777 2369 822 ita-

353 868 443 916 que
465 851 521 898 ad
541 867 638 899 eam
652 886 667 912 ‚
702 851 1108 915 facundissimoque
1129 850 1358 910 sermone,
1388 849 1466 913 qui
1487 865 1566 896 ore
1586 851 1682 913 ejus
1704 848 1827 913 quafi
1846 848 1872 895 e
1896 848 2030 897 beato
2054 852 2254 915 quodam
2275 854 2371 900 elo-

354 933 565 998 quentiae
587 931 716 980 fonte
734 932 965 992 manabat,
1001 931 1056 978 ab
1078 932 1266 995 incepto
1289 928 1479 976 confilio
1503 927 1583 975 diu
1606 928 1910 993 nequicquam
1931 945 2146 978 revocare
2163 948 2373 996 conatUS‚

403 1152 465 1189 39.
495 1147 540 1176 Ut
558 1141 615 1176 ‘vel
631 1137 793 1187 adverfiz,
814 1141 871 1174 vel
886 1140 1042 1187 prospera
1064 1138 1163 1174 nimis
1181 1137 1246 1185 ufis
1261 1139 1336 1184 for-

353 1200 436 1227 tusm
451 1199 522 1227 &a
543 1190 747 1239 comprobato
765 1192 859 1225 exim
880 1189 1092 1237 terminetur]
1126 1188 1337 1236 Legebatur

353 1241 446 1278 olim
476 1242 548 1288 tofi,
575 1242 721 1289 Pighius
746 1252 837 1277 vero
867 1239 905 1277 in
928 1241 995 1278 suis
1024 1239 1167 1276 invenit
1185 1240 1261 1286 ufis.
1291 1251 1336 1275 ex

354 1303 433 1341 quo
456 1291 669 1329 faciendum
691 1300 768 1329 erat
785 1294 860 1340 usus
875 1319 884 1334 ‚
914 1300 953 1329 ut
971 1290 1079 1330 habet
1112 1290 1192 1326 MS.
1221 1302 1336 1340 quem

355 1353 428 1390 ego
451 1342 601 1380 contuli.
646 1343 754 1381 Oros.
778 1344 822 1380 L.
843 1354 913 1379 vn.
939 1343 982 1379 C.
1004 1354 1061 1378 22.
1093 1340 1338 1379 Accidentem-

353 1407 417 1443 que
447 1408 488 1428 ex
514 1394 605 1429 nobis
627 1406 761 1429 mortem
788 1405 929 1429 naturae
941 1394 1043 1441 finem
1070 1392 1152 1440 effe,
1179 1407 1244 1427 non
1258 1402 1336 1441 poe-

353 1458 433 1479 nam
479 1447 514 1479 ui
528 1472 538 1488 ,
566 1448 725 1481 mentitur
753 1447 916 1493 iniquitas
944 1455 1150 1494 paganorum
1179 1445 1235 1479 vel
1251 1457 1335 1492 gen-

354 1497 451 1531 tium.
506 1497 586 1531 Non
607 1496 731 1543 finivit
752 1506 882 1531 tantum
904 1498 939 1543 se
963 1498 1051 1544 tpfh,
1072 1493 1131 1542 sed
1153 1498 1335 1543 &sepeli-

356 1549 422 1582 -m't,
477 1545 614 1583 Seneca
637 1547 766 1583 Contr.
789 1558 822 1594 p.
845 1546 927 1583 281.
956 1547 1123 1593 Sicfim'ri
1143 1557 1211 1593 pro
1236 1546 1333 1583 mori

355 1596 451 1633 infra
473 1609 533 1634 111.
568 1610 600 1633 2.
627 1598 711 1634 Ext.
737 1598 770 1634 6.
801 1609 849 1633 rx.
879 1610 932 1634 12.
961 1598 1044 1634 ΕΜ.
1080 1609 1111 1643 4.
1153 1596 1214 1633 ubi
1248 1597 1334 1634 vide

356 1647 480 1684 Vorst.
510 1648 633 1684 Morbo
660 1649 752 1689 finiri
774 1648 864 1685 Plin.
888 1649 933 1685 L.
959 1660 989 1685 1.
1013 1649 1081 1696 Ep.
1107 1660 1161 1685 12.
1189 1647 1336 1688 <Audito

344 1698 415 1744 fini
446 1702 605 1748 <Augusti
645 1700 739 1736 Tac.
766 1712 794 1736 1.
818 1712 875 1748 31.
898 1712 931 1746 4.
960 1701 998 1736 ὃς
1020 1698 1102 1735 alibi
1122 1698 1333 1747 saepiflime.

356 1750 464 1786 Errat
482 1749 637 1798 proinde
659 1749 904 1787 Berneccerus
922 1749 967 1786 ad
988 1750 1073 1796 Just.
1095 1761 1214 1786 xxv11.
1229 1762 1260 1798 3.
1280 1763 1333 1787 12.

354 1802 506 1836 Seleucus
527 1815 654 1850 qnoque
676 1799 789 1849 iisdem
802 1810 882 1849 pene
909 1799 1020 1836 dtelms
1040 1814 1121 1850 equo
1134 1804 1336 1849 praeripim-

355 1862 411 1887 πω
420 1852 555 1898 finitur.
577 1853 638 1889 ubi
654 1851 775 1900 legere
796 1851 875 1889 vult
886 1852 982 1898 finit.
1010 1851 1117 1888 Sic&
1127 1850 1225 1898 fizzirz
1239 1851 1337 1899 apud

357 1902 435 1939 Cic.
463 1916 491 1940 1.
524 1904 636 1941 Tusc.
667 1904 709 1940 C.
731 1915 867 1940 xtvm.
906 1902 963 1939 Sic
988 1907 1096 1940 rsa&
1116 1913 1184 1949 pro
1214 1911 1338 1939 morte
1388 1916 1392 1918 ’

359 1953 506 1991 Aelian.
534 1954 583 1990 V.
607 1955 657 1991 H.
678 1954 723 1991 L.
745 1967 780 1991 v.
803 1954 837 1991 6.
856 1951 1025 1999 '‘5208&.
1060 1964 1104 1989 11.
1119 1953 1197 1989 Pet.
1224 1967 1253 1991 1.
1282 1966 1337 2001 ις.

360 2005 507 2042 Confer
530 2005 618 2041 Scal.
639 2005 686 2042 ad
708 2005 835 2042 Euseb.
857 2017 892 2042 n.
907 2016 1014 2053 2137.
1043 2004 1081 2041 &
1101 2004 1220 2041 Cicer.
1242 2005 1287 2041 L.
1308 2017 1339 2042 1.

363 2056 808 2102 Tusc.46.PER17.ON.
840 2059 921 2104 Ufiaes
942 2056 1036 2092 clare
1059 2055 1169 2092 exstat
1187 2056 1224 2091 in
1236 2055 1339 2092 Barb.

362 2107 469 2155 prim.
502 2108 540 2143 in
562 2109 629 2144 sec.
650 2109 740 2155 usis,
778 2107 832 2149 al,
860 2110 947 2155 afim.
1012 2106 1103 2143 Duo
1132 2107 1242 2143 Rem.
1268 2108 1339 2154 usu.

364 2159 470 2194 Unus
500 2160 606 2195 Rem.
631 2159 669 2194 &
702 2158 769 2194 Bit.
792 2160 872 2194 viri.
926 2157 1073 2207 Reliqui
1102 2158 1150 2205 nst
1173 2159 1341 2204 fortuna,

362 2209 478 2246 Perlz.
496 2209 608 2245 etiam
630 2212 854 2245 terminentur.
881 2206 1005 2245 Placet
1023 2210 1110 2255 ufiaes.

410 2272 470 2306 40.
499 2261 679 2307 Rationem
694 2259 846 2309 praebet]
878 2260 931 2295 Ita
956 2257 1071 2295 Aldus
1101 2256 1202 2295 dedit
1229 2259 1267 2295 δί
1286 2258 1341 2295 A-

362 2309 535 2354 scenfius,
564 2311 677 2347 ceteri
699 2322 785 2347 cum
808 2310 919 2358 longe
942 2309 1104 2346 maxima
1128 2308 1235 2345 MSS.
1256 2320 1339 2357 par-

362 2369 400 2398 te
414 2361 603 2410 praebuerit
618 2389 627 2405 ,
654 2361 757 2411 quod
783 2360 915 2398 muniri
936 2372 1013 2397 non
1038 2359 1226 2396 debuerat.

411 2424 470 2458 41.
497 2416 524 2447 E
539 2415 678 2447 &mesia
699 2411 877 2460 tralatam]
907 2411 1086 2448 Posterius
1107 2409 1335 2447 vocabulum

358 2463 404 2501 ab
427 2462 526 2500 Aldo
547 2463 594 2500 est
612 2463 680 2499 hac
711 2464 831 2499 forma
865 2461 1019 2498 editum.
1069 2461 1212 2498 Priores
1235 2461 1338 2498 editt.

360 2526 446 2552 curn
468 2512 643 2551 Ascenfio
669 2515 705 2550 &
729 2513 856 2560 viginti
888 2512 993 2549 MSS.
1021 2512 1159 2549 habent
1185 2515 1337 2548 transla-

361 2577 431 2603 tam
446 2593 456 2609 ‚
476 2565 605 2612 viginti
628 2563 703 2601 duo
725 2564 844 2612 scripti
864 2577 905 2599 ex
918 2566 1067 2600 Graecia.
1094 2563 1167 2600 Pro
1188 2565 1338 2610 existimo

362 2616 472 2654 rnulti
492 2619 634 2662 aefftmo.

410 2680 470 2713 42.
498 2665 598 2717 Quod
615 2668 710 2702 illam
739 2668 840 2701 etiam
861 2665 897 2700 in
917 2666 1026 2713 insula
1042 2667 1131 2701 Caeae
1142 2665 1279 2713 servari
1298 2680 1338 2701 a-

360 2716 582 2767 nimadverti]
615 2718 656 2754 In
685 2715 934 2763 manuscriptis
956 2716 1235 2753 correctioribus
1257 2718 1338 2752 Coeo

364 2769 426 2806 vel
447 2772 508 2805 Ceo
527 2768 682 2817 legitur,
710 2768 746 2804 in
770 2767 843 2804 aliis
873 2766 958 2803 Chio
986 2766 1045 2803 vel
1075 2770 1151 2803 Coo.
1202 2766 1338 2804 Diver—

363 2819 416 2857 sas
440 2828 565 2856 autem
588 2819 715 2856 insulas
735 2816 804 2855 esse
825 2821 903 2855 Ceos
919 2846 927 2861 ‚
956 2817 1016 2854 vel
1034 2820 1154 2861 Coeos,
1181 2818 1282 2853 Chios
1300 2819 1338 2855 ὃς

363 2873 427 2907 Cos
449 2898 459 2914 ,
497 2870 852 2918 cosmographorum
883 2869 1056 2906 omnium
1091 2867 1268 2905 consensu
1300 2870 1339 2907 &

363 2921 680 2959 demonstratione
714 2920 946 2958 manifestum
981 2919 1039 2956 est.
1092 2918 1148 2955 Ex
1177 2919 1231 2956 his
1253 2922 1338 2956 Ceon

360 2972 453 3009 olim
486 2971 697 3019 tetrapolim
728 2970 832 3008 fuisse
854 3000 863 3015 ‚
901 2970 1025 3020 postea
1059 2969 1165 3007 duab.
1194 2969 1338 3008 urbibus

359 3023 485 3073 Cor-effi:
498 3023 700 3074 Poeeffizque
710 3023 802 3061 mari
824 3022 1009 3062 devoratis
1019 3022 1057 3060 in
1076 3020 1164 3060 duas
1183 3020 1339 3078 reliquas

2319 1014 2374 1061 ad

1387 1134 1516 1182 Julida
1529 1166 1539 1182 ‚
1549 1136 1826 1187 Carthaeamque
1837 1137 2060 1176 habitatores
2072 1150 2201 1178 earum
2222 1142 2369 1190 migras-

1388 1188 1447 1232 se,
1469 1188 1598 1226 Strabo
1617 1189 1655 1226 ὃς
1678 1188 1816 1226 Plinius
1837 1189 1994 1227 tradunt.
2023 1190 2095 1227 Sed
2110 1198 2254 1229 temere
2278 1204 2370 1231 con-

1390 1238 1595 1276 funduntur
1618 1239 1715 1287 apud
1744 1238 1912 1278 auetores
1941 1249 2017 1278 tam
2041 1242 2227 1287 Graecos,
2256 1256 2371 1293 quam

1391 1289 1548 1327 Latinos
1571 1289 1753 1327 dietarum
1774 1290 1969 1329 insularum
1993 1293 2150 1330 nomina
2164 1322 2174 1337 ‚
2195 1294 2308 1343 idque
2330 1295 2372 1333 li·-

1389 1340 1594 1377 brariorum
1615 1340 1861 1389 negligentia;
1890 1351 1931 1380 ut
1959 1343 1997 1380 in
2021 1344 2208 1392 Stephano
2240 1344 2286 1382 de
2314 1358 2373 1384 ur-

1389 1390 1491 1429 bibus
1506 1420 1516 1436 ,
1532 1392 1627 1432 Ιελὶς
1646 1394 1741 1432 πόλις
1760 1390 1796 1428 ἐν
1816 1397 1864 1440 xc}
1885 1395 1922 1442 τῇ
1942 1396 2034 1440 νητῷ.
2066 1394 2111 1431 Et
2131 1395 2268 1433 rursus:
2282 1399 2376 1447 Kx?-

1389 1444 1472 1478 θερέω
1502 1444 1567 1479 ula
1596 1443 1625 1480 ’ὃ
1643 1440 1679 1478 ὠ
1700 1443 1747 1488 κῷ
1768 1443 2033 1492 τετίᾳπᾶλεῶη
2063 1457 2149 1483 cum
2175 1446 2374 1497 utrobique

1386 1492 1459 1541 legi
1481 1493 1613 1531 debeat
1632 1493 1667 1530 εἶν
1688 1492 1782 1539 κη’ῳ,
1795 1494 2121 1544 quemadmodum
2135 1497 2234 1535 rec'te
2246 1499 2373 1536 nomi-

1386 1553 1476 1582 nant
1496 1549 1586 1586 2271}ss
1618 1542 1777 1592 populos
1808 1545 2071 1583 Menandriani
2099 1548 2221 1586 versus
2249 1549 2372 1598 legem

1384 1595 1446 1633 seu
1486 1595 1794 1633 consuetudinem
1824 1596 1919 1633 hanc
1950 1598 2206 1645 properandae
2242 1602 2374 1639 mortis

1386 1646 1651 1695 praedicantes.
1696 1648 1807 1694 Quos
1826 1647 1919 1696 ipsos
1933 1676 1943 1692 ,
1971 1650 2057 1697 quia
2075 1648 2119 1686 ad
2140 1649 2368 1689 intellectum

1387 1698 1606 1735 Valerianae
1634 1698 1743 1747 hujus
1782 1698 1952 1736 historiae
1975 1700 2140 1743 faciunt,
2169 1712 2247 1738 non
2269 1713 2374 1750 prae-

1384 1749 1602 1787 termittam.
1658 1749 1855 1797 Leguntur
1884 1758 2012 1788 autem
2042 1752 2080 1789 in
2118 1752 2306 1801 Stephano
2336 1755 2375 1793 ὅ(

1389 1799 1568 1838 Strabone
1587 1801 1662 1837 hoc
1682 1799 1825 1838 modo:

1497 1869 1610 1908 Κοιλδν
1631 1870 1670 1906 τδ
1690 1869 1767 1911 κέων
1789 1871 1918 1915 vomu&
1934 1872 1989 1912 ,ε’ςι
2007 1872 2116 1910 Φανία
2130 1899 2141 1914 ,

1483 1921 1523 1958 Ὀ
1544 1919 1589 1965 μή
1610 1919 1804 1969 ἓωυοὶιιᾶυῶ
1825 1925 1876 1968 ξῆν
1895 1928 2028 1967 καλᾶς,
2051 1924 2074 1961 ε’·
2091 1926 2133 1973 ζῖ
2151 1927 2275 1967 manig.

1390 1998 1632 2037 Permittebat
1661 2007 1786 2039 autem
1817 1999 1877 2037 illa
1906 2000 1966 2038 lex
1999 2002 2182 2050 Cejenfium
2214 2003 2376 2052 majores

1391 2052 1493 2089 annis
1515 2051 1698 2099 sexaginta
1721 2058 1827 2088 natos
1843 2051 2035 2102 ιὶκωείζεοῗ
2049 2077 2058 2094 ,
2088 2053 2164 2089 hoc
2186 2054 2258 2099 est,
2285 2067 2376 2093 aco-

1393 2102 1474 2139 nito
1495 2102 1612 2139 vitam
1626 2102 1741 2140 finire.
1762 2101 1820 2138 Sic
1841 2101 2376 2155 legendum‚nona'-sm1gfog,

1393 2161 1435 2190 ut
1465 2153 1621 2190 habetur
1651 2153 1690 2189 in
1721 2153 1923 2201 Stephano·
1949 2154 2090 2192 PIGH.
2144 2156 2246 2191 Illam
2272 2159 2375 2194 etiam

1393 2205 1429 2238 in
1451 2207 1558 2253 insula
1569 2207 1631 2241 Ceo
1648 2206 1791 2252 servari.
1820 2204 1937 2242 Aldus
1957 2204 2123 2243 ediderat
2140 2208 2176 2242 in
2196 2209 2257 2255 ins
2270 2211 2374 2245 Caea:

1394 2256 1434 2291 &
1466 2255 1578 2303 paulo
1610 2254 1742 2292 reffius
1773 2255 2098 2305 Chalcocondyles
2131 2259 2168 2295 ἃ
2192 2259 2376 2298 Martinus

1394 2305 1549 2354 Herbip.
1580 2308 1671 2348 Cea3
1708 2306 1909 2354 quomodo
1940 2308 1979 2345 ὅς
2010 2308 2120 2345 codd.
2153 2308 2284 2346 Brand.
2311 2311 2375 2348 ha-

1395 2355 1494 2393 bent.
1524 2358 1577 2394 At
1596 2356 1743 2404 Pighius
1759 2357 1811 2394 ait
1828 2358 1866 2394 in
1888 2358 2170 2396 correffioribus
2190 2356 2295 2397 MSS.
2318 2357 2377 2399 inss

1391 2406 1530 2445 veniffe
1557 2409 1593 2445 se
1623 2410 1705 2444 Coeo
1733 2408 1793 2445 vel
1820 2411 1904 2445 Ceo.-
1932 2410 1971 2447 in
2002 2409 2078 2447 aliis
2108 2410 2190 2447 Chio
2212 2412 2269 2448 vel
2297 2415 2377 2451 Coo.

1394 2458 1553 2507 Sumpfit
1574 2466 1701 2496 autem
1723 2466 1835 2508 atque
1857 2459 1970 2497 edidit
1991 2463 2064 2497 Ceo.
2120 2460 2191 2498 Sed
2215 2463 2253 2500 ὅτ
2281 2466 2347 2501 Cea
2361 2492 2373 2511 ,

1391 2518 1435 2547 ut
1452 2510 1513 2548 alii
1533 2508 1750 2553 ediderunt,
1778 2521 1857 2546 non
1877 2511 2019 2548 malum
2048 2511 2106 2549 est.
2158 2509 2294 2551 Plinius
2315 2528 2373 2562 ιν,

1396 2572 1451 2597 12.
1498 2564 1577 2598 Ceos
1601 2589 1611 2605 ,
1655 2574 1757 2609 quam
1792 2563 1895 2608 nostri
1931 2561 2067 2611 quidam
2112 2561 2227 2601 dixere
2262 2568 2373 2605 Ceam.

1393 2612 1590 2650 VORST.
1642 2614 1707 2648 Cea
1727 2611 1775 2648 est
1799 2612 1911 2650 etiam
1932 2614 1969 2650 in
1991 2614 2103 2651 tribus
2124 2615 2230 2653 Leid.
2254 2616 2370 2655 Periz.

1391 2661 1525 2713 Ultraj.
1556 2662 1624 2700 sec.
1656 2662 1807 2711 quidam
1842 2666 1916 2701 Ceo.
1968 2665 2016 2702 Et
2043 2668 2107 2701 Cea
2130 2666 2166 2702 in
2196 2667 2370 2707 omnibus

1391 2713 1500 2751 MSS.
1523 2712 1673 2762 reperiri
1694 2713 1841 2751 testatur
1861 2715 2004 2752 Gudius
2029 2716 2074 2753 ad
2098 2716 2233 2753 Phaed.
2257 2717 2371 2758 L.1v.

1390 2776 1451 2801 21.
1478 2767 1544 2801 Cea
1573 2763 1641 2802 Ed.
1673 2765 1781 2812 Mog.
1800 2766 1898 2803 Ven.
1921 2769 2031 2810 caea,
2063 2767 2101 2803 &
2123 2766 2171 2803 fic
2203 2768 2281 2805 fere
2308 2781 2369 2808 ce-

1389 2815 1470 2852 teri.
1499 2814 1661 2903 {onsule
1684 2816 1844 2854 omnino
1865 2817 1902 2855 ὃς
1921 2816 2193 2855 Broukhufium
2216 2819 2262 2857 ad
2277 2820 2369 2860 Pro·

1417 2873 1481 2904 ert.
1543 2895 1550 2903 .
1576 2878 1606 2904 1.
1628 2879 1661 2903 2.
1681 2878 1715 2904 2.

1390 2877 1414 2915 p
1438 2929 1484 2966 43
1522 2923 1622 2954 Sexto
1638 2919 1804 2970 Pompejo]
1827 2919 1970 2956 Mirum
1994 2918 2031 2955 ni
2055 2917 2101 2954 de
2123 2918 2257 2964 Sexto,
2283 2921 2368 2960 Ma-

1387 2969 1450 3017 gni
1471 2968 1547 3007 filio
1563 2998 1573 3013 ,
1600 2969 1784 3019 quuatur.
1838 2969 1955 3017 Quod
1975 2968 1999 3005 fi
2023 2969 2071 3005 est
2085 2997 2094 3012 ,
2124 2978 2276 3019 oportet
2290 2973 2366 3010 Va-

1385 3019 1520 3059 lerium
1536 3020 1646 3060 statae
1665 3022 1795 3061 aetatis
1814 3018 1940 3066 fuisse,
1968 3031 2054 3059 cum
2073 3021 2167 3061 haec
2182 3021 2364 3111 serliperet.

2264 3073 2366 3114 adius
