2516 3509
475 144 590 200 DE
661 142 1223 204 DISCIPLINA
1274 146 1764 204 MILITARI.

2019 151 2117 222 185⁷

125 256 168 290 23
189 244 414 295 obfidioni
441 244 726 310 Liparitanae
763 250 808 283 24
827 243 881 290 ad
904 244 1095 309 auspicia
1121 244 1360 309 repetenda
1379 243 1630 291 Messanam
1652 243 1915 293 transiturus
1940 245 2115 310 praefe-

121 335 271 382 cerat,
303 322 442 386 virgis
473 320 677 381 caesum,
715 326 751 356 ²5
774 321 960 368 militiae
993 337 1179 368 munere
1200 322 1316 368 inter
1350 319 1521 383 pedites
1550 318 1680 382 fungi
1708 323 1892 385 coegit,
1930 321 1969 348 ²⁶
1992 314 2120 386 quod

123 403 220 464 ejus
243 400 377 466 culpa
396 416 536 465 agger
562 399 762 448 incensus
775 436 791 461 ,
826 409 842 428 2
855 408 873 441 7
900 401 948 448 &
969 417 1082 466 pene
1103 399 1242 447 castra
1260 399 1435 445 fuerant
1459 410 1604 461 capta.

186 474 262 537 Q
275 476 412 521 etiam
438 476 627 523 Fulvius
646 476 834 523 Flaccus
856 477 1011 524 censor
1024 511 1039 536 ‚
1066 477 1107 505 28
1125 474 1340 522 Fulvium
1366 473 1551 519 {intrem
1571 473 1812 520 cohortem
1832 475 2022 540 legionis
2036 512 2051 536 ,
2071 479 2120 524 in

122 565 210 613 qua
232 551 338 598 trib.
374 552 574 600 militum
597 566 716 614 erat,
752 554 916 618 injussu
938 551 1128 601 consulis
1159 550 1350 596 domum
1379 548 1610 595 dimittere
1632 549 1810 609 ausum,
1843 543 1996 599 senatu
2017 570 2116 601 mo-

116 630 199 676 vit.

160 862 225 897 24.
252 851 330 891 „Ad
354 853 499 903 auspicia
526 851 697 902 repetenda
721 852 908 900 Meffiznam
935 852 1095 900 transitu-

119 902 194 950 rus]
210 903 404 950 Quoniam
426 904 518 941 vitio
539 905 576 940 &
594 915 672 940 non
692 903 790 939 reete
808 903 921 950 petita
942 902 1015 938 five
1037 913 1096 938 ca-

122 960 184 999 pta
217 953 373 1002 auspicia
403 954 547 990 fuerant
570 980 581 996 ‚
615 953 735 990 voluit
763 953 876 988 Cotta
905 962 947 988 ea
971 951 1095 988 denuo

121 1012 248 1049 petere
261 1019 271 1046 ;
287 1014 445 1052 eamque
465 1003 514 1040 ob
536 1001 694 1040 caussam
714 999 920 1039 Messanam
949 1003 986 1039 in
1008 1001 1097 1039 Sici-

120 1053 208 1089 liam
232 1054 385 1101 trajecit.
412 1053 607 1090 VORST.

166 1114 226 1150 25.
263 1105 424 1139 Militiae
452 1103 607 1151 munere]

117 1166 261 1188 munera.
301 1154 457 1200 Optime
480 1154 518 1190 ὃς
540 1152 756 1190 latiniffime.
784 1153 977 1190 COLER.
1016 1155 1094 1187 Mi-

57 1241 59 1243 ,
116 1204 213 1238 litiae
243 1217 371 1238 munere
401 1206 487 1240 inter
507 1202 632 1253 pedites
653 1207 763 1252 fungi.
800 1203 916 1241 Addit
946 1202 1092 1250 Pighius

100 1292 102 1295 ¹
109 1255 260 1303 gregalis
275 1281 285 1297 ,
302 1253 494 1303 scribitque
510 1256 659 1305 gregalis
681 1256 823 1291 militiae
836 1269 846 1297 ;
870 1254 954 1304 quia
975 1253 1093 1290 Fron-

118 1303 214 1340 tinus
235 1316 291 1347 xv,
317 1317 348 1342 1.
376 1305 508 1342 eadem
541 1305 587 1342 de
610 1318 647 1342 re
673 1315 783 1352 agens
800 1305 951 1348 scribit,
977 1307 1087 1353 virgis

114 1356 237 1402 caefhm
263 1356 297 1390 In
327 1370 493 1392 numerum
514 1359 703 1406 gregalium
728 1354 875 1405 peditum
900 1358 1013 1402 referri
1041 1364 1086 1391 (φ’

115 1404 301 1440 muneribus
313 1408 412 1455 fungi
432 1406 531 1454 juffit.
581 1408 725 1444 Verum
746 1407 971 1456 antiquiores
992 1407 1087 1454 typis

116 1455 268 1503 expreffl
290 1457 328 1493 &
349 1457 457 1494 MSS.
482 1457 574 1494 item
595 1458 633 1494 ⁷0*
657 1458 808 1505 gregalis
837 1469 915 1494 non
941 1457 1087 1494 habent.

116 1505 165 1543 Et
184 1505 209 1542 fi
226 1517 271 1542 ex
292 1506 408 1544 verbis
427 1508 594 1544 Frontini
624 1507 821 1555 supplenda
842 1507 952 1544 verba
975 1507 1088 1544 Vale-

115 1556 156 1593 rii
184 1555 320 1602 essent,
348 1557 559 1595 faciendum
591 1557 680 1595 illud
711 1557 758 1594 fic
779 1558 922 1606 potius,
949 1566 990 1596 ut
1007 1571 1088 1608 gre-

108 1607 206 1655 gales
237 1606 452 1656 adjiceretur
482 1611 527 1655 τῷ
550 1607 687 1658 pedites.
758 1609 953 1646 Frontinus
984 1610 1084 1647 enim

106 1659 299 1707 gregalium
320 1656 469 1709 'peditum
484 1687 494 1703 ‚
521 1671 600 1696 non
624 1660 775 1710 gregalis
794 1661 937 1695 militiae
965 1659 1086 1697 habet.

114 1707 311 1745 VORST.
363 1712 517 1760 Gregalis
540 1709 635 1747 abest
657 1711 701 1747 ab
722 1709 894 1747 omnibus
915 1710 1022 1746 MSS.
1047 1712 1084 1748 &

115 1757 256 1795 dudum
275 1759 345 1802 est,
372 1760 476 1809 quod
495 1760 667 1809 Pighium
695 1761 765 1798 hac
784 1760 823 1798 in
853 1772 891 1797 re
927 1760 1081 1798 Modius

111 1808 297 1858 redarguit
314 1810 382 1859 Ep.
404 1811 464 1859 96.

161 1859 220 1897 26.
245 1859 346 1909 Qod
374 1866 444 1909 ejus
475 1862 569 1911 culpa
598 1876 678 1912 ager
708 1861 871 1911 incensus]
902 1861 944 1899 In
968 1862 1082 1899 Cam-

110 1909 234 1959 penfi,
261 1911 492 1949 Atrebatenfi
513 1941 523 1956 ,
560 1924 603 1950 ac
626 1913 920 1957 Pulmanniano,
956 1926 1082 1963 agger,

111 1960 232 1998 multo
254 1961 395 2000 rectius.
447 1964 596 2012 Aggere
626 1964 726 2001 enim
750 1965 789 2001 &
809 1963 908 2002 vallo
937 1965 1083 2000 munie-

108 2010 241 2048 bantur
259 2012 367 2050 castra
382 2042 392 2058 ,
419 2014 548 2063 quibus
570 2014 721 2052 incensis
742 2026 837 2063 pene
869 2021 971 2063 capta
1001 2015 1081 2051 fue-

109 2068 202 2098 rant.
254 2062 370 2111 Atqui
389 2076 434 2101 ex
460 2065 587 2114 quavis
606 2065 760 2103 materia
782 2065 923 2114 aggesta
945 2064 1081 2103 fiebant

110 2122 258 2159 aggeres
270 2127 281 2155 ;
310 2113 384 2150 five
402 2123 518 2160 terra,
545 2115 682 2164 lapides
696 2144 706 2160 ,
733 2116 851 2154 trabes
865 2143 874 2159 ,
897 2115 1008 2153 fasces
1030 2118 1081 2153 es-

112 2162 214 2206 sent,
242 2161 315 2199 five
329 2163 421 2201 haec
448 2165 553 2203 fimul
577 2174 806 2204 coacervata.
857 2166 962 2215 Quid
978 2166 1079 2205 idem

109 2212 230 2250 noster
250 2212 442 2252 Valerius?
470 2227 566 2252 anne
583 2216 722 2260 Julium
745 2216 939 2254 Caesarem
954 2244 964 2260 ,
993 2228 1079 2254 cum

107 2263 217 2300 armis
238 2262 421 2301 Mundam
451 2264 645 2309 clausisset,
672 2267 709 2302 in
738 2266 882 2303 alterius
903 2267 1079 2303 materiae

107 2314 234 2362 inopia
255 2325 300 2350 ex
321 2314 556 2352 cadaveribus
581 2327 753 2363 aggerem
776 2313 969 2352 extruxisse
996 2316 1079 2352 scri-

109 2363 188 2401 bit?
224 2363 282 2402 lib.
306 2376 375 2401 vn.
399 2376 477 2413 cap.
507 2365 540 2401 6.
567 2365 789 2413 As'tipulatur
818 2365 906 2401 huic
934 2364 1076 2403 nostrae

108 2414 331 2452 correecioni
356 2416 447 2452 item
469 2415 584 2462 Julius
603 2415 800 2453 Frontinus
831 2415 1076 2463 Stratag'ema-

106 2472 188 2501 tum
210 2465 267 2502 lib.
288 2478 341 2502 IV.
369 2467 407 2502 ὃς
429 2466 516 2514 quia
535 2466 610 2503 hoc
635 2466 752 2514 ipsum
783 2466 998 2514 exemplum
1022 2465 1076 2503 di—

104 2515 274 2564 sciplinae
303 2515 466 2553 militaris
493 2528 538 2552 ex
566 2516 631 2553 isto
661 2515 800 2553 Valerii
827 2516 914 2553 loco
946 2516 1073 2554 iisdem

104 2577 201 2614 pene
212 2565 328 2603 verbis
338 2565 547 2604 transtulisse
557 2566 703 2604 videtur
713 2595 723 2611 ,
737 2577 814 2604 non
825 2568 1074 2615 incongruum

106 2617 173 2653 erit
191 2617 251 2653 hic
270 2616 492 2665 adjungere:
523 2615 632 2661 Idem,
653 2617 794 2667 inquit,
814 2621 913 2654 Cotta
932 2620 969 2655 P.
983 2622 1076 2658 estu-

103 2670 221 2704 relium
235 2670 398 2717 sanguine
409 2668 475 2715 fibi
492 2668 640 2716 janam
652 2696 662 2712 ‚
683 2682 777 2717 quem
799 2667 953 2715 obsidioni
970 2671 1075 2718 [ἱρα-

101 2731 216 2754 rarum
228 2745 238 2761 ,
259 2720 322 2767 ἱρῇ
338 2716 382 2754 ad
399 2720 542 2768 auspicia
560 2718 729 2767 repetenda
754 2718 940 2766 Meffanam
961 2730 1075 2756 trans-

105 2770 213 2805 iturus
238 2771 439 2817 praefecerat
462 2797 471 2813 ,
505 2784 574 2805 mm
602 2783 706 2819 agger
731 2772 894 2818 incensus,
923 2779 967 2806 ΕΤ
994 2780 1074 2820 pene

104 2828 200 2867 capta
219 2822 322 2866 castra
341 2819 438 2867 effi’nt
450 2847 460 2863 ,
488 2822 596 2870 ‘virgis
613 2822 735 2868 caeficm
759 2822 796 2855 in
815 2835 981 2857 numerum
995 2836 1074 2873 gre-

96 2871 231 2918 galium
252 2870 399 2917 peditum
428 2873 543 2917 referri
570 2879 614 2906 (9⁹
640 2870 823 2906 musaea-ilaus
846 2874 945 2921 fungi
976 2874 1074 2918 justit.

104 2920 232 2968 Atque
258 2919 317 2956 hic
346 2920 496 2969 quidem
526 2921 694 2958 Frontini
722 2921 825 2958 locus
847 2933 925 2959 non
952 2922 1071 2960 solum

104 2970 244 3007 Valerii
264 2970 374 3007 verba
392 2970 549 3009 declarat
562 3000 572 3015 ‚
598 2972 660 3010 sed
690 2973 800 3009 etiam
820 2972 858 3008 in
876 2974 916 3009 iis
939 2972 1074 3022 aliquid

99 3018 244 3066 deeffe,
272 3020 416 3059 videtur
443 3022 614 3061 indicare.
668 3023 767 3060 Nam
790 3021 853 3060 ubi
880 3024 952 3067 ait,
980 3025 1075 3062 mili-

649 1101 731 1139 Lib.
763 1101 926 1140 Danielis
951 1102 1093 1137 militiae

271 635 313 664 2⁹
332 628 455 677 Non
481 630 617 694 digna
642 630 874 694 exempla,
910 646 1022 693 quae
1048 642 1140 677 tam
1170 628 1394 688 breviter,
1425 627 1507 676 nisi
1529 628 1775 692 majoribus
1802 645 2014 694 urgerer,
2048 650 2114 679 re—

1944 710 2118 757 serren—
2129 709 2236 738 Hm·
2246 718 2256 737 ¹

2133 753 2216 780 Ann.
2233 758 2272 779 -ur
2299 772 2307 778 .

2136 800 2203 825 573-
2220 790 2326 820 Lissus

2132 841 2255 869 x[.41.

1146 851 1220 887 tiae
1245 861 1398 889 munere
1417 853 1512 889 inter
1534 852 1672 901 pedites
1695 852 1798 900 fungi
1819 854 1965 901 coegit,
1992 854 2119 901 profe-

1149 900 1210 936 ἅο
1229 902 1349 938 minus
1367 902 1507 939 hiulcus
1530 905 1568 939 ὃς
1588 903 1757 940 obscurus
1777 903 1865 947 erit,
1885 904 1909 939 si
1926 904 2052 941 locum
2073 917 2119 941 ex

1148 949 1330 987 Frontino
1350 951 1579 1000 suppleamus
1596 954 1644 990 ita
1659 981 1668 997 ,
1684 954 1832 1003 gregalis
1850 955 1991 989 militiae
2009 969 2121 990 mime-

1147 1014 1183 1035 re
1203 1003 1289 1036 inter
1302 999 1428 1050 pedites
1443 1005 1541 1052 fungi
1560 1006 1677 1053 coegit.
1728 1003 1900 1041 Viliffimi
1920 1005 2019 1041 enim
2041 1015 2122 1052 gre-

1147 1049 1244 1098 gales
1266 1052 1398 1089 milites
1421 1062 1523 1090 erant
1550 1053 1596 1090 ad
1624 1064 1868 1103 quaecunque
1895 1066 2004 1102 opera
2028 1056 2121 1093 mil—

1143 1101 1216 1137 tiae
1237 1102 1434 1150 supplenda
1455 1103 1603 1152 subjecii
1618 1133 1627 1148 ,
1657 1106 1695 1141 ὃς
1723 1116 1767 1140 ex
1797 1106 2044 1142 centuriarum
2067 1118 2089 1143 u
2105 1127 2121 1133 -=

1144 1151 1242 1188 timis
1272 1152 1425 1191 decuriis
1446 1154 1484 1191 in
1517 1167 1606 1204 quas
1625 1155 1779 1192 minoris
1810 1156 1915 1203 pretii
1939 1157 1975 1192 &
2002 1156 2116 1193 animi

1144 1202 1277 1239 milites
1296 1204 1613 1242 conscribebantur
1626 1234 1635 1249 ,
1656 1206 1978 1254 quemadmodum
2001 1206 2110 1245 etiam

1145 1253 1280 1290 Cicero
1298 1254 1335 1291 in
1353 1255 1580 1293 orationibus
1599 1256 1665 1293 suis
1683 1255 1839 1300 indicat,
1859 1268 1923 1304 per
1940 1265 2109 1295 contem=

1138 1312 1244 1351 ptum
1266 1304 1470 1350 Catilinae,
1499 1306 1643 1349 Clodii,
1671 1318 1712 1342 ac
1739 1307 1897 1344 Antonii
1924 1306 2107 1345 seditiosos

1139 1365 1181 1391 ac
1202 1354 1290 1392 viles
1311 1354 1452 1393 asseclas
1471 1359 1603 1394 'corum
1625 1356 1785 1405 gregales
1805 1356 1994 1404 appellans.
2048 1359 2107 1394 In-

1137 1412 1192 1442 ter
1221 1417 1314 1455 quos
1344 1418 1409 1454 per
1438 1407 1684 1455 ignominiam
1718 1407 1973 1455 rejiciebantur
1995 1407 2105 1445 eriam

1137 1455 1187 1492 illi
1205 1456 1359 1501 milites,
1387 1458 1449 1506 qui
1471 1458 1518 1495 ob
1546 1457 1689 1506 culpam
1719 1457 1878 1507 aliquam
1902 1469 1947 1493 ex
1970 1458 2104 1496 ordini—

1138 1505 1203 1543 bus
1222 1507 1289 1544 suis
1309 1509 1620 1556 expungebantur.
1646 1509 1786 1545 PIGH.
1832 1506 1934 1557 rol
1951 1513 2019 1556 ejus
2040 1511 2108 1544 cul-

1131 1566 1179 1605 pa
1205 1570 1309 1608 agger
1329 1561 1473 1607 incensus
1488 1588 1498 1604 ‚
1526 1568 1570 1595 ΟΝ
1588 1569 1690 1608 paene
1717 1562 1820 1606 castra
1844 1562 1984 1605 ficerant
2003 1570 2108 1608 capta„

1137 1609 1274 1646 Eteri-a
1292 1608 1494 1657 plurimum
1515 1621 1642 1658 agger:
1657 1610 1827 1658 potuitne
1849 1608 2027 1647 accendi?
2043 1612 2108 1648 Tu

1136 1657 1262 1695 sedulo
1281 1660 1378 1697 velas
1400 1662 1452 1697 mi
1472 1660 1596 1708 Pighi:
1624 1660 1684 1697 sed
1705 1660 1818 1697 velim
1846 1662 1953 1708 (puto
1974 1667 2011 1696 te
2029 1672 2107 1698 non

1137 1709 1311 1758 nolente)
1338 1724 1442 1761 agger
1463 1713 1635 1759 inscenfitvs.
1670 1710 1837 1747 Inscendi
1857 1712 1895 1747 &
1917 1710 2111 1749 conscendi

1133 1758 1331 1807 aggerem,
1351 1761 1488 1798 vallum
1504 1789 1513 1804 ‚
1526 1761 1650 1798 crebra
1670 1763 1708 1799 &
1728 1761 1810 1798 trita
1832 1759 1956 1798 dictio.
1984 1762 2106 1800 LIPS.

1132 1817 1269 1860 {Agger
1289 1813 1443 1861 incensus.
1479 1812 1581 1849 Male
1604 1812 1688 1849 edit.
1711 1812 1879 1848 Veneta:
1899 1825 1978 1861 ager
1999 1814 2107 1848 inten-

1125 1863 1197 1908 sus.
1248 1860 1372 1898 Placet
1402 1863 1614 1908 comestura
1638 1862 1807 1911 Lipsiana
1826 1866 1956 1913 ffi'gger
1985 1865 2105 1911 instene

1124 1913 1197 1959 sus.
1226 1912 1307 1948 Nec
1330 1924 1414 1950 mea
1436 1913 1598 1962 displicet
1609 1917 1740 1963 agger
1757 1915 1907 1960 escensus.
1931 1913 1987 1950 Sic
2009 1915 2108 1962 apud

1134 1962 1298 1999 Ennium
1325 1977 1332 2000 ;
1370 1969 1501 2013 <Atque
1525 1976 1626 2014 atque
1661 1963 1798 2010 effendit
1825 1978 1932 1999 maros
1958 1967 2107 2012 Romana

1126 2018 1298 2060 juventus.
1338 2014 1530 2052 COLER.
1582 2013 1682 2065 Qbod
1707 2020 1775 2059 ejus
1805 2016 1897 2062 culpa
1927 2028 2032 2064 agger
2054 2019 2109 2051 in..

1132 2066 1252 2112 census.
1280 2064 1397 2102 Aldus
1417 2065 1578 2103 ediderat
1591 2079 1673 2114 ager
1695 2067 1850 2112 incensus.
1888 2065 1939 2102 At
1958 2066 2104 2113 Pighius

1133 2125 1178 2151 ex
1200 2114 1305 2152 MSS.
1326 2116 1476 2153 restituit
1496 2131 1599 2167 agger
1619 2119 1710 2152 incen
1724 2131 1774 2152 us.
1821 2116 1899 2163 Qui
1916 2115 2016 2153 idem
2037 2117 2107 2153 do-

1133 2174 1192 2201 cet
1210 2177 1364 2215 quoque
1378 2195 1388 2209 ‚
1416 2166 1616 2215 quomodo
1636 2178 1743 2215 agger
1762 2165 1909 2203 incendi
1930 2168 2104 2215 potuerit;

1132 2215 1305 2252 videlicet
1325 2217 1412 2264 quia
1431 2228 1541 2264 agger
1555 2244 1565 2260 ‚
1593 2229 1670 2265 quo
1694 2217 1803 2254 castra
1825 2217 2104 2261 muniebantur,

1137 2275 1180 2299 ex
1211 2265 1339 2313 quavis
1371 2267 1524 2302 materia
1554 2267 1717 2313 aggesta,
1749 2267 1860 2304 etiam
1883 2278 1928 2302 ex
1949 2267 2105 2305 trabibus

1133 2313 1172 2349 ὃς
1196 2314 1370 2358 fascibus,
1406 2315 1660 2352 conficeretur.
1713 2315 1854 2364 Lipsius
1885 2316 2007 2354 mallet
2033 2318 2103 2366 legi

1129 2376 1234 2412 agger
1263 2366 1443 2412 inscenfiu3
1473 2367 1558 2415 quia
1583 2380 1761 2416 aggerem,
1787 2369 1917 2403 ‘vallum
1932 2396 1942 2411 ,
1968 2368 2104 2416 infiemlb

1129 2414 1252 2451 crebra
1280 2415 1424 2452 locutio
1447 2416 1498 2453 sit.
1553 2416 1710 2454 Codices
1732 2417 2016 2463 Brand.-habent
2043 2420 2100 2455 iti-

1126 2463 1214 2501 dem
1233 2478 1340 2516 agger
1370 2469 1535 2514 incensus:
1573 2468 1611 2504 &
1636 2475 1776 2504 veteres
1807 2469 1896 2505 item
1920 2470 2012 2516 typis
2038 2480 2099 2504 ex-

1125 2515 1230 2562 preffi
1243 2545 1253 2560 ,
1274 2516 1333 2553 vel
1346 2531 1433 2567 ager
1453 2519 1597 2565 intensas
1612 2546 1621 2560 ,
1638 2526 1678 2555 ut
1697 2518 1785 2555 Aldi
1808 2519 1845 2556 ὅ(
1868 2519 2097 2556 Chalcocon-

1125 2564 1259 2613 dylae3
1289 2566 1349 2604 vel
1375 2582 1482 2618 agger
1513 2571 1680 2617 incensus,
1709 2577 1749 2606 ut
1767 2569 1917 2605 Martini
1947 2568 2097 2615 Herbip.

1127 2615 1325 2654 Frontinus
1357 2630 1510 2668 quoque
1542 2619 1730 2666 praeclusio
1750 2618 1834 2656 loco
1857 2619 1985 2660 habet,
2013 2621 2093 2654 Cum

1122 2681 1228 2718 agger·
1247 2671 1392 2716 incenfics
1405 2677 1450 2705 (θ’
1468 2680 1549 2719 pene
1567 2679 1664 2719 capta
1684 2672 1785 2717 castra
1803 2668 1917 2715 essent:
1939 2668 1974 2704 id
1994 2669 2095 2716 quod

1123 2730 1251 2756 veram
1270 2719 1472 2756 lectionem
1492 2733 1570 2757 non
1591 2732 1717 2767 parum
1739 2719 1867 2755 firmat.
1895 2718 2087 2757 VORST.

1126 2770 1289 2817 [nsi-enfin
1321 2769 1408 2818 legit
1437 2771 1548 2807 etiam
1574 2771 1760 2807 Pontanus
1789 2769 1825 2804 in
1854 2768 2020 2815 Epistolis
2049 2770 2092 2807 ab

1124 2820 1213 2857 Ant.
1232 2821 1426 2857 Matthaeo
1451 2821 1553 2858 editis
1575 2822 1620 2858 N.
1635 2820 1693 2856 88.
1715 2819 1954 2856 PERIZON.
1983 2820 2089 2857 MSS.

1123 2871 1182 2907 alii
1210 2884 1335 2921 agger,
1362 2871 1422 2908 alii
1449 2885 1540 2922 ager.
1593 2872 1740 2917 Incenfits
1773 2880 1863 2906 vero
1894 2869 2090 2907 Confirma-

1123 2929 1182 2957 tur
1206 2921 1423 2958 andorn-ate
1453 2922 1499 2959 ad
1521 2933 1635 2958 unum
1658 2920 1840 2957 omnium.
1894 2920 2009 2965 Quod
2029 2932 2091 2957 cur

1127 2983 1211 3007 cum
1239 2970 1365 3019 Lipfio
1393 2974 1430 3009 ὃς
1447 2973 1617 3009 Pontano
1649 2978 1834 3008 mutemus
1854 2970 1889 3005 in
1912 2972 2091 3018 hist-cusas,

1126 3022 1184 3059 vel
1205 3033 1290 3059 cum
1312 3022 1451 3060 Colero
1482 3024 1518 3060 in
1545 3023 1705 3069 efienfios,
1735 3019 1890 3058 caussam
1918 3018 1986 3056 effe
2016 3022 2096 3057 nul—

1661 3074 1689 3108 A
1707 3083 1726 3107 a
1996 3070 2068 3109 lain
2080 3100 2094 3116 ῃ

2132 542 2215 572 Ann.
2235 540 2304 570 urb.

2133 594 2201 618 579.
2215 583 2325 613 Liviae

2127 635 2203 654 xm.
2225 634 2275 654 22.

2132 666 2280 701 VelleiuS.

2264 717 2328 741 v‚*r.
