2516 3509
359 85 500 140 DE
576 83 1229 144 NOMINUM
1307 90 1910 153 RATIONE.
2020 103 2129 174 875

127 184 291 258 quide
344 181 568 235 declarat
604 218 618 242 ‚
682 182 1128 253 quemadmodum
1178 184 1270 238 suo
1310 187 1432 241 loco
1476 190 1709 247 dicemus
1756 195 2141 253 in'annotatio-

124 272 290 324 nibus.
333 268 454 338 Jam
495 267 809 322 addiderunt
842 269 1003 322 alium
1039 290 1288 334 errorem,
1326 275 1420 344 qui
1460 289 1474 309 2
1517 278 1584 330 C.
1626 281 1834 334 Titium
1878 282 2137 350 Probum,

124 357 297 412 nescio
340 372 534 427 quem,
605 370 661 408 ut
705 356 856 427 hujus
895 361 1149 429 epitomes
1187 360 1446 414 auctorem
1494 364 1853 433 protulerunt,
1900 371 1954 423 id
1986 371 2136 442 quod

128 462 196 517 ex
251 442 402 512 hujus
455 444 745 511 argumenti
806 443 909 496 fine
964 459 1155 497 temere
1206 446 1576 518 deprompsisse
1639 452 1893 506 videntur.
1982 456 2130 510 Nam

130 535 190 588 id
227 533 396 606 ipsum
434 531 873 603 praefatiunculae
902 533 1223 588 librariorum
1260 535 1467 606 judicio
1496 539 1844 595 diversimode
1876 545 2129 598 confictae

126 623 298 693 palam
343 619 543 674 faciunt
579 635 684 674 tam
731 620 840 692 ipso
883 621 1032 685 stilo,
1074 640 1231 694 quam
1272 625 1422 694 quod
1457 626 1697 689 alterius,
1739 643 1794 680 ut
1838 629 1929 682 suo
1964 631 2125 683 modo

126 712 413 781 loquuntur
447 745 463 769 ‚
531 708 905 762 abbreviatoris
950 713 1265 763 mentionem
1313 710 1594 765 adferunt:
1660 733 1740 767 eas
1785 732 1955 770 autem
2004 719 2129 772 duas

128 795 386 867 imprimis
429 792 810 864 discrepanteS,
849 812 975 847 mox
1016 814 1136 848 cum
1172 796 1358 849 eodem
1400 800 1654 868 epitomes
1688 798 1977 873 fragmento
2014 804 2127 857 sub-

119 886 398 955 jungemus
428 922 444 946 ,
510 882 752 951 quamvis
792 881 925 933 clare
970 881 1207 953 liqueat,
1280 903 1383 937 non
1418 884 1515 937 effe
1557 886 1755 941 Valerii
1797 891 2026 942 Maximi
2072 895 2125 943 δε

125 975 232 1043 ejus
284 968 463 1023 auctor
505 968 558 1020 in
601 966 821 1020 obscuro
870 967 1035 1021 lateat.
1128 971 1375 1024 Attamen
1422 974 1548 1043 quia
1590 973 1720 1045 sapit
1758 977 2123 1048 antiquitatem

126 1077 233 1114 non
277 1054 584 1107 ineruditam
614 1088 628 1113 ‚
684 1058 732 1104 &
768 1051 1100 1107 Scholiorum
1149 1055 1271 1111 loco
1319 1057 1552 1112 studiofis
1600 1060 1782 1115 servire
1825 1066 2016 1133 poterit
2059 1065 2124 1117 ad

125 1144 333 1213 linguae
378 1141 428 1189 &
456 1134 713 1189 'historiae
760 1138 1035 1189 Romanae
1077 1141 1432 1211 cognitionem
1458 1180 1475 1205 ,
1537 1136 1765 1216 ritusque
1807 1162 1997 1201 veteres
2037 1149 2125 1201 -di-

134 1231 385 1290 scendOS,
441 1228 497 1281 id
527 1225 694 1298 ipsum
733 1227 1063 1280 emendatum
1103 1248 1168 1282 ex
1201 1230 1306 1284 fide
1340 1234 1715 1304 exemplarium
1757 1236 2129 1309 manuscripto-

131 1337 278 1379 rum,
318 1315 445 1368 ficut
486 1329 602 1367 ante
638 1312 850 1365 Valerio
886 1314 1133 1366 Maximo
1167 1313 1269 1368 fuit
1318 1335 1610 1379 annexum,
1669 1337 1803 1372 nunc
1850 1322 2014 1376 visum
2059 1325 2131 1378 est

131 1405 379 1463 Plautino
429 1401 602 1455 nostro
654 1418 775 1453 cum
827 1401 1013 1455 eodem
1061 1402 1195 1455 libro
1242 1404 1484 1457 recudere
1521 1409 1572 1456 &
1619 1406 1893 1476 publicare,
2001 1411 2132 1465 Vale

130 1490 340 1547 Vienna
382 1488 617 1543 Austriae
651 1507 786 1541 anno
833 1486 1007 1541 salutis
1050 1487 1248 1543 nostrae
1290 1489 1690 1547 MDLXXIV.

500 1654 660 1717 DE
769 1653 1760 1719 PRAENOMINE.

125 1796 342 1914 Varro
380 1793 602 1858 simplicia
635 1794 682 1839 in
717 1792 845 1840 Italia
880 1793 1010 1841 fuisse
1042 1768 1229 1840 nomina
1263 1795 1354 1853 ait,
1400 1794 1832 1860 existimationisque
1865 1797 1963 1845 suae
1997 1817 2126 1866 argu·
2146 1783 2516 1864 ἷΐὶὧβκῖκέ

245 1884 452 1918 mentum
484 1867 645 1916 refert:
686 1875 702 1906 3
745 1869 872 1932 quod
906 1871 1139 1918 Romulus
1176 1871 1224 1918 ὃς
1256 1873 1435 1918 Remus
1471 1872 1520 1919 Sc
1554 1873 1790 1922 Faustulus
1824 1892 1966 1940 neque
2003 1866 2290 1941 p1·ae-)⁰““¹'-9²

124 1969 295 2002 nomen
328 1952 500 2011 ullum,
533 1942 681 2013 neque
716 1967 979 2014 cognomen
1014 1953 1284 1999 habuerunt.
1356 1952 1455 2015 Qii
1490 1953 1545 2000 ab
1580 1970 1635 2000 eo
1670 1954 1960 2017 distendunt,
2000 1962 2125 2023 ajunt

121 2046 313 2080 matrem
348 2046 509 2076 eorum
543 2035 565 2066 ’ἲ
601 2029 750 2074 Ream
785 2029 973 2075 Silviam
1008 2044 1244 2086 vocatam3
1280 2047 1415 2077 avum
1453 2031 1647 2079 Silvium
1669 2034 1972 2082 Numitorem
1983 2059 1999 2093 3
2038 2038 2124 2086 fra-

124 2128 240 2163 trem
274 2115 368 2176 ejus
396 2145 410 2171 ,
456 2109 679 2156 Amulum
716 2110 946 2158 Silvium:
995 2111 1044 2159 ὃς
1079 2112 1328 2176 superiores
1363 2114 1648 2162 Albanorum
1682 2132 1809 2181 reges
1835 2150 1850 2176 ,
1896 2117 2125 2181 Capetum

2038 2201 2124 2249 Sil-

128 2325 240 2363 altera
272 2321 416 2372 copula.
466 2322 568 2359 Nam
598 2321 638 2358 'm
667 2320 889 2370 Campensi,
926 2334 964 2359 v.
1003 2333 1034 2360 c.
1063 2323 1102 2360 &
1155 2329 1238 2366 tor,
1269 2332 1340 2359 nec
1369 2334 1448 2362 non
1469 2325 1616 2363 Romus
1635 2355 1645 2371 ,
1672 2327 1835 2371 Remus,
1874 2328 1912 2365 8<
1933 2328 1999 2366 alia
2027 2341 2122 2377 quae

125 2377 201 2414 aliis
230 2373 481 2422 manuscriptis
506 2372 561 2409 ·s1c
590 2371 745 2420 legitur,
785 2375 826 2409 Et
849 2375 976 2422 Remus
1001 2401 1010 2418 ‚
1053 2381 1100 2409 (9¹
1153 2373 1394 2422 postmodum
1417 2386 1497 2412 non
1519 2377 1685 2426 usurpata
1709 2378 1978 2416 obsoleverunt.
2008 2381 2123 2417 Dein-

125 2427 315 2474 faustulus.
335 2426 515 2463 Ceterum
543 2424 723 2460 Varronis
753 2424 974 2471 opinionem
996 2424 1099 2461 istam
1154 2424 1200 2462 de
1224 2425 1379 2469 habetur
1397 2454 1408 2470 ‚
1434 2429 1642 2478 Agrippam
1671 2431 1838 2475 sylvium.
1875 2430 1915 2465 ln
1941 2443 1972 2466 v.
2001 2442 2029 2466 c,
2051 2435 2120 2469 ..A-

123 2479 284 2528 sequitur
303 2477 392 2514 item
415 2475 606 2524 Appianus
628 2474 900 2512 Alexandrinus
915 2501 925 2517 ,
947 2475 1100 2513 scribens
1144 2489 1282 2527 grtpam
1315 2479 1472 2515 Silvium.
1518 2478 1614 2517 Item
1645 2481 1756 2529 antiq.
1785 2480 1934 2527 fimplici
1956 2492 1989 2528 p.
2015 2482 2114 2518 Nam

124 2531 323 2568 Romanos
353 2527 397 2565 ab
428 2527 536 2564 initio
563 2526 645 2563 usos
673 2537 751 2563 uno
788 2526 944 2563 nomine
963 2555 974 2570 ‚
1014 2526 1099 2564 dein
1153 2527 1196 2565 ab
1223 2538 1335 2576 aegro
1366 2536 1472 2577 partu
1501 2541 1732 2577 praenomen
1761 2531 1951 2567 inventum
1983 2531 2040 2568 est.
2071 2532 2114 2568 In

122 2580 290 2623 duobus,
327 2578 451 2626 postea
477 2576 601 2615 tribus.
630 2577 770 2614 PIGH.
809 2581 851 2613 Et
880 2581 1022 2627 Remus,
1052 2586 1096 2614 <9-
1152 2579 1326 2616 Sambuci
1344 2579 1475 2618 codice
1495 2581 1556 2618 hic
1577 2583 1769 2619 omittitur.
1790 2580 1925 2616 PIGH.
1947 2582 2006 2617 De
2023 2582 2113 2630 Rhea

121 2631 298 2679 Faustulus
325 2630 439 2667 etiam
467 2628 573 2666 MSS.
602 2628 725 2665 nostri.
1148 2633 1267 2667 Stlvia
1289 2630 1473 2669 videndae
1495 2634 1654 2670 omnino
1673 2630 1850 2679 Epistulae
1872 2631 2008 2667 Theoi}
2038 2634 2115 2680 Ry-

172 2695 196 2729 4
248 2680 377 2727 Rheam
408 2679 579 2728 Syl-viam]
629 2680 677 2715 V.
718 2691 749 2715 c.
788 2682 898 2727 Ream
934 2681 1097 2728 Sylviam.
1148 2681 1200 2718 kii
1222 2683 1260 2719 &
1280 2682 1578 2728 JacPerizonii,
1601 2695 1687 2732 quas
1705 2683 1763 2719 hic
1780 2681 1923 2718 Aeliani
1948 2683 2027 2719 Lib.
2043 2695 2112 2722 vn.

125 2736 236 2783 Quae
267 2731 530 2780 orthographia
559 2732 707 2780 antiqua
740 2729 786 2766 est
818 2732 992 2768 Romana
1018 2744 1096 2769 non
1149 2732 1343 2770 Var.Hist.
1363 2733 1524 2783 subjecit.
1545 2735 1615 2771 Pro
1629 2734 1803 2774 cAmadum
1819 2732 1984 2782 plerique
2005 2734 2113 2773 MSS.

123 2781 371 2826 Graeciffans;
402 2783 539 2832 quippe
567 2780 640 2818 sine
668 2781 885 2829 aspiratione
915 2780 972 2818 vel
1000 2794 1023 2830 y
1050 2783 1088 2821 in
1143 2783 1317 2821 exhibent
1335 2787 1540 2824 Amulium.

121 2836 322 2873 Silviorum
345 2834 513 2871 nomine.
567 2833 664 2869 Mox
685 2832 868 2880 sequitur,
897 2835 1089 2883 amulium
1195 2849 1227 2883 5.
1256 2837 1409 2872 Tutorem
1429 2835 1597 2884 Clodium]
1627 2835 1673 2870 V.
1698 2845 1727 2870 c.
1756 2835 1911 2870 Tutorem
1933 2836 2107 2873 Cloelium.

121 2889 285 2936 Sylvium.
321 2897 357 2925 v.
394 2896 424 2922 C.
457 2884 638 2922 Amulum
671 2884 830 2921 Silvium.
885 2884 967 2920 Nec
994 2885 1088 2924 adeo
1143 2886 1270 2924 Recte.
1325 2888 1425 2925 Nam
1455 2888 1583 2923 Cloelia
1617 2897 1705 2933 gens
1740 2883 1759 2922 i
1789 2887 1916 2922 Cloelio
1952 2887 2105 2923 Aeneae

124 2937 234 2976 male.
262 2948 348 2974 nam
370 2937 481 2984 prisca
501 2935 593 2972 haec
610 2936 713 2972 fuere
730 2935 973 2983 praenomina
993 2937 1090 2985 apud
1144 2938 1286 2976 comite
1317 2938 1496 2988 appellata
1522 2938 1568 2975 est
1597 2934 1781 2984 Dionyfio
1810 2937 1847 2973 ὅ(
1879 2936 1981 2974 Festo
2011 2937 2105 2974 telli-

122 2989 315 3034 Albanos‚
341 2986 522 3035 Amnius,
551 2985 760 3033 Romulus,
781 2987 985 3034 Numitor,
1007 2989 1091 3032 Tu·
1141 2988 1218 3030 bus.
1270 2991 1382 3040 Quae
1412 2989 1507 3039 apud
1533 2987 1761 3076 Albsaiisipss}n
1780 2988 1893 3026 Latio
1917 2989 2010 3026 inter
2040 2999 2103 3074 atn-

1768 3051 1789 3075 ι
2071 3048 2102 3074 ι-
