2516 3509
2088 157 2125 212 7

206 255 460 342 DE
634 251 2034 343 RELIGIONE

560 382 1674 447 OBSERVATA.

434 530 484 573 ‘⁴²2
504 511 645 574 ajores
674 506 814 555 nostri
845 507 974 556 statas
1005 508 1291 574 solennesque
1321 508 1644 569 caerimonias,
1680 510 1966 559 Pontificum
1987 514 2127 563 scien·
2172 557 2179 565 .
2229 524 2244 548 ²

348 576 396 593 ς,

505 590 567 636 tia
576 611 592 646 3
634 594 650 615 2
674 586 789 636 bene
809 586 1108 652 gerendarum
1129 602 1281 634 rerum
1313 586 1628 645 amstoritates,
1664 603 1893 652 augurum
1922 590 2123 640 observa-
2140 596 2348 643 Arusp·ie1'i’‹'

507 669 633 715 tione
655 688 670 724 3
719 666 946 730 Apollinis
976 665 1306 730 praedistiones
1327 702 1342 727 ,
1391 679 1550 714 vatum
1576 666 1724 724 libris3
1765 657 1781 705 3
1806 654 2164 732 portentorumc‘
2187 653 2218 679 ⁹*

263 531 271 544 ὶ
292 530 297 534 ’
2247 539 2256 548 t

199 578 207 587 s
300 589 305 592 ,
333 584 335 588 .
2140 561 2244 591 cicer.
2270 554 2312 587 de

338 703 346 720 *.
389 688 408 721 J'Ji'
447 649 481 751 ξ

209 725 217 741 c
373 743 378 757 l
408 750 411 757 ι

196 810 210 825 s
237 810 249 819 .

338 782 357 813 Ι]
457 756 479 804 ς
508 751 528 783 4
550 741 861 807 depulsiones,
901 748 914 777 ⁵
943 741 1134 790 Etrusca
1153 741 1386 807 disciplina
1411 744 1629 807 explicari
1651 743 1911 792 voluerunt.

357 814 369 821 ”
507 822 644 868 etiam
664 819 875 868 instituto
905 820 1037 869 rebus
1068 821 1230 869 divinis
1259 838 1397 885 opera
1423 822 1580 884 datur,
1617 820 1638 851 ⁶
1660 839 1768 870 cum
1799 822 1970 888 aliquid
2004 840 2136 871 com-

302 977 307 988 '
334 1010 337 1015 ,
361 1004 363 1007 .
407 977 441 1011 (ss
458 975 595 1022 <Ajores
620 974 724 1022 nostri
749 974 863 1020 statas
881 974 1099 1025 solennesque

314 1030 358 1073 fl..
414 1022 696 1073 .·aeremonias]
728 1024 1099 1074 Exordituraprimis

428 1140 433 1142 >
464 1126 727 1170 fundamentis;
739 1126 991 1177 quemlocum
1001 1127 1100 1166 haud

468 1177 581 1216 dubio
617 1177 787 1216 Valerius
825 1190 870 1215 ex
905 1179 1100 1217 Ciceronis

115 1227 289 1269 oratione
317 1229 362 1267 de
384 1229 606 1278 Aruspicum
627 1228 802 1278 responsis
825 1230 873 1267 est
899 1237 1099 1268 mutuatus.

119 1281 251 1330 Itaque
279 1291 367 1318 cuin
396 1280 493 1318 varia
523 1281 561 1318 &
589 1280 740 1319 obscura
770 1281 846 1332 ejus
863 1279 977 1319 le<ftio
996 1293 1102 1330 repe-

116 1333 228 1370 riatur
263 1332 301 1368 in
337 1331 634 1381 exemplaribus,
670 1332 813 1381 vulgari
847 1332 906 1370 illa
941 1333 1099 1382 rejefta‚

114 1395 210 1433 quae
213 1384 327 1430 statas
341 1384 568 1434 solemnesque
577 1386 780 1419 ceremonias
788 1384 980 1433 pontificum
993 1386 1101 1433 scim-

112 1436 188 1478 tia‚
216 1434 293 1470 bene
305 1432 528 1484 gerendarum
548 1449 656 1472 rernm
678 1435 902 1479 amaritate,
936 1449 1102 1486 augurum

109 1485 359 1534 obser-natione,
373 1487 561 1535 eApollinis
578 1484 825 1536 praediflione,
851 1497 971 1523 vatum
991 1487 1104 1530 libris,

107 1546 337 1587 portentorum
367 1535 512 1586 depulsis
531 1565 543 1581 ,
576 1539 715 1586 Etrusca
735 1536 913 1588 dtsciplina
942 1540 1105 1588 explicari

116 1586 217 1625 dicit.
244 1587 399 1635 probare
421 1588 517 1625 hanc
538 1588 666 1625 malim
680 1617 689 1632 ,
708 1600 803 1638 quae
817 1589 1010 1627 Ciceronis
1022 1590 1102 1628 sen-

115 1639 254 1676 tentiae
285 1639 323 1675 &
351 1638 470 1676 verbis
499 1651 613 1688 quain
646 1640 812 1677 maxime
834 1641 1034 1685 convenit,
1063 1643 1102 1679 &

116 1690 156 1727 ὃς
175 1688 499 1739 quemadmodum
518 1690 591 1740 ipse
605 1690 740 1728 Cicero
759 1691 944 1740 quaternis
956 1691 1102 1730 senten-

112 1741 206 1778 tiam
235 1739 396 1778 clausulis
433 1741 523 1779 finit.
575 1742 659 1790 Age
694 1753 794 1779 nunc
820 1742 1008 1792 utriusque
1036 1755 1102 1781 au-

117 1790 227 1829 &oris
247 1791 358 1829 verba
377 1803 443 1840 per
462 1791 574 1830 dietas
594 1793 764 1831 clausulas
783 1793 991 1843 singulatim
1010 1805 1102 1832 con-

114 1842 300 1887 feramus,
328 1851 369 1880 ut
388 1855 479 1880 vero
499 1843 600 1881 sensu
618 1845 655 1882 in
673 1844 796 1883 lucem
817 1844 1003 1894 producto
1017 1874 1026 1890 ‚
1056 1859 1101 1884 ex

110 1893 228 1931 altero
259 1895 464 1943 (quantum
485 1894 563 1932 fieri
582 1897 740 1944 poterit)
770 1895 861 1934 alter
886 1897 1101 1945 corrigatur.

113 1944 283 1982 Valerius
303 1944 456 1995 quidem
477 1945 524 1982 sic
542 1947 674 1991 habet,
701 1951 861 1993 Maiores
879 1950 1102 1996 nostristatas

99 1997 328 2046 solemnesque
343 1999 562 2033 caeremonias
571 1998 761 2047 pontificum
773 2000 918 2047 scientia
929 1998 1008 2035 bene
1022 2013 1098 2051 ‚ge-

109 2045 285 2084 rendarnm
304 2061 410 2084 rerum
437 2048 677 2093 aufloritates,
708 2063 874 2101 angurum
895 2050 1095 2099 observatio-

112 2110 154 2133 ne
169 2122 178 2138 ‚
199 2097 321 2146 supple
350 2099 406 2144 (ut
423 2099 613 2148 postremo
633 2100 774 2150 adjicit)
802 2102 965 2152 explicari
986 2103 1102 2138 'volue-

111 2157 202 2184 runt.
247 2148 471 2187 Sebastianus
500 2150 710 2196 Corradus,
737 2154 973 2189 auHoritatem
992 2152 1104 2201 legit,

113 2197 176 2252 sed
194 2196 312 2245 placet
329 2199 472 2248 pluralis
490 2201 548 2238 ille
569 2215 745 2240 numerus
756 2204 794 2240 in
807 2203 881 2241 aliis
900 2205 993 2242 item
1005 2204 1104 2242 clau—

114 2247 194 2285 sulis
231 2248 276 2285 ab
310 2258 471 2298 utroque
498 2251 650 2289 auctore
678 2253 899 2291 obiervatus.
951 2254 1101 2293 Eodem

115 2299 195 2336 fere
215 2298 334 2336 modo
354 2300 416 2336 has
442 2302 577 2348 primas
598 2304 771 2349 exprimit
792 2304 951 2345 Cicero,
978 2305 1040 2340 ubi
1067 2305 1102 2340 se

114 2351 279 2397 primum
298 2348 433 2386 habere
452 2350 539 2386 dicit
565 2351 732 2387 auftores
759 2362 802 2387 ac
829 2352 1017 2399 magistros
1045 2364 1101 2389 re-

113 2401 298 2449 ligionum
326 2399 567 2437 colendarum
595 2402 756 2450 majores
781 2400 874 2438 su05.
936 2402 1006 2449 Qui
1025 2404 1102 2451 sta-

113 2462 170 2488 tas
217 2456 227 2500 (
251 2451 371 2500 inquit
394 2451 409 2498 )
442 2452 666 2501 solemnesque
707 2451 925 2488 caeremonias
963 2454 1100 2500 pontifi-

107 2513 184 2539 catu
215 2516 226 2538 ι
282 2515 390 2539 rerum
434 2500 511 2538 bene
556 2500 780 2552 gerendarum
835 2502 1054 2541 aulloritates
1083 2532 1096 2547 ‚

115 2554 261 2604 augurio
292 2580 301 2597 ‚
349 2552 473 2601 supple
519 2554 583 2599 (ut
620 2553 744 2602 postea
770 2552 893 2600 addit)
938 2557 1098 2591 commerl'

107 2613 289 2652 putarunt.
355 2603 527 2640 Sedhaec
545 2603 590 2640 de
610 2604 788 2653 prioribus
809 2603 990 2642 clausulis:
1015 2606 1097 2654 jain

112 2655 307 2705 sequentes
342 2652 429 2691 duas
467 2654 713 2693 conferamus.
768 2655 958 2693 Ciceronis
986 2656 1097 2695 verba

114 2705 164 2743 sle
201 2705 496 2750 continuantur,
538 2708 700 2744 Fatorum
738 2717 861 2743 veteres
894 2706 1097 2756 praediffin-

113 2771 170 2794 nes
192 2757 383 2804 ,Apollinis
411 2781 422 2799 ‚
469 2767 588 2792 vatum
610 2756 705 2794 libris
731 2769 742 2793 .·
782 2768 1006 2805 portentorum
1037 2773 1094 2794 ex-

111 2808 327 2856 planationes
361 2836 370 2849 ‚
431 2809 641 2852 Etruscorum
696 2805 872 2855 disciplina
934 2811 1093 2846 contineri

109 2869 289 2909 putarunt.
342 2859 452 2906 Quae
483 2858 612 2895 eadem
632 2856 776 2895 brevius
795 2859 870 2897 hoc
898 2860 1017 2897 niodo
1036 2872 1094 2896 re-

115 2910 188 2947 fert
204 2908 327 2945 Valer.
349 2910 544 2958 LApollinis
559 2908 821 2960 praedilliones,
847 2921 967 2947 vatum
984 2910 1095 2952 libris,

110 2969 336 3010 portentorum
361 2958 495 3007 depulsa
516 2989 526 3004 ‚
566 2962 702 3008 Etrusca
728 2958 904 3009 diftiplina
932 2963 1094 3012 explicari

115 3012 306 3047 voluerunt,
357 3010 517 3059 Depulsa
538 3039 547 3054 ‚
599 3010 877 3059 procurationes
914 3012 1072 3061 appellat
1082 3029 1092 3056 ;

118 3061 217 3102 mala
243 3061 344 3099 enim
371 3072 466 3110 quae
492 3062 671 3111 portentis
699 3060 977 3112 designabantur
997 3091 1008 3109 ,
1044 3064 1098 3103 sa-

1978 745 2134 794 Prisco

2005 919 2137 950 nlen-

1152 974 1296 1014 crificiis
1309 1003 1318 1020 ‚
1333 976 1500 1025 precibus
1514 1007 1525 1024 ‚
1539 988 1584 1016 ac
1611 978 1789 1028 suppliciis
1814 990 1880 1030 per
1897 980 2141 1028 aruspicinam

1153 1028 1265 1076 (quae
1285 1027 1528 1067 Etruscorum
1557 1029 1743 1080 disciplina
1764 1031 1827 1079 est>
1857 1031 2032 1068 ordinatis
2054 1044 2141 1080 pro-

1154 1079 1396 1124 curabantur,
1425 1080 1785 1132 depellebanturque.
1840 1081 1959 1130 Quod
1977 1082 2141 1120 vocabu-

1151 1128 1230 1167 lum
1252 1142 1314 1168 me
1324 1131 1492 1170 sollicitat
1503 1133 1555 1170 uti
1566 1133 1718 1170 sentiam
1732 1161 1742 1179 ,
1768 1134 1807 1170 in
1819 1134 2003 1171 Cicerone
2015 1134 2140 1182 potius

1154 1181 1435 1230 (expiationes)
1464 1195 1578 1232 quain
1607 1184 1913 1233 (explanationes)
1934 1184 2138 1233 legendum

1155 1230 1248 1275 effe;
1277 1232 1363 1270 licet
1390 1233 1436 1270 de
1464 1234 1693 1272 divinatione
1720 1235 1812 1273 libro
1840 1236 1962 1284 primo
1989 1243 2137 1273 utrum-

1155 1294 1228 1332 que
1255 1284 1461 1333 aruspicum
1491 1285 1675 1334 disciplina
1709 1285 1835 1324 doceri
1871 1286 1959 1325 velit
1979 1314 1990 1330 ,
2025 1298 2140 1323 mon-

1150 1333 1309 1372 strorum
1337 1335 1474 1385 quippe
1502 1337 1823 1385 interpretationes
1845 1365 1854 1381 ‚
1898 1338 1936 1374 &
1962 1349 2140 1386 procura-

1151 1385 1282 1423 tiones.
1310 1384 1451 1424 PIGH.
1505 1392 1661 1431 Maiores
1691 1389 1791 1431 nostri
1815 1390 1937 1432 statas.
1991 1390 2143 1436 Operae

1153 1437 1314 1485 pretium
1337 1438 1385 1476 est
1404 1438 1576 1476 conferre
1596 1450 1681 1476 cum
1708 1440 1763 1476 his
1784 1438 1895 1477 verba
1924 1438 2116 1477 Ciceronis
2130 1468 2144 1483 ‚

1155 1500 1251 1537 quae
1270 1488 1351 1527 sunt
1369 1490 1407 1527 in
1427 1491 1532 1528 Orat.
1544 1489 1590 1528 de
1600 1490 1664 1527 Ar.
1677 1490 1765 1539 resp.
1817 1492 1887 1542 Ego
1905 1503 1983 1526 ¹vero
1996 1492 2143 1539 primum

1152 1538 1254 1575 habeo
1279 1542 1428 1578 aullores
1457 1555 1494 1578 ac
1521 1543 1694 1593 magistros
1719 1541 1916 1592 religionum
1934 1539 2145 1578 colendarum

1155 1595 1295 1639 majores
1317 1595 1461 1640 nostros3
1488 1594 1548 1643 qui
1559 1596 1673 1641 statas
1693 1593 1910 1642 solennesque
1927 1593 2145 1628 caerimonias

1146 1643 1368 1691 pontificatu.-
1393 1656 1501 1680 rerum
1521 1643 1600 1680 bene
1613 1642 1836 1695 gerendarum
1853 1644 2072 1680 auc‘loritates
2081 1657 2146 1680 an-

1146 1695 1248 1744 gurio
1260 1695 1428 1739 :satorum
1447 1705 1573 1732 ‘veteres
1590 1693 1834 1744 praediaiones
1853 1695 2067 1744 Apollinis,
2079 1708 2145 1730 να-

1153 1755 1224 1781 tum
1245 1744 1363 1781 ltbris:
1382 1756 1609 1796 portentorum
1630 1746 1884 1795 explanationes
1910 1745 1949 1791 (f.
1962 1745 2145 1793 expiatio·

1152 1797 1239 1842 nes)
1270 1798 1477 1844 Etruscorum
1494 1796 1674 1847 defliplina
1694 1798 1855 1833 contineri
1869 1807 2046 1846 putarunt.
2081 1796 2145 1833 Sa-

1153 1857 1201 1883 ne
1231 1847 1425 1885 Ciceronis
1454 1848 1517 1886 ista
1547 1849 1710 1885 imitatus
1741 1847 1887 1885 videtur
1907 1847 2039 1885 noster.
2093 1848 2142 1886 Et

1153 1896 1219 1935 nisi
1252 1898 1385 1936 collata
1417 1911 1502 1937 cuin
1528 1899 1583 1937 his
1610 1899 1722 1938 verba
1748 1898 1857 1936 nostri
1887 1896 2055 1941 fuissent,
2092 1910 2141 1936 ne

1155 1949 1381 1988 commodus
1408 1950 1562 2001 quidem
1591 1962 1635 1987 ex
1663 1951 1703 1987 iis
1724 1949 1838 1986 sensus
1858 1949 1939 1985 elici
1956 1946 2143 1997 potuisset.

1154 2000 1251 2038 adeo
1278 2000 1422 2038 detorta
1443 2030 1453 2045 ‚
1492 2001 1664 2051 maleque
1692 1999 1913 2037 interstincta
1936 2028 1947 2045 ‚
1982 2001 2019 2036 in
2048 2001 2143 2037 anti-

1156 2052 1346 2100 quioribus
1372 2054 1469 2102 typis
1498 2052 1688 2101 expressis,
1716 2052 1796 2088 imo
1825 2052 1864 2088 δε
1891 2052 1928 2087 in
1951 2050 2141 2088 codicibus

1156 2103 1264 2141 MSS.
1293 2112 1405 2141 erant.
1441 2102 1725 2142 VORSTIUS.
1775 2100 2015 2139 Vocabulum
2042 2104 2143 2148 nostri

1156 2153 1251 2191 abest
1271 2154 1314 2191 ab
1336 2154 1425 2192 0610
1446 2155 1573 2192 nostris
1592 2153 1700 2191 MSS.
1721 2151 1984 2198 Leidenfibus,
2014 2153 2051 2189 ὃς
2081 2163 2142 2189 ce-=

1154 2205 1239 2242 teris
1277 2205 1451 2243 omnibus
1488 2205 1667 2243 Gudianis
1688 2233 1697 2249 ‚
1742 2203 1808 2241 nifi
1844 2203 1947 2253 quod
1982 2204 2018 2240 in
2056 2203 2139 2241 cod.

1155 2255 1559 2304 Bai·ber.-adscriptum
1597 2257 1667 2293 fuit
1700 2254 1788 2291 loco
1823 2253 2058 2302 glossematis.
2100 2264 2141 2291 ut

1155 2305 1268 2341 etiam
1289 2305 1338 2341 ob
1349 2306 1601 2353 Ultrajeeti'nis
1619 2304 1900 2352 &Copesmn01
1914 2305 1958 2341 de
1972 2304 2140 2352 Lipfieii-

1153 2353 1246 2390 1ibus
1260 2382 1269 2397 ‚
1298 2355 1337 2391 δε
1365 2355 1618 2393 Duacensibus
1638 2354 1832 2393 adfirmare
1852 2355 1941 2392 nihil
1966 2354 2111 2404 poffuin
2128 2384 2138 2398 ‚

1153 2405 1334 2453 quoniam
1355 2405 1433 2442 satis
1460 2414 1632 2453 apparet,
1660 2406 1843 2453 potissima
1865 2405 2041 2444 duntaxat
2066 2406 2139 2442 illie

1154 2453 1226 2491 effe
1245 2454 1426 2499 exhibita,
1453 2457 1628 2504 ignorant
1647 2457 1758 2494 etiam
1778 2457 2033 2494 vetustissimae
2060 2456 2137 2492 edi-

1151 2505 1284 2542 tiones.
1334 2506 1501 2551 Primus,
1529 2515 1711 2556 quantum
1733 2508 1906 2556 indagare
1917 2509 2043 2558 potui,
2071 2506 2135 2542 ad„

1150 2555 1243 2594 didit
1260 2556 1349 2594 illud
1368 2557 1497 2595 Aldus.
1517 2558 1653 2595 vellem
1675 2558 1763 2596 scire
1790 2571 1837 2596 an
1865 2571 1909 2596 ex
1927 2559 2005 2596 MS.
2034 2555 2135 2594 addit

1150 2606 1250 2645 certe
1278 2609 1389 2645 etiam
1420 2608 1499 2646 Cic.
1519 2621 1550 2647 c.
1570 2621 1603 2654 o.
1624 2608 1670 2647 de
1689 2610 1818 2658 Arusp.
1840 2610 1926 2657 resp.
1946 2608 1990 2645 ad
2017 2618 2132 2657 quem

1150 2657 1279 2696 locum
1299 2671 1343 2696 ex
1363 2660 1466 2697 Nota
1483 2660 1541 2699 Fr.
1561 2660 1717 2698 Fabricii
1736 2661 1899 2707 intelligo
1918 2659 2028 2695 etiam
2050 2669 2131 2695 non

1148 2718 1337 2758 repertum
1358 2709 1461 2748 fuiffe
1480 2712 1519 2748 in
1536 2719 1696 2761 quatuor
1719 2711 1823 2760 ipsius
1853 2709 2063 2746 Codicibus,
2092 2709 2132 2746 δε

1145 2760 1194 2797 fic
1222 2760 1313 2798 solet
1340 2762 1463 2798 noster
1490 2763 1534 2800 L.
1556 2775 1601 2799 11.
1626 2776 1655 2799 1.
1676 2762 1708 2798 8.
1735 2762 1925 2797 convivium
1953 2762 2054 2796 etiam
2074 2762 2133 2807 so-

1143 2812 1238 2847 lenne
1256 2817 1397 2855 majores
1415 2814 1628 2861 instituerunt
1641 2841 1651 2853 ,
1682 2810 1781 2860 idque
1807 2811 1960 2857 charistia
1980 2812 2132 2859 appella·-

1141 2873 1274 2898 verunt.
1300 2863 1345 2899 L.
1371 2877 1424 2900 11.
1448 2876 1480 2900 2.
1500 2863 1532 2899 6.
1586 2862 1646 2899 ²§ecl
1666 2874 1701 2897 ut
1720 2876 1741 2897 a
1769 2864 1853 2898 luxu
1868 2862 2008 2911 perditis
2026 2864 2124 2896 mori-

1142 2913 1202 2948 bus
1215 2941 1225 2956 ,
1254 2912 1299 2948 ad
1311 2913 1510 2962 severtffi'ma
1531 2919 1693 2954 maiorum
1709 2914 1863 2961 instituta
1883 2910 2125 2963 transgrediar.

1146 2964 1192 3000 L.
1217 2977 1230 3000 1
1242 2977 1271 3000 1.
1295 2964 1327 3001 8.
1351 2978 1380 3001 1.
1401 2980 1466 3001 non
1483 2968 1567 3001 enim
1585 2978 1717 3000 numero
1730 2993 1740 3006 ,
1758 2963 1933 3013 sedgloria
1946 2963 2125 3010 triumpho-

1144 3029 1216 3051 rum
1245 3015 1401 3061 excelsius
1423 3015 1515 3053 urbis
1542 3017 1669 3062 nostrae
1691 3020 1844 3060 futurum
1870 3013 1963 3049 cletus
1986 3018 2128 3060 majores

1146 3064 1397 3113 existimabant.
1450 3067 1508 3105 Sic
1528 3066 1573 3105 L.
1592 3078 1660 3103 vri.
1679 3078 1711 3112 4.
1733 3078 1764 3114 3.
1788 3066 1888 3103 L.1i.
1908 3077 1939 3102 2..
1959 3066 2050 3114 4L.
2064 3078 2127 3103 iii.
