2516 3509
462 75 1678 137 DEMODERATI'ONE.
1954 93 2058 149 329

72 201 110 222 ²¹
137 189 297 256 quibus
320 185 439 232 filius
459 187 555 249 ejus
572 182 750 244 summo
770 179 983 227 consensu
1004 179 1160 227 consul
1179 179 1438 238 creabatur,
1473 197 1608 244 quam
1626 179 1782 244 potuit
1802 176 2061 225 constanter

69 282 174 318 cum
189 265 363 332 populo
376 265 473 329 egit
485 298 501 323 9
514 274 560 310 ut
581 265 843 309 vacationem
862 261 1081 322 aliquando
1106 259 1225 320 hujus
1246 258 1404 305 honoris
1417 260 1573 304 Fabiae
1589 262 1706 322 genti
1722 265 1737 285 ²
1748 265 1763 285 2
1780 259 1950 304 darent.-
1966 272 2061 302 non

73 356 114 387 23
130 347 253 412 quod
276 345 361 392 filii
381 341 628 391 Virtutibus
652 338 900 399 diffideret,
914 345 1026 402 (erat
1046 339 1166 385 enim
1193 336 1444 393 24illustris)
1467 335 1539 382 sed
1559 351 1615 381 ne
1638 337 1890 382 maximum
1914 332 2060 398 irnpe-

68 425 186 470 rium
211 423 258 468 in
277 437 365 466 una
387 418 554 465 familia
577 416 933 463 continuaretur.
988 412 1120 473 Qid
1142 413 1224 459 hac
1244 411 1556 457 moderatione
1580 409 1799 456 valentius
1813 443 1829 468 9
1863 424 1940 457 aut
1962 409 2059 456 effi-

67 499 240 553 cacius3
281 503 321 533 25
345 511 457 559 quae
475 495 611 540 etiam
631 492 800 557 patrios
820 489 1032 549 affeetus,
1067 491 1145 554 qui
1171 487 1469 560 potentissimi
1489 487 1740 545 habentur,
1773 485 2027 549 superavit?

128 577 250 624 Non
267 573 412 621 detuit
435 571 681 637 majoribus
700 583 828 636 grata
848 586 972 617 mens
1010 566 1053 596 2⁶
1077 568 1131 615 ad
1150 567 1346 632 praemia
1381 573 1420 600 ²⁷
1441 563 1659 630 superiori
1680 565 1897 611 Africano
1917 566 2060 612 exsol-

64 654 229 704 venda:
277 652 495 718 siquidem
517 653 714 698 maxima
732 654 826 716 ejus
845 650 1005 696 merita
1025 648 1203 712 paribus
1225 646 1496 694 ornamentis
1525 643 1737 691 decorare
1768 645 1921 691 conati
1949 629 2099 703 sunt?

12 785 16 789 .
65 732 330 780 Voluerunt
361 729 425 775 illi
456 729 616 776 statuas
643 730 690 775 in
708 729 933 786 comitio,
967 728 1014 772 in
1034 725 1242 784 Rostris,
1278 725 1324 770 in
1346 725 1494 782 curia,
1528 723 1576 768 in
1602 722 1692 786 ipsa
1715 722 1910 786 denique
1935 726 2062 784 Jovis

2148 579 2183 615 6.

2105 637 2156 659 nn.
2181 629 2249 659 urb.

2100 680 2144 703 52-
2162 672 2272 701 Livius

2074 720 2232 743 xxxvxxx.

2076 758 2124 787 56.

65 813 184 874 Opt.
209 810 341 856 Max.
364 808 474 854 cella
503 823 694 871 ponere:
730 806 976 853 voluerunt
1004 804 1248 868 imaginem
1270 805 1365 864 ejus
1387 801 1654 864 triumphali
1675 813 1837 866 ornatu
1855 794 2158 871 indutam}}s¹²
2176 804 2271 828 ”¹¹-

38 922 46 926 -
67 882 111 913 ²3
134 886 406 951 Capitolinis
424 884 731 949 pulvinaribus
751 882 998 945 applicare:
1035 881 1280 927 voluerunt
1304 880 1344 924 ci
1368 877 1640 924 continuum
1663 892 1743 939 per
1766 894 1921 924 omnes
1945 880 2063 926 vitae

66 980 204 1022 annos
229 961 535 1019 consulatum,
571 970 927 1022 perpetuamque
944 953 1212 1001 dietaturam
1236 953 1450 1000 tribuere.

70 1189 226 1230 poterat.
282 1180 422 1218 Lec‘tor
442 1180 516 1230 ipse
545 1180 667 1218 secum
691 1179 854 1228 cogitet,
883 1179 921 1216 &
941 1178 1045 1216 vide-

70 1234 122 1270 bit
141 1244 203 1269 me
225 1244 303 1269 non
324 1241 467 1269 temere
489 1240 651 1269 motum.
680 1230 951 1268 GLAREAN.
980 1233 1044 1266 Pa-

67 1283 140 1320 biuws
159 1298 237 1321 vero
259 1285 454 1320 Maximus.
494 1283 578 1320 Fuit
596 1283 623 1319 is
644 1282 728 1319 Fab.
748 1282 936 1318 Maximus
954 1281 1044 1319 Rul-

69 1334 186 1372 lianus
200 1362 210 1379 ‚
238 1335 301 1383 qui
320 1333 435 1371 filium
455 1333 582 1371 habuit
609 1333 692 1371 Fab.
711 1334 926 1370 Maximum
949 1332 1046 1370 Gur—

71 1386 200 1434 gitem.
252 1384 349 1422 Vide
370 1385 467 1434 Epit.
484 1385 547 1422 lib.
567 1396 618 1421 XI.
642 1384 753 1421 Livii.
780 1383 977 1421 VORST.

126 1449 186 1474 20.
213 1440 402 1485 Aptare,
428 1451 517 1481 ιινο,
538 1434 685 1484 proavo]
721 1434 902 1472 Nonnulli
924 1433 1046 1472 Codd.

75 1494 121 1522 (φ’
137 1498 275 1536 proavo.
297 1486 402 1524 Leid.
421 1495 503 1524 tert.
521 1486 617 1523 delet
628 1497 768 1535 proavo.
796 1487 946 1533 Quanta
965 1497 1048 1523 mo-

76 1537 266 1575 deratione
285 1539 364 1575 usus
377 1534 426 1574 'sit
442 1537 571 1574 Fabius
593 1538 782 1574 Maximus
804 1536 993 1574 Rullianus
1011 1536 1051 1573 in

77 1588 279 1626 recusando
298 1588 361 1625 diu
384 1588 595 1632 consulatu,
608 1600 720 1637 quem
734 1587 799 1637 ipfi
820 1599 899 1624 non
921 1595 1051 1635 peten-

73 1639 126 1684 ti,
154 1638 311 1688 populus
332 1639 540 1683 deferebat,
567 1647 688 1676 narrat
709 1639 793 1676 Liv.
817 1639 863 1675 L.
886 1651 942 1675 10.
969 1650 1030 1688 13.

125 1701 186 1728 21.
223 1690 351 1737 Quibus
369 1691 468 1737 filins
497 1689 586 1739 ejus]
629 1690 687 1727 Sic
718 1690 876 1727 correxit
905 1688 1051 1736 Pighius

36 1770 39 1771 γ
75 1751 161 1778 cum
185 1748 293 1778 antea
316 1740 486 1777 ederetur
509 1744 615 1789 fims,
641 1740 703 1778 sed
726 1748 853 1778 contra
875 1739 984 1777 MSS.
1013 1741 1051 1778 &

74 1790 145 1829 Ed.
172 1793 279 1840 Mog.
309 1791 360 1829 illi
397 1792 499 1829 enim
524 1792 605 1829 satis
643 1792 849 1830 constanter
880 1795 950 1839 ejus
979 1790 1052 1828 ser-

75 1849 177 1881 vant.

122 1905 182 1930 22.
213 1894 342 1944 Daret]
374 1894 483 1942 Lego
511 1905 556 1931 ex
575 1892 635 1930 lib.
662 1893 761 1931 Dan.
789 1894 929 1930 Darem.
957 1893 1050 1931 CO—

76 1943 194 1981 LER.
245 1946 364 1982 Notat
397 1945 574 1989 Colerus,
601 1945 640 1981 in
670 1944 754 1982 cod.
782 1943 821 1981 Ρ.
852 1945 951 1982 Dan.
978 1942 1050 1981 effe

77 1993 206 2030 darent.
257 1995 374 2042 Quod
394 1995 494 2033 idern
514 1997 550 2033 &
572 1996 609 2032 in
630 2002 791 2045 utroque
811 1995 894 2033 cod.
914 1994 1047 2033 Brand.

76 2044 244 2081 observo.
272 2046 465 2084 VORST.
516 2047 564 2083 Et
592 2057 662 2094 ego
684 2048 722 2083 in
745 2046 876 2084 decem
908 2046 1047 2084 nostris.

76 2094 176 2132 Vide
199 2095 244 2131 L.
267 2107 311 2132 11.
332 2098 365 2133 6.
384 2109 417 2133 2.
446 2097 492 2134 L.
511 2110 555 2133 11.
580 2109 636 2135 10.
660 2109 690 2134 1.
714 2098 751 2133 ὃς
775 2096 808 2133 8.

123 2158 184 2194 23.
213 2145 309 2194 and
328 2147 401 2193 filii
428 2147 612 2185 virtutibus
642 2145 820 2196 dffderet]
849 2146 918 2184 Bit.
939 2146 1047 2194 prim.

75 2196 174 2247 Qvod
196 2195 234 2232 cle
252 2197 434 2234 virtutilms
445 2197 530 2243 filii.

129 2260 185 2293 24.
214 2248 376 2297 Illustris]
404 2249 445 2284 In
475 2247 532 2284 lib.
552 2247 652 2285 Dan.
674 2244 836 2294 expreffe
853 2246 1048 2295 scriptum:

73 2300 217 2345 Illuster.
246 2298 349 2347 quod
369 2297 544 2349 equidem
561 2297 653 2343 Juris
666 2297 763 2333 Latii
784 2308 862 2334 non
882 2297 1048 2334 fecerim.

76 2349 272 2387 COLER.
301 2349 407 2387 Idem
421 2348 575 2386 Colerus
593 2354 727 2384 monet
744 2348 781 2384 in
805 2346 1049 2386 cod.P.Dan.

73 2400 247 2449 scriptum
277 2399 346 2437 effe
372 2402 508 2447 illmster.
561 2397 679 2448 Quod
709 2397 754 2435 de
783 2409 860 2435 uno
895 2410 1049 2449 quoque

75 2451 157 2489 cod.
189 2451 319 2488 Brand.
355 2451 471 2489 testari
498 2450 595 2487 licet.
657 2448 729 2486 Sed
758 2449 795 2485 &
829 2447 918 2485 alter
938 2477 948 2493 ‚
985 2450 1050 2499 qui

75 2502 345 2550 compendium
368 2501 569 2549 scriptionis
588 2498 698 2536 habet
713 2527 723 2543 ‚
743 2510 822 2536 non
845 2499 943 2537 aliud
962 2512 1050 2549 prae

71 2553 108 2591 se
128 2554 221 2590 ferre
244 2552 398 2591 videtur.
427 2551 620 2590 VORST.
656 2551 788 2599 lllnster
806 2551 918 2589 etiam
940 2551 1049 2591 Leid.

73 2605 192 2655 quint.
211 2605 328 2642 Periz.
351 2606 387 2642 &
408 2604 539 2652 Ultraj.
566 2602 716 2650 primus.

121 2667 182 2704 25.
222 2657 315 2701 Quae
339 2657 439 2692 etiam
462 2654 591 2704 patrios
619 2651 786 2703 affefi‘us]
826 2653 934 2691 Leid.
961 2661 1044 2694 tert.

73 2719 152 2756 qua.
186 2706 287 2743 Vide
308 2707 410 2754 supra
432 2707 477 2746 L,
498 2717 561 2742 111.
584 2717 615 2751 7.
640 2717 670 2741 1.
696 2703 756 2742 hic
775 2711 900 2742 tamen
922 2706 1044 2745 minus

71 2755 216 2794 necesse
229 2757 360 2805 judico
381 2756 584 2806 quidquam
606 2762 761 2792 mutare.

122 2808 181 2845 26.
208 2806 281 2848 esid
298 2807 466 2856 praemia]
496 2808 641 2845 Praeter
670 2804 759 2843 alios
786 2805 947 2846 honores
966 2807 1041 2846 Sci-

69 2859 175 2907 pioni
197 2857 217 2895 31
244 2871 331 2906 pop.
360 2861 537 2896 Romano
566 2856 733 2901 habitos,
759 2855 818 2894 ille
839 2859 950 2897 etiarn
971 2858 1041 2897 fin-

71 2909 202 2957 gularis
221 2909 383 2954 accessit,
412 2909 457 2947 de
476 2921 552 2959 quo
570 2908 704 2945 Plinius
723 2906 782 2945 lib.
801 2920 877 2946 xxx.
900 2921 977 2959 cap.
1007 2922 1042 2960 3.

69 2961 201 3000 Elorum
217 2959 348 3012 qm'dem
362 2969 438 3012 pop.
452 2963 622 3013 Romanus
643 2959 944 3012 bonoremscipioni
963 2971 1042 3013 tam-<

1522 957 1566 988 29
1589 949 1807 1010 Qiorum
1829 951 1941 998 nihil
1965 952 2065 1013 sibi,

1922 1049 2067 1098 neque

1095 1187 1165 1213 tum
1185 1174 1313 1212 habuit.
1341 1174 1535 1212 COLER.
1564 1174 1665 1212 Inter
1682 1175 1845 1222 praemia
1866 1174 1922 1214 illa
1940 1177 2008 1214 fuit
2028 1178 2066 1215 δε

1097 1227 1232 1265 florum
1255 1227 1387 1264 honos.
1438 1226 1499 1262 De
1523 1238 1600 1275 quo
1618 1226 1754 1263 Plinius
1773 1238 1850 1270 xm,
1874 1239 1906 1276 3.
1933 1230 2069 1263 Florum

1095 1277 1227 1328 quidem
1241 1280 1382 1327 populus
1404 1279 1503 1327 Rom.
1521 1277 1672 1313 honorem
1689 1278 1832 1325 Scipioni
1861 1289 1991 1313 tantum
2010 1279 2070 1314 ha-

1095 1330 1179 1367 buit.
1206 1328 1401 1366 VORST.
1461 1328 1575 1365 Error
1601 1328 1650 1364 est
1677 1325 1823 1375 insignis
1853 1328 1978 1364 Coleri
2006 1332 2068 1373 δε,

1098 1382 1163 1430 qui
1185 1392 1273 1418 eum
1296 1377 1501 1428 descripsit,
1529 1378 1685 1416 Vorstii:
1715 1389 1793 1414 non
1813 1379 1913 1414 enim
1934 1378 2069 1416 Plinius

1099 1432 1146 1470 de
1167 1434 1316 1481 Scipione
1335 1433 1511 1477 :Africano
1532 1429 1628 1478 agit,
1655 1428 1714 1466 sed
1734 1428 1780 1465 de
1801 1431 1977 1478 Serapione
1991 1458 2001 1474 ‚
2023 1430 2070 1467 de

1101 1494 1179 1533 quo
1206 1482 1329 1519 noster
1357 1482 1402 1518 L.
1422 1495 1474 1519 1x.
1497 1493 1551 1528 14.
1573 1492 1606 1530 3.
1634 1481 1672 1517 &
1689 1477 1792 1517 fuiffe
1822 1479 1924 1517 illum
1947 1483 2074 1530 Scipio-

1101 1548 1172 1571 nem
1196 1533 1353 1581 Nasicam
1373 1531 1519 1571 abunde
1541 1531 1687 1572 constat.

1152 1597 1212 1630 27.
1223 1586 1392 1633 Superiori
1404 1582 1598 1632 tAfricano]
1625 1583 1755 1620 Livius
1776 1581 1857 1619 Lib.
1871 1595 1956 1620 vm.
1970 1595 2078 1634 quar-

1101 1642 1162 1672 tae
1174 1635 1349 1673 Decados
1363 1635 1438 1672 hoc
1460 1635 1578 1672 obiter
1599 1633 1730 1670 innuit.
1758 1634 1934 1671 Ceterum
1951 1635 2078 1684 ,quod

1103 1698 1204 1723 nunc
1225 1688 1440 1735 frequenter
1470 1687 1507 1722 in
1529 1685 1752 1722 Latinorum
1776 1684 1976 1722 authorum
2000 1686 2079 1723 Co-

1103 1736 1243 1774 dicibus
1262 1737 1419 1784 legitur,
1447 1747 1517 1773 nec
1538 1736 1587 1773 est
1606 1735 1798 1785 quisquam
1814 1763 1824 1779 ‚
1851 1736 1913 1785 qui
1935 1736 2078 1774 dubitet

1100 1787 1139 1825 id
1157 1788 1253 1825 bene
1272 1787 1368 1837 legi,
1397 1787 1505 1832 Jovis
1524 1791 1602 1837 Opt.
1624 1789 1728 1823 Max.
1747 1787 1784 1823 in
1807 1787 1951 1824 vetustis
1974 1788 2079 1825 codi-

1101 1839 1201 1876 cibus
1219 1840 1373 1888 legitur,
1386 1839 1493 1884 Jovis
1513 1843 1589 1887 Opt.
1609 1839 1831 1887 Maximique
1845 1865 1854 1881 ‚
1876 1849 1961 1875 cum
1987 1850 2080 1876 con-

1094 1890 1292 1939 junffione
1317 1904 1390 1940 que.
1442 1890 1576 1927 Latina
1607 1890 1706 1925 enim
1729 1888 1851 1936 lingua
1882 1888 1928 1926 ad
1956 1900 2075 1927 unum

1100 1941 1363 1979 substantivum
1383 1941 1458 1978 duo
1480 1939 1661 1989 adjedtiva
1683 1939 1817 1988 absque
1839 1939 2078 1989 conjunetio-

1100 2003 1147 2029 ne
1171 1993 1381 2041 copulativa
1403 1993 1541 2041 apponi
1562 2003 1639 2028 non
1659 1990 1860 2039 permittit,
1887 1990 2075 2028 attestante

1100 2043 1138 2081 id
1161 2044 1273 2082 etiam
1296 2043 1438 2081 Servio.
1492 2043 1527 2080 Si
1549 2042 1660 2079 evicit
1681 2041 1856 2079 Romana
1877 2041 2074 2079 consuetu-

1101 2093 1151 2132 do
1166 2122 1177 2139 ,
1190 2095 1228 2132 δε
1247 2094 1285 2132 id
1303 2095 1399 2132 bene
1417 2093 1549 2142 legitur
1562 2121 1571 2137 ‚
1592 2100 1690 2130 certe
1710 2092 1786 2129 hoc
1807 2104 1924 2129 unum
1948 2104 2076 2130 exem-

1100 2145 1204 2192 plum
1227 2146 1359 2188 fuerit,
1386 2156 1457 2181 nec
1477 2143 1574 2181 aliud
1590 2144 1677 2180 huic
1696 2142 1822 2180 simile.
1858 2142 1974 2180 Paulo
1996 2145 2075 2192 post
2135 2178 2141 2185 ,

1101 2195 1149 2231 de
1168 2195 1377 2232 Hannibale
1395 2196 1433 2232 &
1457 2194 1593 2231 Senatu
1613 2193 1899 2241 Carthaginienfi
1914 2221 1924 2235 ,
1944 2194 2078 2232 Badius

1101 2245 1148 2281 de
1182 2246 1316 2283 Senatu
1339 2246 1518 2282 Romano
1544 2244 1737 2292 intelligit,
1766 2255 1852 2281 cum
1884 2245 2076 2282 Hanniba-

1100 2295 1175 2332 lem
1208 2297 1284 2345 ejus
1307 2295 1474 2344 dignitati
1506 2292 1731 2338 consuluiffe,
1750 2294 1848 2332 dicat
1878 2307 2071 2343 perperam

1099 2346 1231 2385 Badius
1246 2375 1256 2390 ‚
1277 2354 1317 2384 ut
1336 2355 1440 2395 puto.
1468 2345 1740 2383 GLAREAN.
1782 2346 1873 2383 Duo
1894 2346 2071 2393 adjedtiva

1101 2398 1166 2435 uni
1194 2397 1416 2435 substantivo
1445 2396 1541 2434 bene
1562 2397 1670 2445 jungi
1695 2396 1824 2434 docuit
1846 2396 2007 2434 SanCtius
2032 2397 2069 2432 in

1101 2449 1238 2486 Miner.
1260 2449 1305 2485 L.
1327 2461 1371 2485 11.
1394 2447 1428 2485 8.

1150 2500 1212 2537 28.
1225 2501 1424 2549 Capitolinis
1439 2497 1679 2548 pulvinaribus
1699 2497 1878 2549 applicare]
1906 2495 2071 2543 Explicat

1104 2550 1303 2589 oliverius.
1353 2552 1580 2597 ‘Leffisternils
1594 2578 1605 2595 ,
1632 2549 1667 2586 id
1697 2554 1740 2597 est
1758 2548 1911 2587 ‘volebant
1929 2545 2068 2601 ezmrdi-

1100 2603 1191 2638 ‘vinis
1210 2601 1384 2639 bonoribus
1403 2602 1539 2649 afficere.
1604 2601 1721 2649 Quod
1748 2601 1809 2637 Vix
1840 2595 2066 2634 crediderim.

1095 2652 1182 2692 Liv.
1214 2654 1260 2691 L.
1279 2664 1443 2691 XXXVIH.
1464 2653 1522 2702 56.
1550 2652 1599 2689 ait
1622 2649 1814 2701 prohibuiff}
1834 2662 1872 2683 ne
1887 2645 2068 2683 decernere-

1094 2714 1171 2750 tur,
1198 2715 1236 2742 ut
1256 2708 1364 2755 imago
1383 2707 1448 2754 fim
1469 2702 1663 2751 triumphali
1690 2701 1804 2736 habitu
1822 2698 1838 2733 ὲ
1857 2699 1974 2746 templo
1996 2697 2067 2742 Jo-

1093 2758 1150 2792 vis
1180 2761 1258 2806 opt.
1279 2760 1386 2792 Max.
1406 2757 1522 2792 exiret.
1574 2752 1733 2801 Quoties
1759 2748 1827 2786 scil.
1848 2745 1866 2783 ὲ
1888 2748 1976 2804 cella
1997 2749 2063 2794 Jo-

1095 2807 1150 2845 vis
1172 2806 1345 2855 depromi
1366 2805 1519 2844 debebat
1532 2832 1542 2848 ‚
1554 2812 1594 2841 ut
1614 2804 1649 2840 in
1663 2811 1801 2850 pompa
1817 2798 1957 2855 funebri
1970 2810 2060 2846 gen-

1092 2858 1136 2895 tis
1153 2859 1237 2895 suae
1256 2858 1510 2907 praeferretur.
1537 2852 1651 2902 Quod
1665 2851 1823 2888 multum
1844 2858 1954 2886 etiam
1967 2850 2060 2887 abest

1092 2908 1136 2946 ab
1155 2909 1303 2947 honore
1323 2908 1463 2947 divino.
1485 2905 1583 2942 Vide
1602 2903 1764 2941 nostrum
1787 2901 1832 2938 L.
1845 2912 1931 2937 vm.
1958 2913 2011 2947 ῖς.
2029 2914 2060 2938 r.

1140 2972 1203 3010 29.
1230 2960 1377 3011 Quorum
1386 2959 1453 3008 fibi
1471 2954 1615 3005 nullum]
1645 2957 1815 2990 Honorem
1834 2950 1994 2999 intellige
2014 2963 2061 2989 ex

1646 3005 1684 3044 T
1697 3012 1712 3042 t
2012 3013 2060 3039 eo
