2516 3509
208 110 311 166 DE
351 106 866 163 MUTATIONE
903 107 1229 167 MORUM
1268 109 1440 167 AUT
1478 110 1960 173 FORTUNAE.
1997 119 2106 174 Gor

115 213 425 272 conseruerat,
458 211 599 258 securi
632 210 869 275 percuffit:
903 213 1092 275 patriam
1128 214 1298 261 Latino
1333 216 1536 262 tumultu
1569 216 1746 278 feffam,
1789 216 2106 284 speciofiffimo

116 292 353 355 triumpho
388 290 632 349 recreavit,
680 296 714 316 ¹¹
755 290 801 336 in
832 290 950 349 hoe,
988 290 1125 337 credo
1147 324 1163 349 ‚
1208 289 1416 337 fortunae
1450 291 1608 338 nubilo
1642 293 1962 342 adolescentiae
1996 313 2107 344 con-

118 387 300 438 temptu
330 371 559 437 perfusus,
595 389 687 435 quo
722 371 958 418 seiie&utis
993 374 1088 435 ejus
1121 372 1257 419 decus
1291 371 1485 418 lucidius
1517 373 1794 422 enitesceret.

184 455 342 518 Scipio
377 468 528 501 autern
563 453 807 500 Africanus
841 452 1069 517 superior,
1105 471 1241 517 quem
1276 453 1338 499 dii
1374 454 1652 501 immortales
1687 456 1801 503 nasci
1836 460 2108 521 voluerunt,
2130 499 2208 537 gups

118 611 366 670 stenderet‚
396 610 620 658 solutioris
654 613 773 659 vitae
809 613 981 674 primos
1013 611 1332 658 adolescentiae
1363 627 1501 659 annos
1536 613 1672 677 egiss'e
1707 612 1875 671 fertur3
1914 631 2112 663 remotos

192 855 234 886 ¹4
274 849 331 895 C.
377 865 560 913 quoque
605 851 815 897 Valerius
852 849 1042 897 Flaccus
1085 850 1267 897 secundi
1315 851 1480 897 Punici
1524 850 1631 898 belli
1674 853 1957 915 temporibus
2001 855 2114 903 luxu

121 928 343 991 perditam
385 929 725 978 adolescentiam
766 930 1014 979 inchoavit.

115 1135 336 1185 fatigaretur.
391 1139 425 1172 Is
441 1136 643 1186 postmodum
667 1148 797 1185 patrem
824 1152 912 1174 reum
938 1136 1101 1184 judiciali

120 1188 266 1235 peruulo
303 1188 472 1225 liberavit.
525 1189 572 1225 Et
609 1189 693 1226 sane
720 1201 935 1237 pronomen
963 1191 992 1225 is
1021 1200 1099 1226 non

131 1236 243 1273 exstat
269 1237 306 1274 in
336 1239 444 1275 MSS.
471 1239 668 1283 undecim,
705 1239 1030 1288 quemadmodum
1062 1240 1099 1276 in

126 1299 268 1325 novem
289 1301 420 1326 eorum
444 1292 487 1332 es}
508 1290 587 1337 post
607 1307 640 1326 το
665 1294 875 1335 existimatus
896 1302 973 1328 non
997 1302 1102 1328 com-

126 1347 241 1386 paret.
300 1340 436 1389 Neque
467 1342 576 1377 etiam
605 1340 856 1378 desideratur:
893 1342 1101 1391 quoniam,

128 1388 193 1426 etfi
213 1388 300 1427 abfit
322 1399 523 1439 utrumque
537 1419 547 1434 ‚
570 1391 664 1428 bene
683 1401 808 1429 tamen
831 1391 1001 1442 procedit
1019 1403 1102 1430 ora·-

130 1440 196 1477 tiO.
225 1440 329 1478 Med.
352 1442 418 1478 see.
448 1444 720 1491 Defatigaretur.

177 1503 214 1538 9.
241 1493 379 1527 Patrem
414 1506 505 1528 reum
538 1494 699 1540 judiciali
736 1495 879 1541 periculo
918 1492 1098 1542 liberavit]

129 1540 271 1588 Coegit
303 1543 401 1579 enirn
426 1543 681 1591 Pomponium
712 1545 899 1581 tribunum
930 1544 978 1593 pl.
1008 1552 1047 1581 ut
1073 1544 1101 1581 is

131 1591 176 1628 ab
193 1592 340 1629 actione
363 1593 532 1630 adversus
552 1603 692 1642 patrem
726 1596 801 1642 ejus
830 1596 863 1631 se
887 1595 1100 1632 destiturum

122 1642 367 1730 jxifirejlizigando
405 1643 652 1682 confirmaret.
705 1645 803 1683 Vide
830 1646 933 1695 supra
962 1658 997 1683 v.
1015 1659 1047 1692 4.
1069 1657 1102 1695 3.

185 1756 242 1781 10.
276 1747 403 1781 Filium
432 1746 609 1796 vastarem]
656 1747 756 1785 Vide
784 1747 887 1796 supra
923 1758 979 1784 11.
1008 1758 1041 1793 7.
1069 1747 1103 1784 6.

126 1794 322 1834 VORST.

181 1858 236 1883 11.
267 1849 309 1882 In
335 1846 390 1883 hoc
410 1847 499 1884 credo
522 1851 683 1894 fortunae
709 1847 839 1896 nubilo]
869 1846 1100 1885 &Vinchelia-

129 1906 197 1933 nus
221 1895 331 1938 liber,
359 1902 525 1935 Fortunae
545 1901 714 1951 malignae
733 1899 858 1936 nulnlo.
896 1899 987 1935 Non
1009 1909 1100 1935 Con-

128 1948 331 1984 temnenda
360 1949 496 1993 lectio,
530 1962 626 1998 quae
659 1948 790 1988 eadem
820 1950 858 1986 in
881 1949 1099 1986 Cauchiano

131 1996 192 2033 est.
215 1997 355 2034 PIGH.
383 2002 424 2034 In
444 1999 513 2044 hoc,
540 2000 655 2043 credo,
681 2004 840 2046 fortunae
857 1999 969 2035 nubilo
988 1997 1100 2034 adole.

117 2050 268 2095 scentiae
289 2060 469 2097 contemptu
496 2053 657 2099 perfusus.
710 2050 855 2098 Pighius
885 2061 930 2086 ex
961 2061 1036 2085 uno
1057 2050 1095 2086 &

128 2097 244 2135 altero
276 2098 359 2136 cod.
384 2100 516 2147 scripsit
536 2104 692 2146 fortunae
716 2103 896 2150 malignae.
949 2099 1094 2137 Verum

129 2148 175 2185 ab
202 2158 362 2198 utroque
392 2150 475 2188 cod.
512 2151 644 2189 Brand.
688 2151 782 2189 abest
812 2151 994 2199 malignae.
1047 2150 1096 2188 Et

127 2199 277 2237 videtur
304 2201 462 2238 omnino
494 2213 539 2238 ex
568 2203 677 2238 Notis
715 2200 931 2251 quibusdam
962 2202 1097 2249 margi-

127 2249 269 2287 nalibus
306 2252 343 2288 in
380 2260 521 2289 textum
558 2250 742 2300 irrepsisse.
796 2251 913 2287 Porro
947 2254 1096 2298 perfusus

129 2300 354 2349 legendum3
387 2314 465 2340 non
486 2304 652 2352 perfusum
669 2330 678 2345 ‚
706 2310 745 2339 ut
774 2301 911 2344 Aldus,
939 2303 976 2338 δί
998 2302 1097 2338 hunc

129 2351 241 2389 secuti
260 2352 408 2401 Pighius
428 2355 465 2391 ὃς
486 2353 543 2390 alii
574 2352 733 2389 edidere.
785 2351 945 2388 Recstum
977 2352 1096 2390 casum

131 2404 282 2452 requirit
301 2404 455 2441 verbum
479 2403 581 2452 quod
601 2402 806 2452 praecedit,
827 2403 1000 2439 recreavit.
1020 2404 1099 2440 Ha-

132 2452 270 2502 betque
307 2455 406 2491 hunc
447 2463 600 2503 uterque
640 2455 750 2491 etiarn
794 2452 877 2490 cod.
920 2453 1099 2491 Brandeb.

132 2504 309 2552 vetusque
367 2506 464 2553 typis
526 2503 704 2553 expressus
761 2503 1099 2553 Chalcocondylae.

134 2554 331 2592 VORST.
357 2558 543 2607 Malignae
571 2556 694 2593 delent
720 2554 839 2602 scripti
860 2566 1002 2592 omnes.
1025 2567 1100 2605 per-

124 2607 222 2652 fusus
243 2605 355 2642 exstat
374 2607 411 2643 in
433 2608 537 2645 MSS.
567 2607 666 2644 ono.
694 2604 767 2642 Alii
780 2607 969 2654 perfusum,
996 2606 1098 2656 quod

132 2655 183 2692 illi
197 2657 386 2703 junxerint
408 2669 493 2695 cum
515 2659 631 2695 verbo
658 2656 762 2693 credo.
800 2664 838 2692 ut
859 2655 898 2693 sit
916 2655 1006 2693 credo
1026 2672 1097 2694 eum

128 2709 296 2755 perfusum
315 2715 387 2744 eye.
415 2708 604 2746 Ascenfius
635 2707 780 2744 videtur
808 2707 1037 2755 conjunxisse
1063 2710 1099 2744 in

70 2768 71 2771 ¹
131 2755 188 2793 boc
206 2757 320 2795 nubilo
333 2760 500 2803 fortunae.
554 2758 735 2807 Implicite
753 2757 860 2793 nimis
880 2757 1018 2796 dietum
1044 2760 1098 2796 vi-

134 2807 265 2852 detur,
293 2811 333 2844 In
362 2809 415 2844 boc
437 2811 597 2854 fortunae
625 2809 735 2844 nubilo
763 2807 1000 2855 adolescentiae
1024 2823 1098 2845 con-

132 2868 258 2905 temptu
277 2860 438 2909 perfusus.
494 2860 591 2896 Puto
614 2859 804 2896 Valerium
829 2858 1004 2907 scripfiffe.
1058 2864 1098 2897 In

131 2908 212 2954 hoc,
234 2909 347 2953 credo,
375 2925 393 2946 a
409 2913 548 2957 fortuna
568 2909 680 2946 nubilo
703 2908 940 2958 adolescentiae
958 2922 1099 2947 contem-

131 2970 192 3006 ptu
218 2963 368 3008 perfusus
392 2987 401 3002 ,
446 2976 509 3011 quo
531 2962 707 3008 seneffutis
735 2965 804 3008 ejus
833 2959 926 2997 decus
957 2961 1099 2998 lucidius

132 3012 330 3060 enitesceret.
356 3011 394 3051 id
415 3012 486 3059 est,
514 3011 639 3051 Credo
659 3013 848 3051 fortunam
876 3011 983 3061 ipsius
1011 3013 1103 3052 ado-

1150 1137 1360 1176 lescentiam
1381 1140 1468 1177 ideo
1489 1139 1679 1178 obscuram
1701 1143 1738 1179 &
1762 1150 2016 1192 contemptam
2037 1145 2119 1182 red—

1152 1188 1302 1231 didiffe,
1333 1199 1371 1227 ut
1392 1191 1555 1228 senec‘tus
1577 1193 1652 1240 ejus
1673 1200 1778 1230 tanto
1801 1193 1953 1238 clarior,
1983 1197 2020 1232 ὃς
2040 1196 2118 1244 glo-

1151 1241 1226 1278 riae
1246 1241 1390 1289 fulgore
1410 1241 1632 1289 splendidior
1651 1241 1749 1280 esset.
1776 1244 1940 1282 Vorssius
1965 1254 2090 1283 autem
2106 1276 2115 1290 ‚

1152 1292 1216 1340 qui
1238 1295 1389 1341 perfusus
1418 1293 1456 1329 in
1487 1301 1708 1330 contextum
1744 1295 1904 1342 recepit,
1946 1295 2120 1336 debuerat
2156 1310 2160 1315 ’

1154 1354 1243 1390 ergo
1266 1344 1377 1380 etiam
1398 1343 1528 1380 tollere
1551 1343 1819 1381 distinetionem
1839 1347 2016 1394 majorem
2039 1348 2118 1395 post

1153 1395 1335 1437 recreavit,
1372 1400 1412 1430 ut
1444 1405 1543 1431 nunc
1572 1394 1656 1430 feci.
1683 1393 1730 1431 fic
1760 1403 1882 1431 totum
1913 1396 1987 1433 hoc
2011 1406 2118 1445 caput

1152 1455 1230 1481 uno
1251 1443 1366 1481 veluti
1391 1443 1515 1492 spiritu
1534 1444 1754 1489 absolvitur,
1783 1445 1934 1494 expulsis
1954 1449 2092 1486 voculis
2106 1475 2118 1493 ‚

1153 1506 1242 1543 quas
1261 1495 1407 1543 Pighius
1425 1495 1624 1532 inferferat.

1206 1558 1261 1583 12.
1290 1546 1489 1582 Hominibus
1509 1545 1677 1592 efficaciter
1696 1544 1889 1595 offenderet]
1913 1547 1970 1584 Sic
1991 1559 2119 1585 emen<-

1154 1595 1253 1633 davit
1270 1596 1440 1644 Pighius,
1469 1596 1572 1646 quod
1601 1598 1637 1633 in
1662 1596 1769 1634 MSS.
1795 1598 1862 1634 suis
1882 1600 1951 1641 ita,
1980 1599 2115 1642 credo,

1153 1646 1358 1690 inveniret,
1387 1655 1427 1684 ut
1449 1659 1520 1696 ego
1542 1649 1579 1684 in
1599 1647 1701 1684 meis.
1753 1647 1868 1684 Aldus
1892 1649 1929 1685 8<
1952 1660 2038 1685 eum
2064 1651 2115 1686 se-

1155 1698 1231 1734 cuti
1261 1696 1438 1734 dederant
1461 1726 1472 1741 ‚
1510 1698 1671 1734 omnibus.
1732 1698 1882 1738 Pauculi
1913 1698 2035 1736 delent
2057 1704 2116 1744 se.

1155 1749 1195 1785 ἃ
1216 1747 1373 1785 scribunt
1403 1747 1632 1795 ostenderetur.
1667 1748 1801 1786 deinde
1829 1757 1983 1799 uterque
2015 1752 2117 1788 Med.

1146 1798 1334 1846 stolidioris
1361 1799 1466 1836 vitae.

1205 1862 1264 1898 13.
1291 1848 1498 1899 Teneriores]
1529 1849 1630 1886 Hinc
1650 1850 1687 1886 in
1709 1860 1793 1886 eum
1812 1849 1900 1898 judii
1922 1851 2041 1888 versus
2070 1851 2118 1889 illi

1152 1901 1337 1939 Naeviani
1358 1901 1454 1948 apud
1474 1900 1660 1948 Agellium
1684 1900 1744 1937 lib.
1772 1912 1830 1937 vx.
1860 1912 1937 1948 cap.
1961 1902 1981 1938 8
2025 1914 2119 1951 quo-

1152 1962 1235 1988 rum
1265 1951 1439 1988 ultimum
1466 1953 1516 1989 ita
1545 1963 1629 1988 reor
1658 1951 1791 1998 corrigi
1820 1960 1994 1999 oportere

1359 2033 1430 2054 eum
1478 2034 1539 2056 uus
1563 2030 1660 2067 pater
1677 2033 1755 2066 'cum
1777 2020 1929 2055 Ballione
1953 2019 1996 2055 ab
2014 2021 2118 2056 amica

1325 2069 1480 2109 abduxit.

1146 2149 1278 2199 legitur
1299 2150 1435 2199 vulgo:
1463 2166 1532 2188 cum
1550 2152 1657 2200 pallio
1681 2167 1756 2189 uno.
1807 2151 1865 2188 Sic
1885 2151 1992 2199 igitur
2011 2153 2119 2188 Ballio

1145 2201 1238 2238 servi
1258 2213 1402 2238 nomen
1421 2211 1481 2239 aut
1502 2202 1645 2239 lenonis
1667 2204 1810 2250 potius,
1841 2209 1881 2239 ut
1900 2202 1996 2250 apud
2015 2203 2119 2239 Plau-

1148 2259 1242 2289 tum.
1296 2251 1456 2288 Mirifice
1478 2254 1573 2290 hanc
1593 2252 1845 2300 conjecturam
1871 2264 1994 2290 meam
2027 2265 2117 2290 con-

1149 2299 1271 2338 firmat
1301 2302 1483 2350 Vopiscus
1512 2305 1550 2340 in
1579 2303 1740 2347 Carino,
1785 2304 1843 2340 ubi
1873 2303 2022 2351 legitur:
2060 2308 2117 2338 Ne

1146 2354 1353 2396 patrimonia
1368 2355 1434 2402 sua
1452 2356 1642 2402 proscriptis
1672 2356 1833 2405 legitimis
1852 2354 2017 2390 heredibus
2039 2356 2114 2388 Mi-

1150 2405 1213 2438 mis
1241 2411 1286 2437 &¹
1307 2404 1514 2441 Ballionibus
1542 2403 1750 2455 deputarent.
1802 2406 1926 2442 Vocat
1952 2405 2116 2439 Balliones

1147 2454 1303 2491 lenones
1316 2462 1399 2497 ,aut
1418 2455 1456 2491 id
1476 2467 1591 2504 genus
1612 2467 1723 2504 nugas
1742 2457 1952 2493 hominum.
1968 2454 2105 2490 PIGH.

1147 2507 1284 2541 Punicis
1314 2506 1457 2551 tropaeis
1484 2508 1670 2543 teneriores.
1710 2505 1749 2543 Id
1779 2506 1848 2549 est,
1890 2504 2110 2546 teneriores,

1149 2567 1261 2605 quam
1285 2563 1326 2593 ut
1346 2556 1490 2594 Punicis
1512 2557 1669 2605 tropaeis
1697 2556 1946 2593 convenirent.
1995 2554 2111 2591 Notat

1150 2615 1274 2644 autern
1295 2607 1476 2654 Scipionis
1494 2608 1631 2655 stupra:
1661 2607 1706 2644 de
1733 2607 1858 2655 quibus
1882 2606 1918 2640 &
1938 2604 2037 2650 sup-ra
2058 2616 2110 2640 v1.

1151 2670 1183 2704 7.
1217 2671 1230 2695 1
1285 2657 1386 2695 dixit.
1422 2659 1619 2696 VORST.
1669 2657 1774 2693 LCld.
1807 2655 1922 2703 quint.
1974 2656 2110 2689 Tenuie-

1148 2709 1252 2746 ribus.
1280 2708 1393 2756 Supra
1422 2709 1467 2745 L.
1495 2722 1558 2752 111,
1588 2721 1618 2753 7.
1657 2708 1738 2742 Ext.
1769 2719 1798 2752 ς,
1833 2707 1908 2739 Non
1933 2707 2112 2753 patiuntur

1150 2775 1199 2795 me
1218 2759 1432 2796 tenerioribus
1452 2760 1609 2810 exemplis
1628 2756 1754 2792 diutius
1780 2755 1924 2801 infistere
1941 2754 2114 2803 'fortiffimt'

1147 2810 1253 2848 duces.

1204 2874 1258 2908 14.
1286 2863 1322 2898 C.
1350 2874 1480 2910 quoque
1503 2855 1669 2905 Valerius]
1699 2854 1832 2904 Ultraj.
1854 2855 1892 2892 ὃς
1909 2855 2016 2892 Leid.
2043 2854 2111 2892 sCC.

1207 2976 1263 3011 15.
1303 2970 1355 3002 <A
1384 2965 1421 2998 P.
1450 2958 1576 2997 Litinio
1604 2966 1696 3005 pont.
1720 2970 1812 2993 max.
1834 2957 1959 3003 flamen
1979 2953 2109 3003 sallus]

1154 3012 1379 3063 Legenduin
1402 3012 1574 3052 arbitror,
1603 3009 1740 3095 Flamgz
1757 3017 1882 3055 captus.
1919 3005 2113 3053 Quemad-

1741 3069 1798 3106 ἐξ
1833 3068 1856 3104 S
2034 3066 2119 3092 ¹1¹0*

2212 509 2229 529 a
2251 505 2302 527 Vh.

119 543 173 577 ut
207 533 347 591 ess'et,
384 535 429 580 in
462 551 557 598 quo
610 532 656 580 se
689 534 831 581 virtus
863 548 945 596 per
977 549 1131 579 omncs
1167 547 1378 579 numeros
1417 539 1456 559 ¹²
1495 533 1756 582 hominibus
1788 536 2031 586 efficaciter
2064 557 2115 586 0-
2133 540 2305 613 {sfen-

117 689 305 756 quidem
340 691 366 737 ὲ
400 689 604 736 luxuriae
637 692 856 750 crimine,
877 690 950 737 sed
983 703 1134 736 tamen
1162 690 1346 737 Punicis
1378 693 1574 754 tropaeis
1609 692 1809 740 devictae
1823 694 2110 761 Carthaginis
2130 679 2212 753 {⁴5⁰2}
2237 684 2306 706 ω’

47 766 53 769 “
120 769 373 816 cervicibus
408 769 626 834 imposito
653 773 773 834 jugo
814 777 852 808 ¹3
888 772 1144 817 teneriores.

1087 930 1309 977 Ceterum
1357 937 1395 968 ¹5
1443 930 1469 977 a
1503 932 1554 978 P.
1595 933 1780 980 Licinio
1817 948 1947 997 pont.
1983 938 2112 984 Max.
2134 915 2214 993 ff?
2237 910 2313 985 ssib‘

2038 1016 2096 1063 HQ·
2133 999 2200 1028 vius
2224 1006 2332 1028 xxvm
2353 1003 2356 1007 '
