2516 3509
372 144 477 214 798
554 133 730 193 VAL.
769 130 966 186 MAX.
1017 129 1277 188 L1n.1X.
1326 129 1472 185 CA».
1503 131 1546 185 1.
1602 132 1706 188 DE
1749 135 1935 191 LUX.
1982 137 2089 193 ET
2136 137 2280 193 LIB.

364 243 504 293 ravitz
541 238 589 286 &
624 233 915 285 tabernacula
949 232 1184 282 textilibus
1218 228 1372 295 sigillis
1406 228 1620 278 adornata
1651 230 1820 281 statuit.
1875 233 2028 283 Avaro
2064 236 2220 300 potius
2254 234 2374 286 hosti

367 319 527 383 praeda
562 315 802 382 optabilis,
841 330 978 379 quam
1014 313 1103 361 ulla
1137 311 1192 360 ad
1227 307 1503 356 vincendum
1540 310 1579 345 ⁶⁵
1617 309 1797 360 strenuo
1834 329 1974 360 mora.

160 385 339 466 (Αἲξῖςξζζῗζ
435 395 484 425 0⁶
525 398 628 457 Jam
675 395 962 442 Ptolemaeus
1009 408 1087 440 rex
1143 392 1181 425 ⁶⁷
1227 388 1416 437 acceffio
1460 389 1680 437 vitiorum
1727 392 1910 439 suorum
1957 395 2113 441 vixit:
2177 395 2373 461 ideoque

158 481 228 543 [ιῖῐὲ
248 469 356 542 2¹:2⁵
372 470 546 535 Physcon
574 472 822 536 appellatus
842 471 920 517 est.
960 471 1106 535 Cujus
1138 469 1342 534 nequitia
1376 467 1485 532 quid
1521 470 1740 533 nequius?
1776 470 1973 516 sororem
2009 485 2116 518 natu
2151 477 2371 540 majorem

154 552 324 626 gfff-Ju-
372 551 611 598 communi
657 550 784 598 fratri
824 562 1013 613 nuptam
1063 548 1145 596 fibi
1191 547 1363 594 nubere
1405 548 1581 611 coegit.
1649 549 1810 595 Postea
1844 549 2002 616 deinde
2040 552 2128 600 filia
2163 558 2256 616 ejus
2292 575 2372 623 per

153 645 308 720 3335&
367 630 462 678 vim
498 629 719 694 stuprata,
759 628 896 693 ipsam
933 626 1128 687 dimisit,
1165 640 1217 674 ut
1251 641 1450 672 vacuum
1486 626 1643 672 locum
1679 627 1849 690 nuptiis
1886 629 2058 690 puellae
2094 615 2273 682 faceret.

151 721 325 797 Λιηῑεέιῐ.
431 706 771 755 Consentaneus
806 708 950 770 igitur
984 706 1165 769 regibus
1199 703 1283 751 suis
1318 706 1466 768 gentis
1499 705 1757 768 Aegyptiae
1790 705 2011 768 populus:
2049 710 2127 772 qui
2162 712 2202 739 ⁶⁸
2228 712 2371 761 dufftu

152 818 237 844 Am„
258 791 325 860 ξω),
367 788 581 835 Archelai
615 786 819 836 adversus
856 787 915 833 A.
949 784 1203 833 Gabinium
1238 784 1476 831 moenibus
1512 785 1634 830 urbis
1669 784 1863 849 egress'us
1885 820 1898 845 ,
1946 803 2053 833 cum
2088 790 2224 846 castra
2258 796 2371 840 vallo

151 857 492 929 ξ’ζῗῡῖζζζῗεαῑφιε
516 867 631 930 fcfflz
665 871 821 930 cingere
850 865 1114 930 juberetur,
1147 862 1377 910 universus
1411 863 1732 922 succlamavit,
1778 876 1821 909 ut
1858 866 1904 910 id
1935 880 2028 925 opus
2058 870 2221 925 publica
2248 886 2370 932 pecu-

150 949 266 971 ΗΜ*
366 949 440 993 nia
478 945 723 1008 faciendum
764 948 984 992 locaretur.
1056 941 1358 1005 Qlapropter
1402 941 1567 988 deli-tiis
1611 952 1704 988 tarn
1746 957 1928 991 enerves
1975 945 2113 992 animi
2160 946 2368 1011 spiritum

362 1026 590 1073 exercitus
623 1024 766 1072 nostri
800 1022 1012 1070 sustinere
1047 1022 1088 1055 ⁶⁹
1122 1037 1218 1067 non
1250 1032 1515 1083 potuerunt.

429 1107 518 1156 Sed
552 1120 702 1155 tamen
732 1104 1040 1152 effeminatior
1071 1101 1323 1150 multitudo
1361 1101 1673 1166 Cypriorum,
1696 1104 1774 1165 qui
1805 1109 1844 1136 ⁷0
1871 1104 2045 1167 reginas
2079 1104 2171 1152 suas
2206 1106 2367 1154 mulie-

363 1202 465 1234 rum
500 1183 770 1250 corporibus
804 1183 930 1229 velut
964 1180 1177 1246 gradibus
1212 1178 1508 1237 construfifis,
1544 1195 1637 1241 quo
1663 1179 1845 1225 mollius
1871 1179 2057 1244 vestigia
2088 1182 2256 1244 pedum
2284 1200 2367 1244 po-

361 1279 546 1326 nerent,
582 1281 739 1313 currus
775 1262 1074 1310 conscendere
1108 1267 1254 1322 aequo
1289 1259 1441 1306 animo
1477 1257 1764 1305 sustinebant.
1811 1259 1935 1306 Viris
1969 1261 2086 1305 enim
2106 1293 2120 1319 ‚
2155 1259 2187 1306 fi
2221 1261 2362 1308 modo

359 1347 446 1394 viri
480 1359 639 1405 erant,
659 1344 754 1393 vita
775 1357 951 1402 carere,
982 1356 1118 1406 quam
1150 1352 1243 1387 tam
1278 1337 1475 1386 delicato
1511 1339 1705 1404 imperio
1742 1338 2059 1404 obtemperare
2094 1340 2225 1388 satius
2260 1342 2365 1390 fuit.

252 353 281 383 ς.

361 1475 451 1513 chus
470 1475 507 1512 in
528 1475 636 1513 Alex.
664 1475 702 1513 ὅτ
724 1474 939 1512 Athenaeus
958 1472 1197 1520 Dipnos.xn.
1225 1481 1333 1508 men-

365 1529 512 1564 tionem
546 1527 687 1564 faciunt
719 1526 891 1574 Agnonis
921 1523 1109 1573 cujusdam
1130 1523 1169 1561 Τ
1173 1522 1242 1571 eji,
1269 1521 1333 1571 qui

334 1590 337 1595 '
365 1579 406 1616 &
431 1577 505 1626 ipse
533 1580 665 1623 χρυσὲς
697 1576 717 1616 ἦ
744 1579 894 1626 αργυςές
927 1574 1012 1616 ἕλες
1039 1575 1074 1612 ὀμ
1096 1577 1171 1614 ταῖς
1197 1575 1334 1617 κρηπῖσι

364 1642 482 1665 aureos
513 1636 576 1665 aut
594 1637 766 1678 argenteos
783 1628 894 1663 clavos
911 1627 947 1662 in
963 1625 1102 1674 crepidis
1129 1624 1332 1672 gestaverit.

365 1679 609 1716 Mentionem
621 1679 756 1716 facit&
768 1678 904 1716 Plinius
916 1689 1092 1726 xxxx11.3.
1104 1676 1283 1712 Ceterum
1297 1675 1334 1712 ὃς

365 1729 494 1768 clavos
518 1730 659 1767 ferreos
678 1729 810 1766 calceis
833 1730 871 1766 ὅ(
893 1727 1047 1775 crepidis
1072 1725 1252 1775 subjeetos
1272 1725 1337 1761 ha-

366 1781 456 1818 bere
495 1781 586 1818 olim
620 1780 768 1829 vulgare
808 1780 888 1816 fuit.
938 1777 1038 1815 Vide
1075 1776 1234 1814 Brodaei
1263 1775 1339 1812 Mi-

364 1831 463 1870 scell.
498 1843 586 1869 vm.
620 1831 675 1868 16.
715 1829 911 1867 VORST.
953 1828 1053 1865 Vide
1086 1828 1197 1864 etiam
1232 1833 1339 1863 notas

366 1882 555 1920 Perizonii
576 1881 623 1919 ad
640 1881 786 1919 Aelian.
806 1880 892 1917 Lib.
908 1891 963 1917 ιχ.
983 1878 1177 1916 Var.Hist.
1205 1888 1283 1925 cap.
1300 1888 1333 1926 3.

417 1935 632 1982 65.Strenuo
654 1931 764 1981 mora]
779 1930 938 1968 Auetior
957 1930 1018 1967 hic
1038 1929 1086 1967 est
1102 1928 1206 1966 Paris.
1223 1928 1333 1976 prim.

363 1984 439 2022 hoc
462 1984 595 2022 modo.
621 1982 711 2019 Unde
726 1982 858 2032 pulchre
878 1981 1057 2018 Hannibal
1085 1978 1173 2026 apud
1193 1979 1334 2020 &intio-

363 2035 457 2072 clmm
481 2037 624 2072 exulans
652 2034 713 2083 ipfi
742 2033 989 2083 interroganti,
1022 2045 1067 2067 an
1092 2032 1144 2067 bic
1173 2031 1335 2065 exercitus

355 2085 548 2134 sufficeret,
583 2084 696 2128 dixit,
730 2094 810 2134 puto
838 2083 898 2130 etst
923 2080 1104 2130 avartffimi
1128 2081 1211 2129 fint.
1249 2080 1336 2116 nihil

365 2135 534 2179 dicacius;
556 2137 824 2186 interrogaverat
842 2148 901 2170 rex
920 2132 960 2170 de
978 2134 1120 2170 ‘rifloria
1133 2161 1143 2176 ‚
1170 2129 1335 2181 respondit

366 2188 427 2224 ille
455 2186 495 2224 de
519 2185 656 2236 praeda.
708 2186 756 2223 Et
784 2186 877 2222 haec
904 2185 952 2221 ita
991 2184 1163 2233 leguntur
1198 2184 1236 2219 in
1268 2181 1335 2219 Bit.

367 2238 493 2287 primo
517 2265 528 2282 ,
562 2236 623 2275 sed
653 2236 828 2285 adscripta
857 2242 961 2273 erant
988 2235 1026 2273 in
1054 2233 1221 2283 margine
1241 2261 1251 2277 ‚
1287 2234 1335 2270 ita

367 2297 522 2333 tamen,
548 2296 589 2326 ut
616 2288 781 2325 asterisco
802 2288 898 2324 inter
917 2294 1090 2337 quartum
1113 2285 1334 2334 &quintum

367 2340 477 2389 hujus
505 2340 631 2388 capitis
660 2338 873 2387 exemplum
901 2337 1091 2375 inserenda
1120 2335 1238 2375 textui
1263 2333 1333 2373 effe

362 2391 599 2429 indicaretur.
628 2390 840 2427 GUDIUS.
883 2390 955 2426 Pro
975 2386 1087 2437 gloffa
1106 2386 1334 2426 habendum.

414 2442 477 2482 66.
503 2441 592 2487 Jam
619 2439 852 2488 Ptolemaeus]
898 2439 1071 2491 Plerique
1095 2438 1204 2478 MSS.
1241 2439 1334 2474 Nam

362 2494 592 2531 Ptolemaeus.

413 2545 475 2592 67.
500 2540 714 2591 Acceffime]
755 2540 838 2579 Lib.
875 2539 1061 2578 Danielis:
1100 2538 1253 2587 eAcceffio
1277 2541 1333 2576 ¹vi·-

362 2595 497 2633 tiorum.
533 2593 676 2633 PIGH.
721 2591 808 2638 Jam
836 2594 1047 2629 Ptolemaeus
1074 2604 1135 2627 rex
1170 2589 1333 2639 accessione

364 2646 524 2685 vitiorum
535 2647 673 2695 suorum
691 2645 796 2684 vixit.
825 2644 943 2684 Notat
965 2642 1143 2687 Colerus,
1176 2642 1216 2680 in
1245 2643 1330 2686 cod.

1383 1468 1423 1506 P.
1445 1469 1544 1506 Dan.
1572 1467 1644 1506 effe
1673 1469 1756 1507 casu
1777 1467 1879 1506 recto
1897 1468 2018 1517 acceffio
2037 1470 2215 1508 vitiorum.
2242 1473 2362 1522 Quod

1384 1520 1485 1558 idem
1522 1521 1560 1557 in
1597 1532 1676 1558 uno
1712 1532 1866 1570 quoque
1907 1521 1991 1559 cod.
2028 1521 2160 1559 Brand.
2189 1521 2360 1562 observo.

1385 1571 1433 1608 Et
1462 1571 1593 1621 probat
1620 1570 1824 1609 leffionem
1852 1572 1948 1608 hanc
1977 1572 2219 1618 Gronovius,
2260 1586 2364 1613 eam-

1385 1634 1460 1672 que
1490 1624 1528 1660 in
1559 1622 1732 1661 omnibus
1760 1622 1898 1670 scriptis
1933 1622 2086 1672 alicujus
2116 1626 2263 1663 numeri
2292 1625 2363 1664 effe

1387 1673 1476 1711 dicit
1505 1674 1542 1711 in
1572 1674 1683 1711 Notis
1712 1673 1757 1712 ad
1789 1674 1874 1711 Liv.
1902 1685 1986 1711 xzv.
2017 1686 2049 1720 7.
2101 1675 2268 1723 Exponit
2295 1689 2363 1714 au·

1387 1732 1464 1762 tem
1493 1724 1563 1762 fic:
1593 1724 1708 1773 Quafi
1734 1724 1894 1768 diceret,
1933 1726 2176 1773 praecipuum
2206 1727 2243 1763 in
2270 1726 2363 1765 Pto-

1387 1775 1536 1812 lemaeo
1566 1788 1645 1813 non
1664 1774 1769 1813 fuiffe
1799 1777 1940 1824 ipsum,
1967 1775 2027 1813 sed
2048 1777 2160 1819 vitia3
2194 1788 2358 1826 quorum

1391 1837 1478 1863 eum
1513 1828 1594 1872 jure
1632 1827 1877 1864 accessionem
1918 1826 1975 1863 vel
2015 1834 2158 1874 partem
2204 1829 2358 1868 diceres.

1386 1876 1579 1914 VORST.
1607 1877 1721 1914 Certe
1746 1876 1867 1924 accessio
1894 1877 2047 1914 invenio
2072 1878 2107 1914 in
2136 1878 2273 1927 scriptis
2290 1891 2363 1918 no-

1385 1938 1486 1964 vem.
1509 1938 1601 1964 unus
1620 1927 1750 1975 accessu.
1776 1928 1849 1964 Pro
1881 1927 2026 1976 Physcon
2056 1928 2222 1979 plerique
2253 1930 2362 1969 MSS.

1385 1978 1521 2015 Pbiton.
1549 1977 1618 2015 Bit.
1644 1979 1756 2026 prim.
1784 1978 1926 2014 Plritrio.

1436 2029 1496 2066 68.
1533 2029 1645 2065 DuHu
1671 2027 1850 2067 Archelai
1879 2027 2037 2075 adversus
2064 2033 2126 2069 es!-
2156 2030 2360 2078 Gabinium]

1387 2079 1520 2128 EJetsto
1556 2078 1779 2116 Ptolemaeo
1820 2080 1999 2127 Aegyptii
2030 2080 2258 2119 Archelaum
2296 2081 2361 2121 fibi

1387 2141 1515 2179 regem
1546 2129 1783 2167 adsciverant.
1818 2131 1967 2168 Romae
1997 2138 2123 2169 autem
2157 2144 2240 2170 cum
2265 2134 2363 2172 mul-

1387 2189 1467 2218 tum
1500 2180 1722 2230 disputatum
1751 2179 1871 2225 esset,
1916 2193 1993 2230 quo
2025 2182 2144 2220 modo
2174 2184 2213 2221 &
2233 2182 2253 2221 ὲ
2282 2197 2361 2234 quo

1387 2231 1625 2270 Ptolemaeus
1653 2233 1691 2269 in
1718 2243 1873 2280 regnum
1902 2232 2132 2271 reducendus
2161 2232 2269 2278 effet,
2302 2248 2360 2273 re-

1388 2283 1516 2321 duetus
1546 2282 1699 2321 tandem
1728 2283 1776 2320 est
1806 2282 2023 2320 auctoritate
2042 2284 2216 2334 Pompeji
2246 2285 2291 2323 ab
2311 2288 2362 2326 A.

1387 2334 1572 2378 Gabinio,
1600 2335 1727 2384 Syriae
1753 2343 1835 2372 tum
1860 2335 2093 2383 proconsule.
2113 2335 2311 2376 VORST.

1436 2386 1496 2435 69.
1532 2391 1616 2424 Non
1649 2384 1848 2435 potuerunt]
1897 2386 1995 2435 Cop.
2029 2385 2139 2425 Leid.
2173 2386 2260 2426 sext.
2296 2403 2361 2427 non

1385 2438 1578 2475 valuerunt.

1438 2500 1497 2535 70.
1532 2489 1684 2539 Reginus
1714 2490 1800 2536 suas
1839 2487 2014 2524 mulierum
2045 2488 2230 2539 corporibus
2266 2490 2362 2526 velut

1377 2539 1543 2592 gradibus
1564 2538 1772 2589 construais]
1787 2539 1962 2577 Mulieres
1982 2538 2067 2576 istae
2087 2537 2283 2584 κλιμακίδες
2305 2540 2362 2578 di·

1384 2591 1728 2630 &aeMentionem
1749 2601 1878 2628 earum
1898 2589 2356 2629 facit&Athenaeus.1.v.

1383 2641 1580 2684 VORST.
1609 2642 1666 2682 Ex
1686 2640 1857 2681 Brodaeo
1878 2641 1962 2681 Lib.
1985 2653 2040 2681 1x.
2069 2643 2177 2684 Misc.
2196 2654 2227 2682 c.
2246 2653 2313 2692 23.

2247 3046 2359 3104 CA-
