2516 3509
386 145 525 202 2*
815 125 1365 190 VALERII

1438 117 1928 182 MAXIMI

375 242 650 309 complefiencli
669 235 806 298 cupido
826 234 990 295 incefflt.
1057 234 1174 299 Quis
1190 235 1298 280 enim
1320 235 1446 280 omnis
1467 234 1566 279 aevi
1583 231 1696 294 gesta
1722 237 1736 267 5
1765 228 1918 275 modico
1943 225 2201 300 voluminum
2221 226 2392 284 numero

381 318 753 387 conprehenderit?
787 318 883 363 Aut
907 317 1380 378 quis-composmentis5
1400 312 1635 373 domesticae
1646 311 1971 372 peregrinaeque
2000 305 2193 371 historiae
2210 311 2394 375 seriem,

386 405 407 434 ο
431 400 824 466 fhljcjfltpegiorum
844 396 942 456 stylo
977 397 1215 455 conditam,
1242 396 1316 441 vel
1348 400 1366 433 7
1400 393 1621 444 attentiore„
1650 407 1780 450 cura,
1810 392 1882 438 vel
1908 390 2210 452 praestantiore
2234 393 2393 455 facun-

384 484 455 532 dia
479 515 495 543 ,
539 481 800 528 traditurum
814 495 816 497 ·
820 475 870 540 se
889 475 1128 540 speraverit
1155 477 1178 524 ,Ρ
1222 475 1267 521 T
1261 490 1281 521 e
1311 473 1439 537 igitur
1458 470 1554 517 huic
1570 479 1726 532 coepto,
1755 482 1875 532 penes
1909 485 2026 532 quem
2057 469 2266 517 bominum
2297 472 2392 520 deo-

384 681 507 728 Persas
527 676 656 726 fluvios
671 674 820 724 coluiffe,
851 674 1044 710 memoralia
1062 682 1099 709 ut
1116 669 1265 709 indicant
1275 669 1361 717 firi-

382 742 462 780 pta.
516 731 614 766 Haec
642 730 679 764 ὃς
706 727 860 762 memorie
889 724 1021 767 dictae,
1048 722 1146 770 apud
1172 721 1361 767 Agellium

389 783 429 819 δε
455 781 553 818 alios.
605 778 785 815 Minutius
803 777 839 812 in
854 774 1085 811 Octaviano:
1114 772 1288 805 Memoria
1315 777 1360 803 (9·

388 831 595 881 Tragoedia
615 831 740 874 vestrae
757 826 883 872 incestis
904 824 1110 873 gloriantur.
1167 820 1363 857 Memora-

389 883 436 920 lia
455 872 580 930 itaque
598 879 723 927 scripta
742 874 937 913 nihilaliud
948 874 1027 912 sunt
1037 883 1150 923 quam
1162 882 1364 908 commen-

389 933 478 970 taria
500 930 759 980 antiquitatum
774 955 783 972 ,
811 927 884 964 five
896 925 1128 976 antiquitates
1142 951 1151 967 ‚
1165 934 1254 972 quas
1265 924 1361 960 Var-

390 995 433 1021 ro
452 981 668 1031 indigitavit.
721 977 834 1016 Unde
854 978 970 1028 liquet
988 974 1211 1014 Memoralia
1223 974 1261 1011 ὃς
1274 975 1361 1011 Me-

389 1034 583 1072 morabilia
602 1034 650 1069 ita
666 1030 811 1068 differre
830 1038 869 1067 ut
882 1023 1195 1073 ιὲτομιημονόίμοιέι
1212 1026 1250 1063 &
1270 1026 1360 1073 οἱξω.

388 1083 652 1129 μνημονόύμοιῖιι.
704 1082 986 1130 Hieronymum
1024 1078 1127 1116 illum
1166 1075 1360 1114 Rhodium

390 1132 731 1181 ‘hvomonvsolm'mv
749 1132 857 1169 libros
874 1128 1042 1179 scripfiffe
1070 1129 1218 1167 testatur
1245 1128 1363 1164 Lae'r-

389 1188 470 1224 tius.
508 1184 764 1223 COLERUS.
827 1182 1109 1230 Inscriptionem
1137 1179 1217 1216 libri
1252 1178 1363 1228 primi

390 1238 513 1286 Stepli.
533 1235 740 1274 Winandus
759 1232 905 1282 Pighius
924 1233 1012 1270 fecit
1029 1232 1097 1276 fic,
1128 1232 1254 1269 Valerii
1274 1234 1361 1267 Ma.

389 1291 474 1325 ximi
496 1289 713 1337 exemplorum
733 1284 993 1322 memorabilium
1006 1283 1104 1320 Liber
1120 1282 1257 1326 primus.
1284 1282 1364 1318 Ve-

393 1351 475 1376 rum
504 1340 574 1387 ipsa
593 1338 711 1387 prima
732 1336 842 1375 verba
860 1335 1035 1373 Auctoris
1063 1332 1281 1377 ostendunt,
1308 1333 1365 1371 in-

383 1391 626 1439 scriptionem
654 1387 863 1426 faciendam
885 1387 1007 1436 potius
1036 1385 1085 1423 slC
1106 1382 1198 1430 effe,
1227 1385 1363 1422 Valerii

390 1446 504 1479 Max.
526 1441 691 1488 faflorum
721 1438 946 1489 diffloriimque
975 1436 1238 1474 memorabilium
1267 1436 1363 1474 liber.

391 1493 516 1529 Verba
536 1490 707 1528 Auctoris
724 1491 804 1527 sunt
816 1519 825 1535 ‚
851 1490 948 1527 Urbis
968 1492 1097 1538 Rpmae
1113 1499 1367 1538 exterarumque

386 1546 538 1595 gentium
552 1544 647 1589 faesia
660 1543 763 1588 fimul
787 1555 825 1577 ac
840 1539 930 1577 diHa
951 1551 1131 1576 memoratu
1147 1539 1266 1590 digna.
1296 1539 1367 1578 Sed

396 1598 434 1632 ἃ
455 1594 591 1631 Gellius
602 1606 669 1630 xix.
691 1604 723 1639 7.
742 1594 779 1629 in
800 1604 880 1629 eam
899 1591 1116 1629 sententiam
1135 1590 1365 1630 haechabet:

393 1648 522 1694 Scripta
549 1645 624 1680 baec
651 1645 786 1689 bisloria
805 1647 847 1690 est
871 1645 907 1678 in
924 1642 1007 1679 libro
1033 1643 1157 1679 Valerii
1177 1645 1287 1678 Max.
1305 1645 1363 1688 fa-

393 1698 516 1733 {forem
544 1705 588 1731 C'
610 1694 768 1731 ‘liliorum
787 1693 1084 1730 memorabilium...
1116 1693 1366 1731 Bibliothecae

395 1759 548 1797 quoquc
577 1745 789 1783 Elector-alis
816 1744 1158 1792 Brandenburgicae
1190 1744 1364 1782 codicum

393 1811 487 1835 unus
506 1799 577 1835 huc
598 1798 692 1835 facit.
710 1797 820 1834 habet
840 1797 938 1833 enim
954 1825 964 1841 ‚
994 1797 1119 1833 Valerii
1131 1798 1239 1830 Max.
1255 1797 1367 1841 facio·

392 1864 464 1886 rum
485 1858 528 1885 (7¹
550 1848 708 1885 diciorum
726 1847 982 1884 memorabilium
994 1847 1076 1882 liber
1091 1847 1217 1894 primus
1236 1848 1366 1895 incipit.

396 1900 674 1938 VORSTIUS.
727 1898 843 1937 Recte
870 1898 966 1935 hanc
990 1898 1266 1946 inscriptionem
1286 1898 1367 1934 vin-

393 1951 561 1988 dicarunt
584 1951 738 1988 Colerus
758 1952 795 1988 ὃς
815 1949 980 1987 Vorstius
994 1950 1053 1993 ‚in
1073 1961 1145 1998 qua
1159 1949 1368 1997 conspirant

393 2015 526 2040 omnes
547 2003 652 2039 MSS.
672 2009 815 2050 praeter
833 2012 919 2043 eos,
947 2001 1010 2050 qui
1031 1999 1240 2048 simpliciter
1267 2000 1369 2037 exhi-

391 2054 503 2097 bent,
534 2055 665 2089 Valerii
685 2053 845 2089 Alaximi
865 2051 963 2088 Liber
984 2054 1119 2088 Primus
1140 2052 1268 2101 incipit.
1291 2062 1370 2088 cer-

391 2104 429 2142 te
449 2116 561 2154 quam
583 2103 683 2141 dedit
703 2103 808 2140 nobis
826 2102 972 2150 Pighius
985 2131 994 2146 ‚
1021 2101 1200 2151 nusquam
1213 2112 1367 2150 compa-

390 2164 455 2193 ret.
493 2154 625 2192 Codex
646 2154 776 2202 Copes.
795 2164 982 2202 praeterea
1002 2152 1103 2191 addit
1120 2151 1366 2201 domesticarum

389 2218 644 2256 (xlc-'rarumque
658 2216 822 2256 gelll'llssn.

442 2269 475 2307 3.
506 2256 604 2294 Urbis
623 2259 752 2306 Qmae
771 2267 1024 2304 exterarumque
1042 2251 1222 2304 gentiam]
1253 2252 1367 2291 Liber

389 2309 674 2356 manuscriptus,
702 2318 815 2356 quem
838 2305 942 2342 nobis
963 2305 1136 2353 praestitit
1146 2305 1364 2350 D.Jacobus

392 2358 511 2396 Susius
524 2388 532 2403 ‚
545 2360 599 2395 vir
618 2358 816 2395 omnifaria
836 2355 1045 2393 eruditione
1065 2366 1107 2391 ac
1125 2355 1259 2394 virtute
1273 2366 1365 2392 con-

384 2409 553 2458 spicuus,
580 2410 628 2446 ita
649 2407 1139 2455 exorditurpraefationem:
1168 2407 1290 2455 Populi
1301 2410 1364 2454 Ro-

390 2463 484 2496 mani
500 2472 689 2496 exterarum
716 2474 754 2494 ue
767 2460 918 2508 gentium
932 2458 1039 2502 fafla.
1084 2458 1193 2503 Quae
1212 2456 1365 2504 quidem

390 2511 502 2549 iedtio
522 2511 650 2560 placet.
734 2509 854 2557 roprie
873 2518 1036 2556 namque
1055 2506 1169 2553 magis
1188 2506 1364 2551 dicimus,

390 2563 489 2599 facta
509 2562 637 2611 populi
657 2560 821 2599 Romani
847 2570 960 2608 quam
979 2557 1074 2594 urbis
1093 2558 1253 2593 Romae.
1307 2557 1365 2594 Sic

396 2614 524 2650 Livius
544 2613 714 2650 historiae
731 2612 813 2648 suae
834 2608 990 2646 exordio
1009 2609 1080 2652 ait,
1112 2609 1152 2644 si
1181 2621 1231 2644 res
1262 2617 1366 2656 popu-

392 2666 421 2701 li
450 2666 597 2711 Qmani
624 2665 834 2712 perscripsero
856 2689 866 2705 ‚
903 2671 980 2696 non
1003 2688 1012 2704 ‚
1047 2662 1085 2695 Si
1114 2673 1165 2694 res
1186 2657 1276 2694 urbis
1298 2662 1366 2707 Ro-

395 2729 468 2750 mae
495 2716 715 2764 perfiripsero.
767 2714 815 2750 Et
837 2711 1014 2749 Sallustius
1041 2711 1078 2748 in
1097 2709 1298 2758 prooemio
1318 2709 1364 2746 de

395 2766 537 2814 conjur.
592 2765 782 2803 Catilinae.
807 2764 925 2800 statui
947 2776 997 2798 res
1017 2764 1130 2812 gestas
1153 2772 1229 2809 pop.
1262 2762 1360 2806 Rom.

387 2815 587 2866 perscribere
608 2844 618 2859 ,
654 2828 731 2853 non
745 2844 755 2860 ,
781 2814 874 2851 urbis
897 2816 1037 2855 Romae.
1087 2812 1112 2848 P
1128 2811 1188 2848 IG
1201 2810 1266 2848 HI
1283 2811 1316 2846 U
1331 2810 1363 2848 S.

393 2867 488 2903 Vrbis
508 2871 629 2916 Romae
647 2878 901 2914 exterarumque
920 2866 1074 2916 gentium
1094 2863 1204 2908 fafla.
1257 2862 1365 2899 Haec

395 2919 555 2955 omnino
573 2929 660 2954 vera
680 2916 790 2954 lectio
812 2918 858 2953 est
879 2916 1077 2952 verborum
1098 2912 1234 2950 Valerii
1248 2924 1363 2961 ‚quae

395 2971 567 3005 omnium
589 2969 705 3017 prima
721 2967 812 3004 sunt.
863 2967 1010 3013 Pighius
1030 2965 1161 3003 cumin
1181 2976 1256 3000 uno
1269 2976 1364 3012 quo-

396 3018 484 3056 dam
505 3019 585 3056 cod.
604 3017 809 3068 reperisset,
839 3018 956 3066 Populi
984 3017 1082 3064 Rom.
1112 3027 1364 3064 exterarumque

391 3072 544 3122 gentium
556 3072 649 3116 sacia
664 3100 674 3116 ,
696 3068 868 3109 audacter
885 3067 971 3106 illud
985 3067 1082 3105 Urbis
1092 3071 1212 3116 Romae
1224 3074 1365 3115 expun-

2276 567 2395 600 Tum·

1415 669 1491 711 xit,
1520 666 1559 704 &
1577 665 1751 704 substituit
1771 664 1893 716 Populi
1910 665 2075 716 Romani:
2102 666 2206 716 quod
2228 667 2322 706 &in
2349 677 2396 707 o-'

1416 718 1564 757 mnibus
1581 718 1661 766 post
1680 717 1852 765 Pighium
1880 718 2011 754 curatis
2034 717 2256 756 editionibus
2281 731 2394 768 appa-

1415 777 1480 805 ret.
1533 769 1679 805 Verum
1708 779 1787 805 non
1816 767 1969 805 dubium
2001 767 2071 811 est,
2107 769 2197 817 quin
2224 770 2395 809 Valerius

1414 818 1462 856 fic
1475 847 1485 864 ‚
1512 826 1554 855 ut
1572 817 1669 863 dixi,
1695 818 1881 868 scripserit.
1930 818 2060 855 Primo
2073 820 2172 856 enim
2184 830 2316 858 omnes
2328 833 2394 859 an·

1413 868 1593 921 tiquiores
1603 870 1699 918 typis
1711 870 1863 918 expreffi
1881 870 2030 907 codices
2041 869 2089 908 ita
2099 870 2248 908 habent.
2273 871 2393 910 Dein-

1415 921 1461 959 de
1480 919 1645 970 plerique
1663 932 1795 958 omnes
1815 920 1963 959 codices
1982 921 2089 958 MSS.
2099 921 2213 972 inque
2229 921 2283 960 his
2294 931 2396 962 uter-

1412 984 1486 1023 que
1510 971 1630 1010 codex
1651 971 1901 1010 Bibliothecae
1920 971 2126 1010 Brandenb.
2155 972 2314 1012 eandem
2340 974 2395 1012 le-

1414 1024 1581 1061 ctionem
1619 1022 1854 1062 confirmant.
1907 1023 2026 1073 Quod
2061 1035 2154 1061 unus
2190 1024 2274 1062 cod.
2302 1025 2396 1065 Sufii

1413 1075 1518 1112 aliter
1537 1074 1712 1119 haberet,
1739 1086 1818 1112 non
1837 1083 1895 1113 tot
1913 1075 2071 1113 aliorum
2092 1073 2201 1113 codd.
2228 1076 2318 1115 fides
2336 1089 2395 1115 re-

1414 1125 1586 1164 vocanda
1614 1128 1652 1163 in
1673 1125 1826 1163 dubium
1847 1134 1934 1163 erat.
1988 1127 2070 1163 Nec
2094 1126 2278 1176 sequitur,
2305 1130 2394 1178 quia

1416 1177 1546 1214 Livius
1575 1177 1614 1215 &
1640 1177 1700 1215 aiii
1717 1177 1898 1221 scribunt,
1925 1178 2042 1224 Populi
2069 1181 2162 1226 Rom.
2188 1193 2241 1215 res
2255 1184 2394 1229 gestae,

1415 1227 1503 1265 ideo
1524 1229 1562 1265 δε
1582 1228 1748 1266 nostrum
1767 1227 1816 1266 fic
1833 1225 2014 1277 scripsisse.
2053 1228 2138 1266 Imo
2159 1240 2229 1266 nec
2246 1241 2393 1270 novum

1417 1279 1466 1316 est
1487 1279 1682 1316 continens
1700 1292 1768 1329 pro
1789 1288 1971 1318 contento
1991 1280 2082 1328 poni
2101 1278 2145 1317 ab
2157 1279 2397 1321 Auctoribus.

1418 1328 1633 1380 Reputaffet
1654 1330 1779 1368 saltem
1789 1331 1936 1380 Pighius
1949 1359 1958 1375 ,
1986 1343 2099 1381 quam
2115 1331 2268 1370 solenne
2277 1332 2319 1370 fit
2328 1333 2395 1383 ipfi

1414 1383 1539 1420 nostro
1557 1381 1673 1419 Urbem
1693 1385 1720 1420 R
1733 1397 1884 1419 amanam
1903 1394 1971 1431 pro
1990 1382 2134 1432 populo
2145 1384 2259 1421 Rom.
2275 1395 2397 1433 pone-

1415 1446 1466 1471 re.
1518 1434 1574 1471 Ut
1595 1433 1701 1471 initio
1718 1433 1778 1471 lib.
1803 1447 1858 1472 11.
1902 1436 1986 1470 Tam
2004 1438 2133 1482 nostrae
2150 1435 2270 1479 Urbis,
2293 1450 2398 1486 quam

1414 1496 1595 1523 ceterarum
1613 1487 1768 1537 gentium
1781 1487 1899 1535 priscis
1925 1499 1963 1522 ac
1979 1484 2246 1523 memorabilibus
2261 1487 2400 1535 institu-

1416 1538 1474 1574 tis.
1526 1537 1575 1575 Et
1601 1550 1655 1575 11.
1677 1548 1712 1583 7,
1732 1537 1767 1574 6.
1795 1539 1923 1584 Nostra
1947 1536 2029 1573 Urbs
2057 1538 2145 1574 omni
2158 1551 2280 1588 genere
2306 1539 2398 1578 miri-

1405 1589 1546 1637 ficorum
1563 1591 1704 1637 exempl.
1722 1588 1828 1625 orbem
1847 1599 1928 1625 terr.
1949 1589 2031 1638 repl¹
2068 1588 2116 1626 Et
2133 1601 2186 1626 IV.
2207 1600 2239 1635 7.
2269 1597 2343 1627 ext.
2367 1603 2398 1628 1.

1418 1643 1594 1690 [Quamne
1612 1639 1709 1676 Urbis
1729 1639 1860 1677 candor.
1888 1639 1937 1676 Et
1956 1651 2008 1676 IV.
2030 1638 2067 1683 8,
2087 1652 2120 1686 4.
2147 1639 2244 1676 Urbis
2267 1644 2398 1688 nostrae

1415 1692 1600 1738 imperium.
1644 1691 1693 1727 Et
1714 1703 1749 1728 v.
1771 1703 1804 1741 3.
1825 1704 1858 1728 2.
1912 1689 2108 1727 Vindiflam
2136 1691 2265 1741 ingrati
2289 1693 2399 1729 animi

1420 1741 1503 1778 Urbs
1523 1745 1633 1792 Roma
1644 1742 1765 1789 senfit.
1820 1742 1914 1790 Quis
1932 1742 2042 1791 igitur
2059 1742 2214 1791 amplius
2233 1742 2398 1789 dubitet,

1416 1792 1524 1830 initio
1544 1804 1697 1843 quoque
1718 1793 1838 1841 operis
1857 1792 2052 1830 Valerium
2071 1792 2119 1830 fic
2144 1792 2299 1832 scribere
2325 1806 2398 1832 vo-

1416 1842 1518 1881 luiffe
1532 1843 1547 1880 ?
1576 1844 1612 1879 V
1625 1845 1661 1881 O
1674 1845 1707 1881 R
1721 1844 1742 1880 S
1756 1845 1805 1882 T.
1861 1845 1960 1881 Urbis
1978 1846 2108 1894 Romae
2125 1843 2263 1883 habent
2283 1845 2397 1883 etiam

1418 1907 1552 1932 omnes
1580 1894 1687 1932 MSS.
1717 1895 1852 1940 nostri,
1879 1895 1905 1932 fi
1931 1907 2050 1933 unum
2071 1896 2228 1944 excipias
2247 1897 2400 1946 Diony-

1418 1945 1559 1984 sianum
1582 1946 1830 1991 Remensem,
1859 1947 1921 1996 qui
1939 1945 2071 1991 habet,
2101 1948 2223 1996 Populi
2243 1950 2400 1998 Romani,

1417 1996 1478 2035 sed
1505 1998 1603 2046 prius
1631 1998 1742 2035 etiam
1772 1996 1899 2035 Gudio
1927 1997 2125 2045 probatum
2153 1995 2282 2042 fuisse,
2309 1998 2398 2036 inde

1419 2048 1556 2097 colligo
1569 2077 1579 2093 ,
1608 2048 1711 2098 quod
1737 2057 1882 2097 praeter
1922 2048 2093 2096 exempla
2128 2047 2234 2085 allata
2270 2047 2404 2086 adscri-

1417 2101 1535 2148 pserat
1562 2100 1719 2148 margini
1744 2100 1824 2137 libri
1849 2099 1913 2137 sui.
1966 2098 2065 2136 Vide
2101 2098 2146 2135 L.
2170 2111 2199 2136 1.
2230 2099 2272 2136 C.
2304 2099 2337 2136 8.
2364 2112 2400 2138 2.

1421 2151 1466 2188 L.
1486 2163 1530 2188 11.
1550 2163 1584 2188 2.
1610 2163 1644 2188 2.
1675 2152 1719 2188 L.
1747 2163 1817 2188 vix.
1846 2150 1879 2187 6.
1906 2149 1985 2188 init.
2013 2161 2084 2187 tum
2101 2149 2213 2187 urbem
2231 2152 2398 2198 nostram,

1418 2213 1489 2239 tum
1506 2203 1609 2238 etiam
1625 2213 1758 2239 exteras
1771 2211 1903 2254 gentes.

1468 2266 1501 2301 4
1528 2253 1606 2293 Ab
1622 2253 1810 2300 illustribus
1829 2252 1933 2289 elefla
1952 2251 2141 2290 auam-ibus
2158 2250 2302 2303 deligere
2326 2267 2401 2290 con·

1408 2303 1538 2352 stimi]
1570 2305 1612 2341 In
1632 2304 1686 2341 his
1705 2304 1837 2348 Notis,
1866 2305 1936 2340 Vir
1952 2305 2073 2341 amice
2091 2303 2218 2351 Pighi‚
2244 2303 2334 2342 scire
2359 2313 2398 2343 te

1418 2355 1458 2390 ὃς
1477 2354 1565 2391 alios
1586 2354 1676 2391 volo
1698 2353 1828 2401 quibus
1849 2354 1990 2392 auxiliis
2017 2353 2083 2392 fim
2111 2354 2203 2392 usus,
2254 2354 2315 2392 Ab
2340 2355 2399 2393 in-

1416 2405 1529 2452 genio
1549 2404 1674 2442 nostro
1693 2405 1868 2454 pleraque
1888 2403 1960 2441 effe
1982 2406 2123 2442 fateor:
2152 2404 2257 2453 quod
2268 2413 2396 2443 tamen

1416 2455 1522 2504 saepe
1540 2457 1579 2492 in
1598 2455 1698 2492 viam
1718 2455 1797 2492 veri
1816 2454 1999 2492 duxerunt
2015 2455 2106 2492 libri.
2161 2455 2191 2492 Ii
2209 2455 2302 2493 mihi
2323 2456 2397 2495 bini

1419 2506 1673 2554 manuscripti:
1703 2517 1797 2554 quos
1817 2504 2025 2554 Ultrajeeto
2046 2505 2205 2554 benigne
2226 2515 2400 2545 curarunt

1419 2557 1501 2593 Viri
1513 2556 1704 2594 Clariffimi
1718 2555 1940 2593 Lambertus
1952 2557 1990 2594 ὃς
2002 2556 2212 2595 Hadrianus
2224 2558 2398 2596 Vander-

1417 2606 1558 2645 burchii
1572 2637 1581 2652 ,
1609 2607 1790 2644 eximium
1808 2618 1873 2655 par
1894 2607 2047 2645 fratrum
2060 2636 2070 2653 ‚
2097 2607 2200 2646 docti
2217 2607 2282 2656 ipfi
2302 2609 2396 2648 &in

1419 2657 1550 2695 doctos
1567 2658 1675 2696 valde
1692 2657 1812 2706 proni.
1838 2657 2032 2695 Praeterea
2051 2667 2193 2697 veteres
2213 2658 2396 2698 editiones

1417 2709 1660 2757 inspeximus:
1689 2720 1777 2758 quas
1794 2709 1854 2745 hic
1875 2710 1960 2746 &in
1972 2709 2047 2746 aliis
2058 2708 2255 2758 scriptorib.
2277 2709 2396 2748 nihilo

1418 2759 1618 2796 deteriores
1640 2759 1849 2797 invenimus
1869 2760 2130 2809 manuscriptis.
2174 2760 2241 2798 Tu
2258 2759 2396 2812 aliique

1418 2809 1439 2848 ὲ
1458 2810 1569 2859 reipsa
1587 2809 1816 2859 judicabitis,

1470 2866 1580 2909 Opera
1595 2860 1684 2897 nobis
1704 2861 1780 2897 baec
1798 2862 1910 2898 inanis
1924 2875 1989 2904 ,an
2007 2862 2043 2896 in
2061 2875 2082 2895 u
2101 2875 2154 2897 um
2172 2860 2318 2911 impenfit
2328 2865 2397 2910 fit)

1417 2912 1481 2951 Ad
1499 2913 1599 2949 illam
1621 2913 1718 2949 enim
1740 2924 1810 2961 ego
1822 2911 1976 2950 transeo.
2029 2911 2206 2959 Displicet
2224 2914 2395 2960 gemina·

1415 2964 1470 3001 tio
1484 2991 1494 3007 ,
1521 2964 1633 3000 Elefla
1652 2963 1806 3014 deligere.
1860 2963 2022 2999 Scribam
2044 2960 2178 3000 omisso
2207 2965 2322 3002 verbo
2344 2965 2395 3002 al-

1415 3022 1497 3052 tero
1510 3014 1602 3058 ,ιΛῘν
1621 3014 1804 3061 illustribus
1822 3012 1981 3049 auc‘lorib.
2003 3012 2155 3063 deligere.
2185 3015 2393 3054 LIPSIUS.

1416 3064 1492 3106 „Ab
1508 3064 1694 3115 illustribus
1721 3066 1824 3102 elec‘la
1850 3063 2037 3102 aufloribus
2054 3065 2198 3116 deligere
2216 3067 2393 3114 constitui,

2296 3117 2389 3155 Non
