2516 3509
295 120 401 179 DE
440 113 795 178 MATRIM.
832 110 1047 171 RITU
1083 109 1190 169 ET
1231 109 1631 171 NECESSIT.
1683 109 1943 171 OFFlC.
2025 133 2127 191 119

184 228 204 258 ⁸
221 225 364 292 Apud
380 224 589 287 antiquos
623 226 644 256 ⁹
665 236 761 267 non
780 217 925 266 solum
956 216 1166 282 publice,
1201 214 1273 264 sed
1300 217 1437 264 etiam
1472 216 1687 280 privatim
1712 215 1828 263 nihil
1857 215 2124 281 gerebatur,
2145 269 2185 302 C,
2223 229 2269 300 τὰ.
2296 266 2305 274 ,
2341 268 2343 271 γ

124 319 165 341 ¹⁰
181 309 264 358 nisi
287 305 487 370 auspicio
517 303 642 368 prius
669 300 877 364 sumpto:
914 315 1008 363 quo
1037 314 1095 346 ex
1118 314 1246 346 more
1265 298 1438 363 nuptiis
1477 303 1511 323 ¹¹
1542 297 1679 344 etiam
1703 314 1827 344 nunc
1867 304 1906 325 ¹²
1930 297 2126 362 auspices
2149 277 2342 349 1.¹{'6.s‘{}¹3.

120 392 486 453 interponuntur.
554 381 655 443 Qii
676 380 881 445 quamvis
898 376 1091 443 auspicia
1114 391 1268 443 petere
1283 376 1522 435 desierint,
1559 374 1656 438 ipso
1674 388 1827 422 tamen
1846 378 2032 424 nomine
2049 393 2125 425 ve·
2145 363 2175 395 P·
2199 364 2273 388 ²⁰⁰⁰

120 470 225 518 teris
247 461 584 514 consuetudinis
624 469 661 496 ¹³
685 459 875 524 vestigia
893 458 1124 524 usurpant.

187 556 226 584 ¹⁴
247 547 461 596 Feminae
479 560 588 591 cum
604 542 710 590 viris
731 540 1002 589 cubantibus
1025 539 1225 586 sedentes
1254 535 1576 584 coenitabant:
1614 548 1729 597 quae
1759 532 2039 583 consuetudo
2069 555 2126 585 ex
2225 549 2261 598 22

113 629 358 678 hominum
386 623 604 671 convitstu
633 622 688 669 ad
721 621 873 669 divina
891 618 1156 685 penetravit.
1192 632 1296 663 nam
1336 623 1371 653 '5
1388 615 1517 676 Jovis
1538 613 1677 678 epulo
1698 612 1788 677 ipse
1809 614 1855 659 in
1878 613 2123 677 lectulum,

115 708 241 771 Juno
260 706 310 755 δί
331 705 547 755 Minerva
563 704 612 750 in
628 701 772 763 sellas,
806 700 864 750 ad
881 715 1073 748 coenam
1090 697 1357 747 invitantur.
1420 693 1567 756 Qod
1589 709 1732 759 genus
1750 692 1994 741 severitatis
2014 708 2132 741 aetas

174 899 210 937 6.
237 897 305 935 Sub
324 897 442 947 optimo
459 894 624 944 principe]
640 893 796 932 Tiberio
817 898 906 940 puta
919 903 931 932 ;
956 890 1015 926 cui
1036 900 1101 937 per

125 957 252 988 totum
276 960 367 997 opus
390 945 566 985 adulatur.
593 943 788 983 VORST.
886 990 890 995 Δ
1014 988 1019 995 .

177 1012 211 1048 7.
223 1006 267 1037 Ut
284 1013 390 1036 eorum
409 1009 536 1047 quoque
551 996 710 1044 respec‘lus
723 987 950 1040 praesenttbus
969 986 1104 1039 aliquid

125 1052 266 1089 moribus
279 1047 401 1099 prosit]
429 1045 536 1083 MSS.
558 1046 634 1082 hoc
656 1042 797 1080 ordine.
832 1040 1013 1090 Respebius
1034 1041 1102 1075 ali-

124 1100 207 1153 quid
217 1097 453 1151 praesentibus.
483 1097 526 1134 In
549 1107 626 1133 uno
650 1095 761 1132 Rem.
782 1093 909 1143 aliquis
924 1119 935 1137 ‚
961 1091 1001 1128 in
1023 1101 1101 1128 uno

128 1152 260 1200 UltraJ.
277 1146 425 1198 aliquod.

1982 773 2133 821 nostra

1207 900 1264 937 13.
1293 888 1446 937 Vestigia
1473 887 1651 937 usrarpam]
1691 888 1810 926 Moris
1842 888 1880 926 δε
1912 889 2136 929 cerimonia-

1155 947 1238 974 rum
1269 946 1441 975 veterum
1483 938 1694 985 negieetum
1728 938 1924 986 exprobrat
1953 943 2135 980 Romanis

1155 987 1284 1025 diserta
1322 988 1495 1026 oratione
1525 988 1713 1026 Arnobius
1744 988 1804 1025 lib.
1837 1002 1880 1026 11.
1914 990 2134 1030 Prudentius

1155 1046 1284 1077 contra
1314 1039 1530 1089 Syminacli.
1562 1039 1621 1076 lib.
1653 1052 1697 1077 11.
1749 1040 1798 1077 Et
1821 1039 1957 1078 eodem
1978 1041 2016 1079 id
2038 1043 2134 1080 Var-

1155 1091 1256 1128 ronis
1278 1090 1459 1129 direeium
1481 1090 1579 1140 apud
1601 1091 1899 1129 NoniumzHaec
1913 1096 2022 1129 Numa
2033 1096 2134 1130 Pom-

1150 1143 1257 1190 pilius
1268 1142 1349 1190 fieri
1358 1142 1392 1191 fi
1408 1139 1533 1180 viderit
1549 1170 1560 1187 ‚
1580 1144 1663 1190 ftiet
1686 1145 1821 1191 suorum
1838 1144 2062 1191 institutorum
2079 1160 2136 1182 nec

176 1203 210 1239 8,
237 1198 357 1250 ιΛ-ριιιί
383 1197 558 1249 antiquos]
600 1197 659 1235 Sic
690 1194 790 1233 reete
823 1192 912 1231 dicit
935 1190 1103 1237 Aud'tom
1155 1195 1271 1230 volam
1290 1208 1346 1230 nec
1366 1196 1540 1244 ‘vestigius-
1573 1196 1711 1242 exstare.
1740 1193 1933 1232 COLER.
1985 1198 2054 1245 Ipsb
2076 1211 2136 1233 no-

130 1261 218 1291 nam
237 1253 317 1302 jam
339 1258 510 1299 tempore
532 1249 640 1299 ipsius
659 1248 773 1285 etiam
805 1245 849 1301 in·
866 1243 1020 1293 publicis
1041 1256 1108 1281 ne-

126 1304 237 1352 gotiis
268 1303 373 1351 saepe
407 1302 534 1349 imago
567 1307 713 1338 tantum
738 1296 1000 1345 Auspiciorum
1021 1296 1107 1332 reti-

129 1354 294 1392 nebatur.
347 1354 400 1389 Ut
420 1352 458 1389 in
478 1350 742 1403 Magistratibus
763 1345 1022 1396 inaugurandis
1045 1346 1113 1385 do-

130 1413 190 1442 cet
215 1405 329 1442 Dion.
349 1402 433 1441 Hal.
457 1415 492 1453 p.
515 1404 574 1440 81.

181 1469 216 1505 9.
245 1457 325 1491 Non
341 1457 450 1503 solum
471 1455 600 1503 publice
625 1451 684 1501 sed
705 1460 750 1489 Ο·
773 1448 961 1501 privatim]
1000 1448 1043 1487 Id
1065 1449 1114 1487 est

132 1519 211 1544 non
233 1505 350 1544 solum
374 1507 531 1543 nomine
552 1504 680 1553 populi
703 1505 740 1541 ὃς
767 1502 873 1551 Reip.
900 1501 962 1538 sed
985 1501 1023 1538 &
1045 1500 1115 1537 fin-

132 1558 305 1607 guloruin
327 1557 495 1593 nomine.
549 1557 677 1603 Nepos
711 1565 778 1590 xxx.
803 1566 836 1589 2.
860 1565 893 1590 2.
924 1551 1056 1588 Publice
1073 1551 1115 1587 ab

131 1607 405 1654 „Atheniensibus
418 1611 594 1657 Evagorae
614 1603 747 1653 adjutor
766 1603 864 1640 datus
885 1606 927 1651 est
939 1603 1117 1639 Chabrias.

134 1658 260 1701 Idem,
274 1657 409 1693 Publice
429 1656 563 1706 efferre,
592 1656 719 1705 publice
728 1657 866 1704 sepelire
878 1682 887 1698 ,
917 1653 1044 1702 publice
1062 1654 1120 1690 lio—

131 1725 224 1747 nores
249 1708 385 1752 habere,
410 1708 537 1757 publice
569 1710 684 1743 lucras
716 1719 856 1743 mittere.
908 1704 1009 1742 Vide
1034 1704 1114 1743 Ind.

135 1760 306 1810 Nepotis.
333 1759 529 1797 VORST.

186 1825 242 1850 10.
254 1811 333 1859 Nifi
348 1812 491 1858 auspicio
509 1811 603 1860 prius
616 1807 764 1859 fitmpto]
797 1807 911 1856 Supra
932 1806 1112 1856 auspitium

129 1872 265 1912 capere,
292 1863 470 1911 auspicium
484 1872 605 1910 petere.
644 1861 788 1898 Servius
810 1858 856 1896 ad
880 1871 909 1896 Ι.
933 1858 1030 1895 Aen.
1052 1863 1113 1894 Se-

131 1912 270 1950 cundum
292 1916 460 1962 Romanos
491 1915 617 1948 locutus
638 1915 705 1959 est,
732 1913 790 1961 qui
812 1912 863 1946 m'l
882 1909 944 1957 n-ifi
968 1912 1113 1958 captatis

133 1967 285 2016 auguriis
298 1963 490 2011 faciebant,
513 1972 557 1999 (φ’
575 1966 747 2011 praesipue
764 1960 1111 2011 nupti.zs.VORST.

188 2029 243 2052 11.
279 2013 503 2063 Etiamnunc]
556 2014 614 2051 Sic
660 2013 795 2050 restitui
834 2010 1042 2060 jubentibus
1074 2012 1114 2048 &

134 2065 271 2113 scriptis
294 2066 332 2102 ὃς
355 2065 471 2103 Editis
494 2077 561 2113 pro
586 2066 799 2108 Etiamnum,
827 2062 931 2113 quod
963 2061 1114 2099 dederat

135 2116 239 2164 Pigh.
264 2115 364 2152 Vide
386 2116 593 2153 Heraldum
609 2143 618 2159 ,
640 2114 833 2153 Davisium
857 2115 896 2151 ὅ(
917 2113 948 2161 J.
962 2113 1115 2151 Grono-

138 2166 244 2203 vium
266 2164 313 2202 ad
333 2167 428 2203 Min.
449 2166 523 2204 Fel.
547 2167 638 2215 Cap.
665 2180 695 2204 1.
720 2166 799 2204 Cic.
823 2165 869 2202 L.
897 2176 928 2202 1.
959 2163 1006 2201 de
1027 2164 1116 2202 Div.

140 2216 197 2255 16.
225 2213 321 2263 Quod
343 2219 444 2252 etiam
473 2231 556 2252 num
581 2219 774 2265 nuptiarum
803 2216 977 2264 &suspices
1009 2214 1118 2251 decla-

134 2278 228 2304 rant.
282 2265 382 2302 Infra
402 2267 448 2302 L.
470 2279 513 2303 11.
537 2279 571 2315 9.
593 2267 626 2302 6.
650 2268 696 2303 L.
716 2279 768 2303 1v.
794 2277 826 2314 3.
849 2266 933 2302 Ext.
962 2278 992 2302 1.

195 2330 251 2355 η.
277 2315 472 2365 nuspiam]
503 2316 647 2352 Servius
676 2315 723 2352 ad
756 2328 786 2352 1.
811 2313 970 2350 Aeneid.
997 2317 1119 2348 Secun-

140 2367 220 2404 dum
237 2370 404 2414 Romanos
424 2369 548 2402 locutus
567 2368 611 2412 est·
625 2393 635 2408 ,
661 2365 720 2414 qui
740 2366 791 2400 nil
809 2364 872 2411 nist
898 2364 1041 2412 captatis
1057 2376 1120 2398 au-

165 2422 248 2455 uriis
260 2416 450 2464 faciebant,
463 2425 509 2452 v*
527 2418 699 2466 praecipue
719 2417 864 2464 nuptias.
878 2412 1036 2452 Tertull.
1055 2425 1120 2450 ex-

135 2433 277 2508 {Ortat
309 2468 356 2506 ad
389 2467 511 2504 Castit.
539 2468 763 2516 Monogamia
791 2462 880 2515 apud
905 2464 1059 2501 Etlmicos
1085 2466 1122 2500 in

131 2523 263 2571 fiaemmo
284 2518 401 2556 bonore
419 2521 463 2566 est
477 2546 487 2562 ,
505 2529 544 2554 ut
559 2527 605 2553 ΕΤ
627 2516 816 2566 virginibus
835 2517 982 2566 legitime
999 2514 1124 2552 nuben-

143 2572 232 2609 tibus
250 2573 388 2608 univira
410 2569 559 2618 pronuba
577 2565 792 2611 adhibeatur,
819 2568 878 2615 etfi
901 2568 1025 2616 auspici
1055 2568 1123 2603 im'-

143 2625 240 2661 tium.
279 2621 472 2659 COLER.
533 2620 637 2657 Hinc
652 2620 847 2667 aruspicum
879 2617 1025 2656 mentio
1058 2629 1124 2655 oc-

147 2675 259 2711 currit
289 2673 402 2709 etiam
434 2671 472 2708 in
502 2670 637 2719 nuptiis
658 2668 874 2708 Messalinae
900 2680 987 2707 cum
1021 2667 1121 2708 SiliO.

147 2724 246 2762 Suet.
276 2723 315 2760 in
349 2722 507 2760 Claudio
540 2722 582 2759 C.
605 2721 665 2758 26.
691 2724 806 2767 ,Quam
830 2735 901 2756 cum
927 2719 1122 2770 cumperiffi't

134 2778 241 2824 super
255 2785 360 2810 cetera
370 2775 511 2823 flagitia
528 2785 630 2823 atque
647 2770 800 2808 dedecora
811 2798 821 2815 ,
841 2774 880 2809 C.
892 2773 978 2808 Silio
995 2771 1124 2821 nupsis-

136 2828 199 2875 se,
224 2824 298 2862 dore
313 2828 399 2861 inter
419 2827 594 2873 Auspice<
616 2824 802 2873 consignata
815 2850 826 2867 ,
852 2823 1013 2873 fhpplicio
1030 2821 1121 2872 aff}-

146 2880 201 2913 sit.
249 2875 299 2913 Et
316 2876 390 2912 huc
410 2875 572 2924 spec'tant
590 2874 648 2911 illa
670 2874 768 2911 Livii
787 2875 833 2911 L.
854 2885 947 2911 nn.
975 2885 1029 2912 12..
1056 2877 1117 2910 Ce-

145 2926 292 2963 lebratas
311 2926 368 2973 effi’
388 2929 544 2976 utrasque
562 2927 695 2975 nuptias
720 2926 973 2976 gratulatione,
1008 2922 1118 2973 donis-

144 2991 208 3028 que
229 2977 518 3014 innumerabilium
538 2979 760 3024 legationum,
787 2984 832 3011 Ψ
859 2977 955 3012 velut
977 2978 1118 3026 Auspi-

147 3029 235 3069 sibus
255 3026 456 3078 mbiliffimis
481 3018 613 3081 popu‘lis
638 3026 792 3067 deductas
812 3025 881 3079 effi.
906 3026 1071 3068 PERIZ.

1156 1248 1243 1280 mine
1262 1246 1385 1281 veteris
1405 1246 1545 1293 consuet.
1565 1246 1709 1294 ’vestigia
1727 1247 1896 1294 usurpant.
1932 1246 2052 1295 Quod
2070 1259 2140 1285 nu-

1164 1296 1247 1344 ptiis
1278 1298 1423 1345 auspices
1453 1295 1741 1341 adhibebantur,
1769 1296 1939 1345 quamvis
1961 1309 2040 1335 non
2062 1309 2144 1335 am-

1166 1347 1260 1396 plius
1284 1347 1440 1396 auspicia
1472 1354 1701 1396 caperentur.
1754 1347 1874 1384 Moris
1901 1349 2146 1386 caerimonia·-

1168 1409 1328 1447 rumque
1359 1405 1532 1436 veterum
1565 1397 1777 1446 neglezf'tum
1800 1398 1982 1436 Romanis
2015 1411 2152 1448 expro-

1166 1449 1273 1486 brant
1305 1448 1496 1487 Arnobius
1524 1447 1584 1486 lib.
1618 1460 1664 1486 11.
1697 1449 1735 1485 ὃς
1756 1447 1974 1487 Prudentius
2005 1448 2028 1486 l.
2050 1462 2093 1487 11.
2117 1462 2152 1488 c.

1169 1501 1315 1549 Syinin.
1336 1500 1537 1548 Praecipue
1558 1499 1632 1537 huc
1655 1499 1814 1548 pertinet
1845 1498 1933 1536 illud
1959 1500 2153 1540 Ciceronis

1174 1565 1202 1590 Ι.
1228 1551 1274 1588 de
1298 1551 1387 1589 DiV.
1417 1552 1518 1587 Nihil
1532 1553 1606 1597 fere
1627 1548 1793 1600 quondam
1825 1551 1963 1595 majoris
1985 1553 2032 1588 rei
2054 1554 2153 1589 inau-

1158 1604 1312 1652 spicato,
1340 1617 1380 1639 ne
1406 1604 1577 1652 privatim
1608 1599 1764 1651 quidem,
1814 1600 1985 1638 crebatur:
2013 1601 2100 1652 quod
2120 1618 2155 1638 e-

1169 1657 1338 1690 tiamnunc
1368 1656 1562 1703 nuptiarum
1602 1654 1746 1702 auspices
1779 1615 1952 1689 ffetlarant
1974 1681 1985 1697 ,
2032 1656 2091 1703 qui
2121 1670 2158 1691 re

1166 1705 1278 1753 omiffa
1299 1719 1419 1741 nomen
1439 1715 1572 1740 tantum
1594 1714 1715 1740 tenent.
1743 1703 1938 1742 VORST.
1992 1704 2154 1743 Videtur

1164 1759 1328 1806 usurpant
1350 1755 1388 1791 in
1411 1754 1626 1793 Brand.suis
1650 1753 1828 1793 invenisse
1850 1754 2018 1793 Vorstius
2034 1768 2157 1806 ‚quo-2

1167 1808 1268 1844 niam
1300 1805 1393 1843 nihil
1425 1805 1471 1843 de
1494 1806 1536 1843 iis
1559 1813 1715 1849 monet,
1745 1807 1783 1844 ὃς
1806 1805 1853 1843 fic
1876 1817 2029 1856 quoque
2052 1816 2152 1844 uter-¹

1166 1870 1240 1908 que
1261 1856 1394 1906 Ultraj.
1417 1858 1456 1896 &
1488 1855 1641 1907 quidam
1674 1857 1756 1900 alii;
1784 1857 1822 1895 in
1855 1856 2070 1907 quindecim
2092 1866 2148 1896 ta—

1167 1920 1257 1998 ngen
1289 1908 1402 1946 exstat
1431 1909 1634 1958 usurpantur
1656 1936 1668 1952 ‚
1705 1908 1811 1959 quod
1842 1908 1890 1946 est
1917 1908 1956 1945 in
1989 1909 2147 1960 antiquis

1167 1972 1186 1997 e
1216 1960 1249 1998 d.

1219 2023 1273 2058 14.
1302 2011 1453 2047 Feminae
1470 2024 1541 2046 cum
1558 2010 1644 2047 viris
1664 2008 1857 2047 cubantibus
1871 2009 2019 2058 sedentes
2040 2013 2148 2047 coeni-

1164 2061 1301 2111 tabant]
1332 2062 1393 2099 De
1414 2061 1489 2098 hoc
1512 2073 1620 2099 inore
1640 2060 1819 2098 videndus
1838 2062 1887 2098 est
1899 2061 1995 2110 Lips.
2008 2061 2054 2099 ad
2066 2063 2147 2100 Ta-

1168 2113 1228 2150 cit.
1252 2114 1298 2150 L.
1319 2125 1378 2151 xx.
1401 2112 1502 2149 Anii.
1527 2126 1560 2150 2.
1585 2111 1692 2150 Idem
1716 2111 1877 2150 obtinuit
1900 2113 2012 2150 etiam
2045 2114 2083 2150 in
2102 2113 2147 2150 li-

1166 2163 1272 2202 beris.
1311 2164 1410 2202 Suet.
1432 2163 1471 2200 in
1493 2163 1622 2201 Claud.
1648 2163 1691 2200 C.
1715 2175 1773 2213 32..
1798 2162 2044 2201 PERIZON.
2071 2164 2150 2201 Ac—

1170 2215 1378 2252 cubuerunt
1408 2214 1523 2250 etiam
1555 2215 1593 2250 in
1629 2224 1748 2252 coena
1781 2214 1929 2251 Metelli
1960 2214 2152 2253 Pontificis

1169 2265 1332 2301 Maximi
1362 2263 1505 2311 Popilia
1536 2288 1547 2304 ,
1580 2264 1838 2312 Perpennina,
1877 2265 2048 2309 Licinia,
2084 2267 2155 2303 Ara

1171 2313 1292 2350 runtia
1313 2313 1486 2361 Virgines
1505 2312 1669 2350 Vestales
1684 2341 1695 2358 ,
1724 2315 1763 2352 δε
1784 2327 1880 2352 uxor
1903 2315 2009 2364 ipsius
2031 2317 2152 2354 Publi-

1172 2363 1227 2401 cia
1248 2362 1453 2409 Flaminia,
1481 2364 1520 2401 δε
1543 2363 1763 2413 Sempronia
1794 2365 1916 2403 socrus
1949 2367 2035 2415 ejus.
2071 2368 2154 2405 Ma-

1174 2414 1274 2451 crob.
1308 2414 1355 2452 L.
1387 2426 1433 2451 11.
1469 2412 1540 2451 Sat.
1565 2428 1600 2463 9.
1647 2414 1721 2453 Sed
1761 2416 1860 2464 apud
1891 2417 2153 2467 antiquiffiinos

1175 2465 1373 2504 Romanos
1394 2463 1460 2513 ipfi
1482 2465 1595 2503 etiam
1627 2465 1698 2503 viri
1724 2465 1890 2506 sedentes
1923 2469 2150 2511 coenabant,

1174 2523 1216 2554 ut
1247 2515 1362 2554 docet
1382 2514 1551 2553 Andreas
1573 2515 1726 2554 Baccius
1758 2517 1804 2555 de
1827 2519 2019 2556 Conviviis
2039 2518 2148 2555 Anti«

1175 2577 1339 2615 quorum
1368 2566 1415 2605 L.
1437 2579 1482 2604 11.
1502 2578 1536 2604 2.
1565 2567 1741 2605 Similiter
1773 2570 1811 2607 δε
1844 2569 1939 2618 apud
1973 2569 2149 2608 Graecos⁸

1175 2617 1275 2656 Vide
1297 2618 1409 2656 Ever.
1431 2617 1564 2656 Feithii
1585 2619 1675 2657 Ant.
1697 2620 1816 2657 Hom.
1832 2622 1876 2657 L.
1899 2632 1957 2656 111.
1983 2631 2012 2666 ς.
2046 2618 2148 2657 Vide

1176 2669 1216 2707 &
1237 2669 1381 2707 Aldum
1399 2669 1616 2708 Manutium
1639 2670 1758 2720 quaes.
1781 2682 1847 2719 per
1868 2670 1973 2719 Epist.
1989 2669 2040 2713 L.
2057 2682 2086 2707 1.
2110 2681 2148 2720 q.

1173 2731 1208 2768 4.
1230 2733 1265 2770 p.
1286 2733 1369 2771 199.
1393 2720 1444 2759 T.
1466 2733 1499 2767 4.
1523 2720 1635 2759 Thes.
1657 2722 1745 2758 Crit.

1228 2785 1283 2820 15.
1311 2771 1420 2817 Jovis
1440 2773 1533 2822 epulo
1565 2774 1631 2822 ipse
1661 2774 1697 2808 in
1717 2767 1887 2818 leHulum]
1919 2770 2147 2820 Hujusmodi

1172 2822 1271 2869 epuli
1292 2823 1527 2861 mentionem
1552 2823 1639 2860 facit
1656 2820 1803 2858 subinde
1827 2821 1966 2858 Livius.
1999 2822 2054 2858 Ut
2074 2821 2094 2857 l.
2110 2833 2145 2859 v.

1169 2871 1259 2909 Ludi
1274 2873 1395 2923 plebeji
1411 2883 1471 2924 per
1490 2872 1624 2910 biduum
1644 2873 1843 2920 instaurati,
1871 2880 1916 2908 (φ
1939 2871 2044 2917 Jovis
2066 2881 2144 2919 epu«

1169 2925 1238 2959 lum
1253 2926 1326 2970 fuit
1345 2924 1495 2962 ludorum
1514 2923 1631 2972 cauffst.
1684 2923 1890 2961 Institutum
1923 2931 2046 2958 autem
2069 2923 2140 2960 fuit

1169 2974 1207 3011 in
1238 2974 1449 3024 Capitolio:
1477 2983 1518 3013 ut
1549 2974 1609 3013 vel
1637 2985 1683 3011 ex
1714 2974 1832 3012 verbis
1852 2972 2012 3016 Valerii,
2040 2984 2138 3021 quae

1171 3037 1264 3065 mox
1292 3026 1514 3081 sequuntur,
1548 3025 1669 3076 colligi
1687 3025 1831 3078 potest,
1858 3023 2033 3063 Ceterum
2061 3023 2139 3061 aliis

2048 3085 2143 3127 quon
