2516 3509
101 248 284 284 mortua
301 231 525 291 Caecilia,
559 230 784 295 virginem
801 263 816 290 ,
851 230 908 279 de
928 249 1014 298 qua
1027 232 1220 298 loquor,
1256 236 1304 282 in
1321 219 1663 283 matrimonium
1685 236 1832 284 duxit.

170 313 291 371 ³⁷¹‚C.
309 324 462 359 autem
484 311 639 358 Mario
659 308 910 357 observatio
945 312 1106 358 ominis
1127 311 1432 376 proculdubio
1452 311 1579 358 saluti
1607 313 1723 372 fuit,
1759 331 1851 378 quo
1881 327 2094 380 tempore
2169 335 2229 383 *4*-

103 394 243 442 hostis
268 392 294 440 a
311 391 463 440 senatu
481 390 710 456 judicatus
724 425 740 451 ‚
780 398 816 426 ³²
838 390 1095 438 indomum
1116 393 1310 440 Fanniae
1329 392 1584 439 Minturnis
1605 391 1833 438 custodiae
1853 395 1996 442 causs'a
2016 395 2091 442 de·
2110 392 2179 463 ἑξέ-
2193 390 2267 463 ῗῑῖ

100 474 262 521 ductus
281 472 358 518 est.
426 470 763 519 Animadvertit
783 471 904 517 enim
923 471 1129 532 asellum,
1164 488 1270 518 cum
1292 473 1332 517 ei
1361 470 1581 535 pabulum
1611 470 1909 534 objiceretur,
1944 475 2096 540 negle-
2112 466 2214 507 ‘21²st-
2284 477 2291 484 ’

99 554 178 602 &o
209 568 289 612 eo,
324 550 379 598 ad
409 568 569 614 aquam
608 557 647 587 33
672 563 1030 614 procurrentem.
1099 550 1211 611 Qo
1240 548 1495 612 spe&acu10
1515 583 1531 608 ‚
1567 547 1757 594 deorum
1778 551 2095 612 providentia,

102 630 229 694 quod
256 629 536 694 sequeretur,
572 629 778 675 oblatum
805 641 950 687 ratus,
985 628 1186 691 alioquin
1203 628 1337 673 etiam
1372 626 1807 691 interpretandarum
1825 627 2100 691 religionum

107 708 397 773 peritissimus
411 742 426 767 ‚
465 707 490 753 ’ὶ
509 706 827 766 multitudine,
848 722 961 770 quae
982 707 1036 754 ad
1057 723 1193 770 opem
1217 706 1281 753 illi
1299 705 1526 753 ferendam
1545 706 1856 767 confluxerat,
1891 707 2108 771 impetra-¹

101 789 169 834 vit
191 800 244 833 ut
271 787 326 833 ad
354 803 474 832 mare
500 786 842 849 perduceretur:
880 802 931 832 ac
962 788 1169 850 protinus
1207 793 1249 820 ³⁴
1270 784 1525 832 naviculam
1557 782 1845 842 conscendit5
1882 800 2022 849 eaque
2057 787 2104 832 in.

102 865 309 927 Africam
326 865 586 929 pei-vestus,
622 879 742 909 arma
763 863 912 909 Sullae
931 864 1136 909 victricia
1152 861 1334 924 effugit.
1698 866 1702 869 ’

2021 145 2099 207 ἱῐ,

1905 946 1939 975 ³5
1962 942 2100 987 Pom*

100 1063 155 1103 ei,
198 1060 321 1100 „Arria
349 1059 450 1095 Paeti
477 1059 515 1094 δε
555 1055 694 1094 fimilia.
771 1055 951 1093 Ceterum
977 1053 1074 1091 hanc
1177 1056 1240 1094 28.
1267 1060 1341 1092 Nec
1359 1056 1432 1092 ulla
1453 1054 1538 1105 vox]
1569 1056 1672 1094 Veri.
1691 1055 1785 1093 Edd.
1807 1056 1875 1092 Nec
1891 1057 2009 1106 aliqua
2020 1073 2105 1102 vox,

101 1113 281 1149 Caeciliam
299 1111 442 1146 Metelli
468 1107 643 1144 Numidici
661 1109 806 1154 sororem
832 1105 927 1154 fuisse
956 1105 1077 1143 statuit

102 1163 270 1210 Pighius,
295 1161 355 1198 sed
375 1172 453 1198 non
478 1158 646 1196 satisfacit
665 1158 703 1194 P.
723 1157 848 1194 Baelio
862 1186 871 1201 ‚
900 1156 959 1193 cui
977 1165 1074 1193 actas

60 1221 65 1228 ’
104 1212 222 1249 Flacci
233 1224 252 1248 a
266 1211 456 1249 Ciceronis
468 1218 586 1248 aetate
598 1209 779 1246 remotior
790 1208 947 1250 ridetur,
961 1219 1074 1256 quani

104 1271 144 1299 ut
162 1263 221 1299 hic
240 1262 465 1300 familiariter
493 1273 577 1298 cum
606 1260 669 1297 illo
697 1259 861 1308 colloqui
888 1259 1071 1306 potuerit;

98 1314 238 1362 qtiippe
273 1315 336 1362 qui
370 1313 458 1351 totis
495 1312 624 1360 viginti
659 1311 823 1360 quinque
858 1310 960 1346 annis
996 1309 1074 1358 post

100 1364 221 1401 Flacci
251 1364 478 1402 consulatum
507 1363 576 1400 fuit
596 1370 721 1405 natus;
751 1368 938 1409 praeterea
957 1361 1078 1397 Aure-

98 1415 165 1452 lius
187 1415 319 1452 Victor
340 1415 459 1452 modo
479 1415 649 1451 nominat
676 1413 778 1449 illum
798 1415 920 1460 sororis
947 1414 1074 1455 virum,

99 1478 216 1516 quem
236 1466 409 1503 Metellus
427 1465 575 1503 laudare
595 1464 778 1507 noluerit,
808 1470 846 1499 ut
866 1463 960 1500 adeo
988 1463 1077 1499 hinc

102 1516 276 1564 colligere
296 1517 386 1554 nihil
402 1517 520 1554 liceat.
572 1515 670 1552 Vide
689 1514 793 1552 Dict.
812 1513 904 1551 Hist.
925 1513 1016 1552 Crit.
1037 1514 1076 1551 in

101 1569 264 1606 Metella.

150 1619 210 1655 26.
221 1618 349 1654 Sororis
360 1618 458 1664 filiae
468 1617 635 1667 nuptialia
654 1614 756 1665 petit]
769 1617 824 1653 Ut
836 1616 870 1653 ei
879 1615 1076 1664 sponsus'&

99 1670 251 1706 maritus
269 1667 525 1716 delignaretur.
537 1668 672 1705 Cicero
687 1682 716 1705 Ι.
727 1667 773 1704 de
784 1667 960 1704 Div.Cum
971 1667 1074 1702 vellet

84 1719 300 1770 sororissuae
310 1720 423 1765 filiam
434 1722 468 1754 iu
480 1730 624 1755 matrim.
636 1720 790 1754 collocare
799 1746 810 1761 ,
822 1716 921 1764 exiffe
929 1719 966 1752 in
976 1716 1074 1765 quod-

96 1770 174 1808 dam
190 1771 350 1818 sacellum
372 1771 490 1805 ominis
519 1768 667 1819 capiendi
688 1770 807 1816 caussa.
843 1767 1008 1806 VORS
1022 1767 1073 1806 T.

97 1823 206 1860 Nvt‘le
231 1821 381 1856 concubia
403 1822 585 1868 nuptialia.
623 1820 666 1857 Id
690 1820 846 1858 verbum
871 1819 948 1856 hoc
983 1818 1072 1856 loco

97 1885 177 1911 non
198 1870 409 1910 intellexisse
428 1872 589 1909 librarios
601 1871 743 1909 doceor
757 1870 912 1918 ‚partim
934 1881 979 1907 ex
990 1881 1074 1907 cor-

94 1925 268 1973 ruptione
288 1924 392 1960 vocis
411 1923 593 1972 sequentis
607 1951 617 1966 ‚
629 1922 691 1960 ubi
709 1934 788 1959 non
807 1922 978 1970 nuptialia
992 1946 1002 1962 ,
1014 1921 1075 1959 sed

92 1973 419 2024 quemadmodum
447 1974 486 2011 in
514 1974 679 2022 margine
707 1971 812 2010 Vofl'.
841 1972 910 2010 sec.
927 1973 1077 2022 nuptiali

92 2025 248 2075 legitur,
270 2025 403 2074 partim
424 2037 468 2062 ex
496 2023 608 2073 gloffa
626 2025 662 2061 in
684 2024 811 2061 Heins.
839 2024 973 2073 primo.
1000 2023 1076 2060 hoc

96 2076 251 2114 verbum
278 2075 524 2124 explicabatur
553 2088 744 2125 perperam
760 2104 770 2120 ,
805 2073 959 2111 concubia
985 2074 1009 2111 i.
1038 2086 1069 2112 e.

90 2126 249 2162 connubia
266 2153 278 2167 ,
301 2126 489 2176 sponsalia,
511 2130 592 2176 quia
613 2127 769 2162 volebant
797 2127 957 2162 maritare
985 2139 1070 2163 eam.

94 2177 243 2214 Deinde
266 2176 350 2224 lego
371 2189 458 2214 cum
477 2178 585 2214 MSS.
613 2177 828 2227 quibusdam
848 2176 988 2213 libenter
1007 2176 1070 2212 tibi

98 2242 203 2264 meam
215 2227 323 2273 sedem
344 2227 428 2265 cedo.
457 2238 672 2276 corruptum
692 2229 740 2265 est
760 2228 780 2265 a
803 2227 1070 2265 Grammatistis

92 2278 263 2321 librariis,
290 2278 354 2325 qui
374 2276 459 2313 Cedo
479 2278 656 2321 verbum,
684 2286 723 2315 ut
751 2279 876 2325 ajunt,
904 2277 1069 2313 neutrale

96 2327 166 2366 effe
195 2328 453 2365 existimarunt.
521 2328 623 2363 Falso
645 2331 653 2362 ἱ
701 2334 801 2373 patet
835 2327 934 2362 enim
973 2325 1069 2361 casus

94 2389 241 2428 quartus
255 2408 263 2422 ‚
277 2389 391 2428 quem
412 2388 518 2413 more
539 2384 708 2413 veterum
726 2376 800 2412 hoc
819 2374 907 2412 loco
928 2374 1070 2422 expres-

96 2431 137 2468 sit
155 2430 344 2472 Valerius,
372 2434 411 2465 ut
430 2427 512 2464 alibi
532 2427 577 2464 L.
602 2439 657 2465 rv.
678 2427 737 2462 ille
754 2425 834 2473 ceffit
854 2440 924 2461 eam
941 2427 1068 2470 Bianti3

97 2483 135 2519 &
156 2481 271 2518 statim
293 2493 363 2515 eam
390 2479 596 2527 provinciam
621 2478 764 2527 collegae
789 2476 877 2524 ceffi't.
914 2477 960 2513 L.
981 2489 1015 2513 v.
1036 2487 1068 2522 7.

96 2530 297 2577 Cariffimam
319 2534 484 2579 conjugem
500 2530 576 2576 filio
591 2531 652 2577 suo
670 2528 777 2564 cedere
799 2542 863 2563 non
882 2526 1065 2565 dubitavit.

93 2583 197 2630 Virg.
225 2581 328 2617 Cedat
344 2585 402 2628 jus
417 2592 585 2630 proprium
604 2581 706 2629 Regi.
730 2578 944 2615 GUDIUS.
996 2578 1066 2614 Vi·-

94 2632 140 2671 de
158 2632 204 2669 ad
226 2634 270 2669 L.
298 2644 352 2668 iv.
378 2644 406 2667 1.
435 2631 517 2668 Ext.
537 2643 570 2678 7.
621 2631 808 2679 Nuptialta
830 2631 926 2678 petit.
966 2629 1068 2666 Dicit

94 2683 240 2722 Auctor
275 2683 348 2720 hoc
384 2681 521 2718 factum
557 2679 628 2718 effe
648 2709 659 2726 ,
693 2695 777 2717 more
808 2682 910 2727 prisco
930 2695 940 2720 3
980 2681 1064 2729 quia

91 2735 226 2773 scilicet
244 2733 335 2770 illius
364 2740 482 2769 aetate
510 2732 569 2770 ille
591 2732 825 2775 exoleverat,
853 2732 891 2768 ὅ(
910 2731 1061 2780 quidem

90 2785 170 2836 jam
189 2785 377 2834 aliquanto
395 2791 578 2831 tempore.
631 2783 768 2832 Liquet
794 2794 838 2819 ex
858 2782 935 2818 Cic.
955 2782 1000 2820 L.
1033 2794 1063 2819 1.

93 2836 140 2873 de
157 2837 245 2873 Div.
267 2836 309 2872 C.
333 2834 388 2872 16.
416 2833 512 2881 Quod
529 2837 630 2871 etiam
652 2847 733 2869 nunc
762 2832 950 2882 nuptiarum
968 2838 1062 2873 2Au-

83 2889 187 2936 spices
212 2886 403 2928 declarant,
439 2888 498 2934 qui
517 2912 527 2929 ,
559 2900 593 2923 re
620 2884 754 2932 omiffiz,
788 2895 902 2920 nomen
928 2894 1060 2921 tantum

89 2949 214 2976 tenent.

146 3000 204 3035 27.
233 2991 274 3026 In
290 2991 412 3037 sacello
438 2988 579 3040 quodam
608 2993 677 3032 ejus
701 2984 750 3023 rei
770 2983 907 3035 gratia]
944 2985 1063 3024 Klok-

93 3038 173 3077 kius
191 3040 335 3087 legebat
354 3042 390 3079 in
409 3041 534 3090 sacello
560 3037 702 3090 quodam
730 3039 759 3074 ei
778 3037 826 3076 rei
851 3036 1063 3087 aliquamdiu

91 3089 286 3140 persedisset.

1129 1117 1216 1143 cum
1252 1108 1381 1156 quibus
1418 1107 1598 1145 consentit
1636 1108 1799 1144 maxima
1833 1119 1912 1156 pars
1947 1109 2106 1147 MSSto-

1128 1169 1208 1193 rum
1224 1173 1234 1201 ;
1264 1158 1329 1195 nili
1349 1157 1453 1208 quod
1472 1156 1641 1195 nonnulli
1659 1158 1818 1201 habent,
1845 1172 1900 1194 nec
1917 1161 2036 1207 aliqua
2055 1164 2108 1196 ul-

1129 1210 1163 1244 la
1183 1223 1261 1245 vox.
1315 1208 1433 1257 Quod
1451 1208 1568 1256 pollet
1590 1209 1705 1246 videri
1733 1209 1944 1257 profectum
1972 1210 1992 1247 a
2011 1211 2108 1259 glos-

1128 1259 1162 1297 sa
1176 1260 1256 1303 ‚vel
1276 1267 1315 1297 ut
1334 1258 1391 1302 id,
1415 1259 1548 1296 &illud
1561 1284 1571 1300 ‚
1594 1261 1685 1296 iis&
1705 1260 1756 1295 lu's
1775 1259 1880 1308 saepe
1897 1271 2015 1297 unum
2034 1274 2104 1310 pro

1131 1310 1246 1347 altero
1282 1311 1461 1359 ponitur;
1500 1309 1577 1347 Nili
1612 1309 1709 1347 aliud
1737 1310 1885 1347 credere
1911 1311 2105 1349 suaderent

1131 1360 1227 1398 Cod.
1247 1369 1338 1405 tres,
1369 1361 1569 1398 Remenses
1590 1360 1665 1398 duo
1686 1372 1773 1398 cum
1797 1373 1876 1398 uno
1904 1361 2011 1399 Leid.
2040 1363 2105 1412 qui

1129 1411 1258 1450 diserte
1277 1412 1450 1450 exhibent
1462 1425 1537 1456 ,nec
1555 1414 1675 1461 aliqua
1696 1413 1751 1447 illi
1769 1425 1838 1447 vox
1855 1412 2018 1462 propofito
2035 1427 2111 1450 con-

1122 1477 1246 1515 gruens
1267 1464 1341 1511 esset
1360 1462 1492 1500 audita.
1546 1462 1663 1511 Quod
1681 1462 1812 1511 placet.

1179 1526 1239 1563 29.
1266 1515 1421 1550 Libenter
1438 1513 1503 1550 tibi
1521 1527 1593 1549 mea
1607 1512 1686 1561 sede
1705 1512 1793 1560 cedo]
1825 1512 1880 1549 Ita
1900 1524 1992 1550 unus
2012 1525 2110 1562 quo—

1129 1576 1203 1614 que
1223 1565 1305 1602 cod.
1327 1564 1459 1603 Brand.
1504 1564 1633 1609 Alter,
1661 1578 1766 1600 meam
1777 1562 1888 1611 sedem
1904 1562 1977 1600 cedo
1991 1580 1998 1596 ε
2011 1576 2109 1613 quo„

1131 1615 1249 1653 modo
1280 1616 1426 1654 codices
1458 1627 1611 1665 quoque
1637 1612 1728 1652 alios
1756 1614 1892 1652 habere
1910 1615 1978 1652 viri
2005 1613 2109 1652 docti

1127 1666 1312 1705 testantur.
1365 1667 1501 1704 Cicero
1526 1680 1557 1704 1.
1584 1665 1630 1703 de
1650 1666 1738 1704 Div.
1794 1669 1893 1707 Vere,
1924 1679 1995 1701 mea
2012 1668 2107 1714 puel-

1125 1718 1185 1761 la,
1208 1717 1271 1754 tibi
1289 1716 1418 1754 concedo
1438 1731 1525 1753 meas
1538 1715 1649 1765 sedes.
1698 1717 1747 1754 Et
1770 1729 1824 1754 11.
1853 1716 1898 1754 de
1917 1717 2004 1753 Div.
2022 1719 2107 1752 Cae-

1124 1770 1206 1804 cilia
1223 1770 1347 1817 Jbroris
1358 1769 1458 1815 filiae
1468 1767 1561 1816 sedes
1573 1771 1656 1815 suas
1683 1766 1823 1804 tradere.
1876 1767 2023 1804 Dicitur
2046 1767 2101 1805 sa-

1123 1830 1172 1856 ne
1190 1819 1270 1857 satis
1289 1820 1424 1857 Latine
1444 1827 1643 1868 utrumque
1656 1847 1666 1863 ,
1694 1820 1731 1856 ὃς
1749 1817 1856 1854 cedere
1872 1819 1974 1854 alicui
1985 1817 2100 1866 sedem

1115 1871 1239 1918 suam,
1269 1869 1431 1908 &cedere
1457 1872 1561 1906 alicui
1581 1870 1658 1918 sede
1676 1872 1758 1916 sua.
1807 1870 1854 1906 Et
1880 1868 2099 1917 ambiguum

1125 1922 1198 1966 est,
1226 1929 1352 1959 utrum
1371 1921 1492 1959 noster
1514 1932 1599 1958 cum
1618 1920 1694 1957 duo
1725 1919 1894 1968 exempla
1923 1931 1967 1956 ex
1990 1920 2099 1957 Cice*

1126 1984 1218 2010 rone
1244 1973 1317 2010 huc
1343 1973 1577 2016 transferret,
1604 1971 1714 2008 verba
1741 1971 1848 2019 hujus
1879 1971 1927 2008 ita
1955 1979 2102 2008 mutare

1126 2023 1287 2062 voluerit
1309 2052 1319 2069 ‚
1354 2032 1394 2061 ut
1421 2023 1534 2061 alium
1564 2022 1684 2060 casum
1713 2029 1893 2069 poneret;
1932 2033 1979 2058 an
2007 2033 2100 2059 veto

1128 2075 1291 2124 ejusdem
1322 2075 1418 2111 casus
1445 2086 1588 2111 nomen
1617 2074 1816 2110 retinuerit.
1876 2071 1992 2109 Paulo
2017 2080 2103 2109 ante

1124 2127 1283 2164 mutavit
1302 2137 1416 2174 genus
1429 2139 1440 2168 ;
1455 2136 1617 2174 cumque
1637 2124 1772 2160 Cicero
1790 2121 1975 2171 scripfiffet
1988 2151 1997 2166 ,
2018 2127 2104 2159 Erat

1121 2189 1252 2214 mortua
1269 2178 1390 2213 catella
1410 2191 1443 2212 eo
1463 2191 1613 2218 nomme,
1643 2174 1776 2222 scripsit
1805 2174 1927 2211 noster
1940 2202 1950 2217 ,
1978 2177 2105 2221 Deces-

1112 2228 1207 2276 serat
1225 2229 1363 2264 catellus
1387 2229 1515 2264 nomine
1539 2229 1671 2272 Persas
1703 2226 1784 2262 Pari
1813 2224 1931 2262 modo
1953 2223 2101 2262 fortasse

1121 2289 1221 2313 nunc
1240 2278 1361 2313 casum
1384 2284 1528 2313 mutare
1549 2276 1677 2312 voluit.
1705 2276 1899 2312 VORST.
1940 2275 2101 2324 Aliquot

1122 2326 1229 2362 MSS.
1257 2326 1393 2362 habent
1423 2325 1485 2361 tibi
1507 2328 1543 2360 in
1570 2340 1641 2361 mea
1669 2324 1747 2372 sede
1764 2324 1850 2362 cedo.
1873 2325 2100 2373 meamsedem

1122 2387 1215 2413 unus
1234 2376 1406 2414 Remens.
1428 2375 1528 2413 Vide
1556 2375 1689 2413 Sanctii
1719 2376 1814 2413 Min.
1834 2377 1880 2413 L.
1901 2388 1963 2413 111.
1991 2377 2033 2414 C.
2064 2389 2100 2427 3.

1122 2437 1157 2474 p.
1187 2439 1268 2477 329.
1299 2427 1354 2464 ed.
1383 2426 1446 2464 ult.
1956 2438 1963 2446 ”

1173 2489 1232 2526 30.
1261 2479 1340 2513 Non
1359 2478 1409 2513 ita
1427 2475 1548 2526 multo]
1579 2478 1632 2512 Ita
1653 2475 1749 2514 deest
1769 2477 1806 2513 in
1825 2476 1967 2525 aliquot
1985 2476 2093 2514 MSS.

1122 2529 1161 2566 &
1182 2528 1264 2565 edd.
1281 2528 1412 2576 Pighio
1432 2527 1710 2577 antiquioribus.

1170 2591 1227 2628 31.
1257 2582 1294 2616 C.
1319 2589 1429 2615 uectem
1449 2577 1584 2627 Mario]
1618 2579 1660 2615 In
1682 2578 1876 2622 omnibus,
1904 2589 1995 2626 quos
2017 2588 2089 2625 ego

1117 2630 1193 2667 vidi
1214 2659 1224 2674 ‚
1260 2630 1367 2667 MSS.
1394 2629 1557 2667 scribitur
1583 2629 1725 2678 semper
1753 2630 1798 2666 G.
1828 2637 1888 2665 aut
1915 2627 2088 2665 omnibus

1114 2679 1248 2725 literis,
1279 2685 1377 2726 Gaio.
1418 2689 1460 2718 ut
1484 2681 1544 2718 hic
1569 2682 1607 2717 in
1637 2681 1722 2729 sept.
1751 2677 1929 2716 Leidenfi.
1982 2677 2083 2716 Vide

1114 2731 1169 2769 Cl.
1196 2732 1365 2769 Perizon.
1392 2732 1568 2769 Animad.
1596 2731 1686 2768 Hist.
1715 2731 1802 2777 Cap.
1831 2740 1863 2774 7.

1165 2795 1221 2832 32.
1250 2786 1291 2819 Iu
1308 2782 1437 2819 domum
1455 2784 1606 2820 Fanniae
1618 2782 1809 2817 ildinturnir
1826 2777 1988 2823 custodiae
2006 2793 2084 2815 cau-

1105 2835 1149 2881 sa
1174 2833 1345 2882 dedullus]
1384 2834 1445 2871 De
1470 2832 1729 2870 benevolentia
1757 2832 1794 2868 &
1821 2829 1892 2867 fide
1919 2831 2082 2867 Mintur-

1113 2884 1281 2922 nenfium
1299 2885 1337 2922 in
1347 2885 1511 2922 Marium
1530 2883 1649 2921 noster
1670 2883 1707 2919 δε
1724 2882 1818 2918 infra
1835 2881 1908 2929 agit
1930 2892 2005 2917 non
2025 2881 2080 2917 sea

1114 2935 1209 2972 mel:
1238 2944 1278 2973 ut
1296 2949 1341 2981 11,
1356 2936 1460 2980 1o‚6.
1481 2937 1518 2973 ὅ(
1538 2947 1628 2978 vm,
1650 2945 1685 2976 2,
1710 2946 1742 2982 3.
1770 2933 1930 2969 Fuerunt
1950 2938 2079 2970 autem

1112 2987 1318 3022 Minturnae
1335 2987 1417 3025 urbs
1436 2986 1544 3024 Latii.
1571 2984 1765 3023 VORST.

1165 3049 1224 3088 33.
1251 3036 1528 3087 procurrentem]
1566 3039 1739 3123 Quaticipr
1767 3033 1872 3073 MSS.
1895 3044 2082 3083 percurren-

1735 3095 1755 3122 2
2003 3094 2082 3122 tem,
