2516 3509
640 122 781 179 DE
904 117 1642 177 RELIGIONE.

2113 144 2153 198 9

124 233 249 286 'lenni
268 230 359 279 ritu
375 225 701 293 peragendum,
736 224 973 273 sacrificio,
1044 222 1159 284 Qo
1183 223 1321 272 etiam
1362 230 1401 252 ¹0
1421 222 1709 271 ostentorum
1731 237 1782 270 ac
1810 219 2051 288 fulgurum
2066 221 2150 270 vde-

132 312 437 364 nuntiationes
465 319 784 374 procurantur.

135 521 195 571 56.
221 519 331 558 tradit
358 519 510 564 Etruscos
530 520 627 557 Vates
647 514 692 553 ad
706 515 840 567 publica
860 525 991 553 tantum
1007 513 1119 567 prodi-

124 576 191 624 gia
209 570 371 609 adhiberi.
425 569 525 607 Vide
544 569 713 607 Perizon.
735 567 781 604 ad
807 567 952 604 Aelian.
981 567 1028 604 L.
1059 578 1116 604 11.

133 623 178 661 C.
206 633 268 673 31,
295 624 334 661 &
360 621 498 658 Muret.
526 620 572 659 ad
600 620 679 656 Cic.
704 632 785 657 111.
805 618 911 656 Catil.
931 618 974 654 C.
995 617 1028 654 8.
1048 615 1114 653 ad-

132 674 180 713 de
207 672 302 711 Gell.
331 673 376 710 L.
411 684 467 710 1v.
495 672 539 709 C.
565 683 601 720 5.

179 724 216 763 6.
243 727 326 761 Cum
348 720 482 773 aliquid
501 719 790 759 commendandum
810 717 872 769 est]
899 717 1016 756 Verbi
1032 731 1112 754 com-

129 774 285 813 mendare
306 775 387 812 usus
405 773 557 823 quidam
584 773 623 809 in
642 771 789 809 Lexicis
816 772 894 809 fere
913 769 1113 818 neglectus:

83 833 85 835 ’
133 828 199 877 qui
226 825 380 874 quidem
407 823 454 861 ad
479 835 535 861 res
555 822 668 860 sacras
687 822 715 859 ἵ
739 820 802 869 ’ἔξω
825 823 994 871 pertinet.
1036 820 1117 857 De-

135 880 257 916 rivato
284 876 370 914 inde
396 873 684 910 commendationis
708 871 894 910 vocabulo
921 871 959 905 in
996 869 1115 905 verbis

133 928 245 978 paulo
273 936 357 965 ante
383 923 570 973 productis
597 924 711 960 utitur
735 921 883 957 Plinius.
918 918 1115 954 VORST.

135 981 230 1018 Non
255 977 391 1020 video,
418 974 500 1023 quis
525 975 586 1011 hic
613 973 702 1009 alius
729 970 770 1007 sit
797 969 877 1006 usus
904 967 1007 1005 verbi
1033 980 1116 1003 com-

135 1029 311 1070 mendare,
333 1036 448 1076 quam
475 1025 540 1074 qui
565 1023 732 1070 semper,
758 1027 800 1058 ut
826 1018 1004 1069 fignificet
1029 1017 1117 1056 fidei

134 1080 347 1128 tutelaeque
382 1075 533 1124 aliqu‘us
569 1072 707 1123 aliquid
741 1072 980 1109 committere
1003 1097 1013 1114 ‚
1046 1069 1119 1107 ser-

136 1131 301 1171 vandum
313 1125 680 1174 vcustodiendumque
699 1123 856 1162 tradere.
868 1120 967 1159 Vide
979 1121 1117 1159 Graev.

134 1182 181 1220 ad
205 1181 290 1229 Just.
317 1180 365 1217 L.
392 1189 502 1216 xxxv.
529 1190 563 1214 z.
590 1184 631 1213 ut
658 1177 697 1214 &
723 1175 837 1212 Viros
864 1171 1039 1211 Eruditos
1066 1172 1113 1210 ad

135 1231 272 1271 Phaed.
301 1231 347 1268 L.
380 1242 410 1268 1.
436 1241 490 1276 17.
517 1240 631 1279 porro
659 1234 793 1265 monet
818 1225 921 1273 supra
947 1223 1114 1262 laudatus

134 1284 273 1323 Matth.
299 1281 506 1326 Klokkius,
532 1281 571 1318 in
598 1278 674 1316 Bas.
703 1277 799 1315 Cod.
827 1274 921 1321 effe,
949 1289 1020 1311 cum
1046 1274 1115 1311 ali-

133 1350 230 1387 quem
249 1331 539 1371 commendandum
566 1332 639 1378 est,
671 1326 800 1379 seque
817 1327 855 1365 id
882 1325 1002 1365 valide
1028 1337 1117 1375 pro-

134 1387 234 1425 bare.
262 1386 365 1434 cujus
391 1383 444 1421 rei
465 1382 610 1421 causam
629 1392 708 1419 non
728 1378 907 1429 perspicio
921 1407 931 1423 ‚
958 1376 1023 1414 nifi
1042 1376 1120 1426 spe-

138 1437 298 1482 raverit,
323 1435 359 1473 se
376 1435 452 1473 hoc
471 1432 762 1484 approbaturum
790 1429 918 1481 Lipsio
944 1428 1122 1480 Antiqui-

135 1489 220 1528 tatis
245 1488 352 1536 saepe
376 1486 540 1524 nimium
568 1484 720 1523 amanti.

189 1552 223 1587 7.
250 1535 567 1585 Cumsolvendum,
611 1531 832 1583 ratulatione]
863 1533 907 1571 In
936 1544 1013 1571 uno
1032 1531 1117 1570 COd.

136 1590 388 1630 Bibliothecae
422 1587 539 1626 Eleet.
608 1585 754 1624 randeb.
791 1586 839 1624 est
865 1582 1116 1634 exsolvendum.

138 1643 277 1691 Neque
303 1639 406 1678 aliter
431 1640 469 1676 in
495 1651 574 1676 uno
600 1635 791 1675 Basileenfi
811 1665 821 1681 ,
856 1644 897 1673 ut
924 1635 980 1673 Cl.
1007 1636 1118 1672 Wet-

139 1693 274 1731 stenius
309 1691 401 1728 mihi
435 1689 661 1739 fignificavit.
715 1688 914 1725 Gratulatio
949 1685 1038 1724 nihil
1064 1686 1129 1723 hic

141 1744 192 1783 est
217 1741 317 1781 aliud
334 1752 458 1791 quam
475 1742 675 1790 gratiarum
696 1738 793 1777 auio
812 1738 893 1776 Diis
913 1736 1020 1775 faeta.
1041 1737 1123 1775 Te-

140 1795 278 1833 rentius
306 1794 445 1831 Heaut.
467 1806 502 1842 ς,
526 1805 555 1830 1.
584 1791 710 1840 Define
729 1792 821 1827 Deos
841 1803 927 1826 uxor
939 1790 1122 1841 gratulan-

139 1845 183 1884 do
199 1843 397 1888 obtundere,
421 1855 515 1881 tuam
532 1842 592 1892 effe
609 1845 783 1880 inventam
796 1851 957 1893 gnatam.
984 1839 1124 1878 Ennius

138 1896 240 1948 apud
266 1896 459 1935 Nonium:
487 1895 641 1944 quppiter
660 1893 724 1931 tibi
735 1895 866 1943 summe
885 1890 1020 1929 tandem
1037 1892 1125 1928 male

138 1963 175 1988 re
186 1950 282 2000 gesta
294 1948 463 1999 gratulor.
501 1946 676 1984 Afranius
695 1944 794 1994 apud
813 1943 998 1981 eundem:
1027 1941 1124 1993 Qod

127 2001 256 2051 salvus
274 2000 394 2043 ‘veni53
417 1998 534 2034 melius
555 1999 622 2045 est:
650 1998 809 2048 gratulor
835 1997 926 2032 Dn's.
980 1995 1124 2032 Homi-

141 2050 248 2089 nibus
267 2061 354 2087 cum
371 2048 542 2098 gratulari
570 2048 729 2086 dicimur
742 2076 752 2092 ,
779 2046 877 2086 aliud
896 2046 1056 2085 omnino
1076 2045 1125 2083 est

136 2103 343 2154 gratulari,
381 2112 496 2150 quam
518 2101 658 2151 gratias
687 2113 815 2151 agere3
846 2105 888 2136 ut
914 2096 975 2136 ve‘l
1001 2108 1046 2134 ex
1065 2096 1127 2134 his

144 2151 340 2190 'Ciceronis
367 2164 427 2190 v1.
459 2164 514 2191 12.
541 2150 588 2189 ad
618 2153 706 2189 fam.
741 2148 894 2198 intelligi
929 2148 1046 2187 licet:
1084 2153 1129 2186 Ut

146 2211 182 2239 te
209 2215 336 2252 quoque
365 2201 448 2251 mibi
466 2204 644 2255 gratulari
672 2216 775 2252 quam
787 2203 925 2253 gratias
943 2214 1042 2252 agere
1059 2213 1126 2236 ma-

146 2255 227 2290 lim.
248 2251 442 2290 VORST.
497 2253 588 2290 er'
614 2252 734 2300 ἕξοχῆν
771 2264 814 2289 ea
841 2264 917 2289 vox
943 2259 1051 2288 notat
1068 2252 1129 2298 sa-

148 2317 203 2340 cra
218 2328 229 2345 ,
259 2302 380 2353 quibus
391 2303 531 2352 gratiae
549 2303 635 2338 Diis
649 2302 778 2351 publice
803 2302 990 2351 agebantur
1006 2300 1044 2335 ob
1060 2314 1129 2335 rem

151 2355 230 2391 bene
244 2356 375 2404 gestam
394 2378 403 2393 ,
429 2359 471 2388 ut
489 2351 601 2388 docet
617 2351 787 2387 Perizon.
816 2350 863 2386 ad
891 2349 1025 2385 Sanffli
1052 2349 1130 2385 Mi-

151 2417 258 2444 nerv.
284 2404 330 2441 L.
361 2416 392 2440 1..
420 2402 463 2439 C.
495 2413 525 2439 r.
551 2399 786 2449 exsolvendum
806 2399 917 2436 habet
943 2397 1047 2435 Med.
1070 2410 1103 2435 1.

202 2456 237 2493 8.
265 2457 348 2491 Cum
364 2451 599 2502 inquirendum
616 2452 673 2488 vel
690 2453 779 2488 extis
795 2451 852 2486 vel
871 2448 1042 2498 sortibus,
1068 2450 1128 2484 im-

147 2505 292 2557 pertito]
324 2503 506 2542 Adrianus
534 2501 734 2541 Turnebus
764 2502 931 2551 [mpetrito
961 2499 1129 2547 corrigit:

151 2557 257 2608 quod
282 2557 366 2593 sane
399 2554 583 2592 vetustum
611 2554 649 2591 &
676 2552 865 2601 Augurale
893 2552 942 2589 est
967 2550 1132 2588 vocabu-

151 2609 244 2648 lum.
295 2606 416 2645 Festus
444 2604 516 2642 dici
541 2603 641 2648 vult,
668 2603 769 2655 quafi
795 2606 1030 2653 impetratum,
1056 2601 1133 2639 hoc

154 2660 205 2699 est
230 2657 382 2697 firmum
419 2667 462 2694 ac
486 2656 654 2693 securum
676 2684 687 2700 ‚
721 2656 844 2692 immo
871 2653 993 2692 stabile
1016 2681 1026 2698 ‚
1062 2664 1132 2691 ceu

152 2713 192 2749 in
214 2720 310 2760 petra
323 2708 458 2756 fixum,
486 2706 575 2745 ficut
599 2706 659 2744 alii
684 2707 979 2755 interpretantur.
1031 2704 1135 2742 Hinc

149 2765 253 2814 sacra
293 2760 464 2810 impetrita
499 2759 537 2795 in
571 2756 795 2807 inquirendis
829 2768 952 2794 rerum
989 2756 1133 2793 eventi-

154 2814 249 2856 bus..
276 2818 362 2848 ante
390 2809 560 2853 oracula,
587 2807 764 2856 auspicia,
792 2808 851 2847 vel
867 2806 1049 2856 sortilegia
1066 2805 1133 2844 fie-

156 2864 269 2906 bant,
288 2859 608 2899 conciliandorum
626 2860 825 2896 numinum
845 2856 961 2896 caussa
975 2866 1036 2902 ,ut
1054 2868 1133 2894 cer-

155 2923 218 2958 ta,
245 2912 373 2957 firma,
410 2923 453 2949 ac
476 2911 601 2948 secura
628 2909 833 2958 petentibus
860 2909 1135 2948 denunciarent.

162 2967 294 3014 Itaque
313 2963 351 2999 δί
371 2961 497 3011 auguri
509 2962 685 2999 Ciceroni
702 2961 777 2998 hoc
794 2960 909 3008 ipsum
928 2962 1034 2998 suum
1053 2970 1138 2997 ver-

1943 383 2154 433 Tantum

1166 514 1310 551 nientem
1329 510 1467 559 bostiam
1486 509 1582 547 rebus
1592 508 1666 558 suis
1686 507 1851 545 immolet?
1863 509 1925 548 ubi
1940 522 2151 563 aeque‘per‘

1167 575 1295 612 peram
1323 562 1495 611 Impertiri
1518 562 1558 597 in
1576 559 1732 607 vulgatis
1752 558 1905 597 habetur
1931 566 2151 612 exemplari-

1167 615 1245 652 bus.
1299 613 1356 650 Sic
1377 614 1415 650 &
1431 612 1524 649 Plin.
1544 609 1785 648 restituendus
1813 611 1858 647 L.
1878 622 1970 648 xxvi
1983 625 2036 650 11.
2059 616 2150 664 Cap.

1165 678 1197 703 2.
1225 667 1405 701 Praeterea
1434 663 1508 699 alia
1528 665 1614 708 sunt
1640 659 1743 697 verba
1761 662 1966 711 imponitis,
2002 664 2074 700 alia
2093 665 2153 700 de.

1159 716 1339 766 pulsoriir.
1374 715 1447 750 alia
1466 710 1816 750 commendationibus.
1867 711 1958 750 Non
1977 713 2077 752 enim
2096 725 2153 751 re-=

1169 766 1227 804 θεὲ
1248 765 1362 815 vulgo
1380 765 1523 814 legitur.
1578 764 1796 814 Impetrantt's
1808 791 1820 807 ‚
1843 761 2024 812 depulsoris
2038 789 2048 807 ‚
2069 778 2155 801 com.

1167 818 1399 854 mentatiom's.
1433 817 1487 853 Ita
1507 814 1613 852 valde
1631 815 1795 863 impurus
1815 814 1864 851 est
1890 814 1952 851 iste
1972 813 2079 852 Plinii
2096 815 2155 853 lo-

1169 878 1232 903 cus
1245 895 1255 910 ‚
1284 875 1325 903 ut
1345 878 1390 902 ex
1410 865 1487 913 ipso
1506 864 1661 902 Valerio
1682 863 1856 913 colligere
1878 864 1927 902 est
1941 893 1951 909 ,
1978 867 2043 916 qui
2060 866 2156 904 haec

1167 917 1236 953 tria
1264 917 1377 953 etiam
1406 915 1604 952 Sacrorum
1632 926 1769 963 genera
1803 915 1977 953 recenset.
2039 916 2156 966 Apud

1167 966 1287 1004 solum
1301 995 1310 1012 ,
1322 966 1360 1003 ni
1381 965 1487 1002 fallor
1499 993 1509 1009 ,
1528 965 1701 1002 Plautum
1720 966 1795 1003 hoc
1812 965 1929 1014 ipsum
1947 968 2155 1014 genuinum

1171 1016 1395 1055 vocabulum
1412 1015 1537 1066 ‚quod
1560 1027 1604 1052 ex
1622 1015 1697 1053 aliis
1717 1015 1824 1053 bonis
1844 1015 2052 1055 auctoribus
2062 1019 2156 1057 scio-³

1170 1068 1294 1107 lorum
1314 1067 1499 1117 imperitia
1518 1066 1678 1105 omnino
1699 1067 1988 1105 exterminatum
2009 1068 2079 1115 est,
2098 1082 2155 1108 re-=

1173 1118 1316 1158 manfit.
1370 1120 1449 1168 Qui
1469 1117 1517 1155 fic
1535 1118 1573 1155 in
1593 1117 1772 1156 Afinaria.

1166 1171 1442 1261 Plgmfpletritum,
1455 1171 1722 1220 inauguratu'st3
1731 1167 1851 1220 quovis
1861 1165 2049 1207 admittunt
2061 1184 2157 1209 aves.

1220 1273 1254 1311 8.
1283 1269 1474 1322 Impetrito]
1506 1270 1561 1309 Ita
1576 1269 1782 1320 legendum
1797 1270 1996 1309 Turnebus
2016 1272 2155 1320 primus

1171 1324 1357 1374 conjecit,
1386 1334 1474 1360 cum
1501 1322 1539 1360 in
1568 1322 1741 1360 omnibus
1759 1321 1869 1360 codd.
1888 1320 2070 1369 legeretur
2091 1325 2158 1359 im·

1167 1379 1302 1424 pertita.
1355 1372 1594 1411 Vocabulum
1623 1375 1810 1421 integrum
1833 1373 1871 1409 δε
1896 1372 2155 1423 incorruptum

1169 1427 1355 1467 servatum
1376 1426 1426 1464 est
1452 1424 1551 1475 apud
1575 1423 1748 1462 Plautum
1775 1421 1876 1461 Asm.
1907 1434 1942 1460 2.
1974 1436 2005 1462 1.

1225 1512 1324 1552 Unde
1334 1515 1466 1563 fimum
1479 1515 1496 1550 ἒ
1518 1524 1620 1563 quam
1640 1509 1890 1547 inter-vortam?
1917 1521 1981 1560 quo
2007 1506 2091 1545 banc
2108 1521 2158 1545 cea

1317 1566 1416 1601 locem
1435 1563 1628 1610 conferam?

1218 1617 1450 1668 Impetritum,
1476 1617 1719 1665 inauguratum
1737 1613 1803 1661 est:
1824 1610 1947 1663 quovis
1968 1608 2156 1648 admittunt

1317 1681 1412 1705 aves.

1177 1734 1304 1774 Habet
1331 1737 1370 1774 &
1396 1734 1539 1779 Festus,
1569 1731 1800 1784 Impetritum,
1836 1730 2051 1781 impetratum
2066 1749 2080 1776 ·;
2116 1737 2159 1768 ur

1177 1799 1243 1836 per
1268 1787 1343 1824 hoc
1371 1786 1529 1835 explicet
1556 1784 1655 1823 illud.
1709 1783 1831 1833 Ipsum
1859 1784 2056 1832 impetratus
2073 1809 2086 1825 ‚
2122 1782 2164 1820 δε

1176 1837 1317 1876 eodem
1345 1836 1570 1886 significatu,
1598 1836 1647 1873 est
1675 1835 1714 1873 in
1733 1832 1918 1872 Gloffario
1942 1832 2162 1874 Philoxeni;

1177 1897 1218 1927 ut
1238 1888 1343 1939 quod
1360 1889 1408 1927 fic
1424 1888 1548 1932 habet,
1578 1889 1800 1935 [mpetratus,
1821 1886 1940 1923 θυσία.
1990 1885 2086 1932 Quo
2113 1882 2162 1920 de

1180 1940 1338 1990 Scaliger
1364 1939 1410 1978 ad
1436 1939 1583 1978 Festum
1619 1939 1699 1975 ita:
1737 1938 1818 1974 Non
1846 1936 1946 1983 plane
1973 1934 2163 1985 explicavit

1173 1993 1338 2040 (vocem
1359 1989 1576 2043 impetratus)
1599 1988 1661 2037 sed
1671 1989 1704 2036 fi
1723 1986 1859 2036 dixisset
1876 1985 2092 2033 notarique-14.
2117 1987 2161 2021 Tm

1163 2044 1341 2093 sacrificiis
1358 2041 1447 2094 quod
1465 2043 1570 2078 litare
1589 2043 1655 2088 est,
1678 2038 1714 2076 id
1736 2041 1773 2076 in
1803 2037 1958 2088 auspiciis
1978 2036 2164 2087 impetrire.

1174 2095 1262 2132 nihil
1289 2093 1387 2131 aliud
1413 2096 1457 2142 est
1484 2106 1585 2143 quam
1612 2093 1806 2141 impetrare.
1857 2091 1909 2126 Sic
1921 2086 2078 2124 dicebant
2099 2099 2165 2124 arn

1173 2147 1276 2183 titum
1290 2157 1351 2197 pro
1369 2155 1482 2181 artato
1497 2142 1656 2185 ,dolitum
1672 2153 1732 2192 pro
1740 2139 1863 2178 dolato.
1877 2138 2022 2188 Quibus
2033 2149 2162 2175 exem-

1179 2197 1228 2247 pli
1248 2197 1364 2246 gratia
1382 2194 1600 2244 aScaligero
1620 2191 1807 2242 produetis
1827 2189 1912 2228 addi
1936 2188 2024 2227 licet
2043 2190 2166 2241 fulgu-

1178 2251 1282 2286 ritum
1308 2259 1377 2296 pro
1400 2248 1601 2296 βήματα,-
1627 2243 1730 2293 quod
1754 2242 1904 2280 Plautus
1932 2240 2040 2279 Trin.
2067 2252 2102 2278 2.
2129 2252 2165 2286 4.

1179 2298 1302 2334 habet.
1338 2297 1534 2334 VORST.
1595 2293 1779 2333 Turnebo
1806 2291 1964 2340 gloriam
1989 2291 2096 2340 hujus
2124 2301 2163 2327 e-

1181 2346 1432 2383 mendationis
1460 2354 1628 2394 ereptum
1666 2345 1694 2382 it
1729 2344 1900 2381 Muretus
1936 2342 1981 2379 L.
2010 2354 2043 2379 x.
2072 2341 2162 2379 Var.

1181 2397 1289 2434 Led.
1325 2396 1368 2434 C.
1416 2396 1472 2434 18.
1517 2398 1646 2444 Quem
1686 2394 1815 2432 locum
1857 2393 1978 2430 debeo
2020 2392 2159 2430 indicio

1177 2458 1258 2485 non
1302 2447 1423 2484 minus
1476 2446 1708 2496 polit'iffimae
1760 2445 1998 2482 humanitatis
2044 2453 2151 2492 quam

1185 2498 1470 2546 elegantissimae
1514 2496 1730 2534 eruditionis
1771 2494 1880 2533 laude
1918 2492 2158 2532 Celeberrimi

1184 2548 1482 2597 Drakenborgii,
1510 2549 1679 2598 quicum
1708 2547 1803 2584 inter
1827 2546 2008 2583 variantes
2035 2543 2161 2579 Ultra-

1180 2600 1409 2650 Jectinorum
1431 2599 1618 2637 Codicum
1638 2598 1816 2636 lectiones
1836 2597 1873 2634 in
1890 2596 2055 2642 margine
2080 2593 2163 2630 libri

1185 2652 1238 2689 sui
1274 2662 1427 2689 mecum
1461 2650 1721 2688 humaniffime
1759 2645 2027 2687 communicati
2051 2651 2164 2681 nota-

1186 2710 1301 2741 verat.
1363 2700 1435 2739 Sed
1462 2713 1584 2752 neque
1611 2701 1684 2750 ipse
1711 2700 1880 2737 Muretus
1906 2696 2043 2745 primus
2071 2694 2165 2739 fuit,

1187 2755 1252 2804 qui
1272 2755 1441 2802 impetrito
1458 2752 1660 2802 legendum
1680 2749 1752 2789 effe
1772 2747 1921 2791 viderit,
1949 2758 2066 2795 quum
2084 2747 2163 2794 jam

1181 2805 1233 2842 ita
1254 2804 1380 2853 legerit
1400 2804 1582 2852 Georgius
1609 2801 1775 2843 Merula,
1802 2798 1890 2836 teste
1920 2797 2090 2836 Oliverio
2114 2795 2166 2833 ad

1183 2856 1286 2893 hunc
1311 2854 1452 2892 locum.
1479 2854 1563 2902 Joh.
1583 2854 1685 2901 Bapt.
1704 2849 1823 2888 Bellus
1841 2849 1888 2886 de
1905 2857 1997 2898 part.
2009 2846 2165 2896 Templi

1187 2907 1286 2955 Aug.
1305 2906 1396 2954 Cap.
1417 2918 1450 2943 τ.
1487 2905 1575 2953 legit
1593 2905 1649 2941 vel
1671 2903 1849 2952 impetrito.
1873 2900 1896 2938 i.
1925 2912 1957 2937 e.
1992 2906 2072 2935 rato
2100 2909 2165 2935 au-

1183 2957 1324 3007 spicio,
1350 2956 1427 2994 fixo
1455 2956 1620 3004 augurio.
1674 2953 1745 2991 Sed
1764 2964 1850 2989 cum
1871 2952 1951 3000 jam
1979 2949 2025 2987 de
2049 2959 2167 2997 augu-

160 3017 255 3055 bum
274 3011 377 3051 reddi
393 3012 502 3051 debet
527 3012 574 3050 de
601 3012 846 3050 Divinatione
876 3023 915 3050 11
933 3039 943 3056 ,
971 3022 1058 3049 cum
1086 3010 1141 3048 di-
1187 3020 1274 3046 *rum
1310 3007 1567 3046 observatione
1601 3002 1860 3054 praecellerit,
1895 3000 2040 3038 videtur
2071 2999 2167 3036 mihi

165 3069 228 3108 cit,
278 3063 349 3116 Qn'
371 3064 508 3110 evenit,
538 3073 577 3103 ut
604 3064 635 3102 is
662 3064 722 3117 qm'
739 3062 908 3115 impetrire
923 3063 1008 3103 ‘velit
1025 3075 1142 3101 come-

1191 3059 1281 3100 illud
1295 3059 1356 3099 hic
1373 3070 1452 3098 non
1466 3057 1602 3099 habere
1622 3057 1761 3096 locum.
1781 3052 1935 3142 x'1133rbum
1944 3051 2112 3103 impetrire
2122 3050 2170 3088 ad

2086 3110 2170 3138 exta
