2516 3509
407 114 564 169 .DE
643 114 1169 168 AMiclTIAE
1249 114 1735 179 VINCULO.
2000 127 2103 201 391

77 238 125 286 lii
145 271 160 296 ‚
199 241 238 273 ¹3
264 233 309 280 in
333 231 495 280 eodem
521 229 800 277 constantiae
831 228 975 293 gradu
1007 229 1129 277 stetit
1154 263 1167 288 ‚
1199 231 1329 294 seque·¹
1359 236 1489 279 etiam
1525 235 1596 281 hoc
1619 269 1636 294 ,
1686 245 1728 277 ¹4
1752 242 1796 300 st
1822 240 1935 287 modo
1956 245 2099 291 Grac-

77 321 176 367 chus
203 314 403 374 annuzffiet
426 346 442 371 ‚
476 311 702 373 faffurum
735 308 979 370 respondit.
1051 317 1088 346 ¹5
1169 311 1233 355 uis
1267 311 1396 356 illum
1430 310 1691 360 sceleratum
1741 318 1936 378 putasset
1984 319 2089 366 fuis..

76 397 147 453 se,
184 394 216 441 fi
238 388 486 440 tacuisset?
536 386 578 414 ¹⁶
615 386 734 448 Qis
768 402 862 432 non
895 387 1031 432 etiam
1067 385 1309 448 sapientem
1332 420 1345 442 ,
1394 385 1426 432 fi
1462 404 1546 449 pro
1570 391 1824 438 neceffitate
1859 396 2082 456 temporis

77 480 260 526 locutus
280 470 387 517 effet
407 470 426 516 ?
474 469 537 514 At
558 467 734 514 Blofius
757 480 839 510 nec
870 465 1047 512 silentio
1081 464 1271 511 honesto
1295 497 1311 522 ‚
1356 480 1412 509 ne
1438 465 1648 528 prudenti
1673 469 1875 517 sermone
1898 472 2082 520 salutem

22 612 24 616 Ι
78 548 200 598 suam
225 583 240 609 ,
286 562 432 611 nequa
475 561 531 592 ex
570 558 696 608 parte
728 543 920 590 infelicis
963 542 1189 590 amicitiae
1225 542 1494 588 memoriam
1539 543 1755 594 desereret
1779 581 1792 607 ‚
1837 553 1953 596 tueri
1996 569 2080 599 vo-

81 628 184 675 luit.
322 677 326 681 ,

150 710 203 754 ln
227 706 381 753 eadem
409 704 549 750 domo
582 718 720 766 aeque
751 701 932 749 robusta
962 699 1208 746 constantis
1242 699 1469 746 amicitiae
1507 709 1546 736 ¹⁷
1567 707 1775 771 exempla
1797 709 2085 757 oboriuntur.
2171 711 2208 734 ²·

44 785 53 801 ²
81 786 325 842 Prostratis
344 785 464 830 enim
483 784 576 845 jam
599 781 648 827 &
671 780 856 844 perditis
887 778 944 824 C.
973 777 1178 824 Gracchi
1199 775 1395 822 consiliis
1417 810 1432 834 ,
1477 778 1695 842 rebusque
1719 814 1731 835 ‚
1780 797 1885 828 cum
1915 797 2015 830 tota
2045 799 2088 827 e·
2110 743 2303 826 {³3¹‘2T'fffl”

77 865 152 928 jus
174 864 448 927 conspiratio
471 863 559 908 late
579 873 866 923 quaereretur
894 891 909 916 ‚
945 855 1166 901 desertum
1192 855 1320 899 omni
1343 855 1512 901 auxilio
1534 860 1561 914 ‚⁴
1600 853 1640 884 ¹8
1666 857 1758 903 duo
1780 871 1955 908 tantum
1980 830 2286 908 ami-‘ciiisiifflc

85 947 156 1005 ci,
197 952 238 982 ¹9
264 942 546 1005 Pomponius
571 940 619 985 &
644 939 886 985 Laetorius
909 941 955 962 ²0
978 934 1032 980 ab
1056 932 1225 978 infestis
1262 932 1309 977 &
1351 932 1552 996 undique
1577 937 1809 984 ruentibus
1829 942 1927 987 telis
1947 976 1960 1000 ,
2004 960 2089 1006 op-

84 1024 238 1088 positu
259 1036 508 1084 corporum
529 1018 711 1065 suornm
734 1027 962 1063 texerunt.
1051 1014 1270 1075 Quorum
1297 1014 1580 1075 Pomponius
1597 1047 1610 1071 ,
1646 1030 1738 1076 quo
1761 1015 1794 1059 is
1807 1015 2089 1068 faciliuseva-

86 1100 239 1155 deret,
276 1096 562 1141 concitatum
590 1091 872 1154 sequentium
919 1104 1084 1153 agmen
1110 1096 1145 1115 ²¹
1176 1090 1221 1134 in
1245 1103 1376 1152 porta
1398 1090 1670 1154 Trigemina
1691 1090 1948 1152 aliquandiu
1974 1111 2095 1142 acer-

88 1177 201 1222 rima
227 1187 383 1235 pugna
406 1170 632 1216 inhibuit:
669 1184 754 1214 nec
781 1169 912 1215 vivus
932 1167 1038 1230 pelli
1062 1167 1243 1230 potuit,
1278 1167 1351 1214 sed
1379 1168 1532 1213 multis
1558 1167 1793 1213 confe&us
1817 1170 2099 1238 vulneribus,

93 1252 390 1303 2²transitum
414 1252 476 1297 eis
498 1250 628 1315 super
663 1250 851 1295 cadaver
886 1247 1042 1303 suum,
1087 1245 1254 1306 credo,
1301 1248 1436 1294 etiam
1474 1248 1576 1311 post
1609 1248 1696 1294 fata
1730 1249 1925 1311 invitus,
1960 1253 2106 1300 dedit.

89 1330 333 1379 Laetorius
354 1343 505 1378 autem
533 1331 578 1375 in
603 1341 746 1392 ponte
775 1327 981 1374 Sublicio
1007 1324 1241 1383 constitit,
1277 1325 1324 1371 ἃ,
1348 1341 1479 1385 eum,
1513 1325 1661 1372 donec
1684 1327 1925 1375 Gracchus
1949 1330 2108 1378 tranfi-

89 1424 187 1470 ret,
226 1411 386 1457 ardore
409 1409 588 1471 spiritus
613 1407 675 1453 sui
698 1404 856 1469 sepsit:
892 1421 944 1451 ac
972 1405 1017 1451 vi
1033 1406 1127 1467 jam
1152 1403 1458 1449 multitudinis
1494 1403 1713 1463 obrutus,
1754 1407 1970 1453 converso
1996 1410 2041 1455 in
2066 1409 2107 1456 se

96 1489 252 1553 gladio
268 1523 282 1547 ‚
317 1488 453 1535 celeri
474 1486 583 1534 saltu
608 1484 889 1548 profundum
913 1485 1098 1532 Tiberis
1120 1485 1256 1547 petiit
1279 1502 1290 1531 :
1336 1501 1560 1549 quamque
1582 1487 1627 1531 in
1649 1502 1703 1531 eo
1734 1499 1877 1549 ponte
1907 1487 2104 1537 charita-

95 1584 190 1619 tem
228 1568 317 1615 toti
353 1568 520 1631 patriae
554 1567 776 1614 Horatius
810 1565 977 1612 Cocles
1018 1563 1322 1623 exhibuerat,
1374 1567 1508 1612 unius
1540 1565 1766 1611 amicitiae
1806 1566 1978 1630 adjecta
2013 1585 2096 1615 vo-

2001 1645 2103 1692 lun·

150 1787 206 1813 12.
234 1772 499 1822 Interrogatione
520 1771 660 1822 Laelii]
694 1774 720 1807 Α
743 1771 836 1810 Plut.
858 1783 892 1820 p.
908 1771 991 1816 726.
1022 1771 1076 1809 di·

96 1827 190 1865 citur
213 1826 458 1871 interrogatus
478 1836 495 1860 a
520 1823 660 1861 Nasica.
692 1823 932 1861 PERlZON.

154 1890 210 1920 13.
236 1878 273 1913 In
294 1874 401 1912 eodem
422 1873 765 1926 constantiaegradu]
796 1875 849 1912 Ita
860 1872 1079 1911 solusperiz.

90 1928 227 1975 Yeliqtu
246 1938 332 1964 cum
362 1926 467 1973 Mog.
498 1929 534 1961 in
563 1926 672 1961 eodem
699 1927 861 1974 constanti
882 1925 1005 1974 gradu..
1039 1927 1077 1963 ὃς

95 1977 144 2015 fic
162 1976 256 2016 Edd.
293 1978 389 2013 Ven.
417 1977 455 2012 ὅς
473 1975 629 2014 Mediol.

153 2042 206 2075 ¹4·
235 2028 274 2062 Si
292 2027 382 2061 modo
396 2026 558 2062 Gracchus
568 2025 756 2075 annuiffet]
785 2026 898 2064 Forte
911 2027 1075 2075 innmffet.

100 2076 346 2116 PERIZON.
366 2077 458 2113 Ter.
479 2076 587 2114 Adel.
612 2089 714 2115 11.1.
732 2088 789 2120 17.

152 2146 211 2178 Ne
229 2153 318 2177 mora
337 2139 383 2183 sit
397 2166 408 2181 ‚
428 2140 459 2184 fi
478 2141 663 2183 innuert‘m,
687 2141 910 2190 quinpugnus
927 2141 1079 2176 continuo

277 2193 314 2225 in
333 2190 424 2224 mala
443 2189 586 2226 baereat.

101 2256 140 2293 ὃς
157 2265 204 2291 20
256 2251 360 2289 Haud
381 2255 563 2289 innueram.
589 2253 686 2290 Eun.
702 2264 760 2290 1v.
777 2265 804 2299 ςΔ
822 2264 857 2300 9.
885 2253 993 2294 nihil,
1017 2253 1081 2299 nifi

103 2305 217 2342 abiens
242 2304 323 2339 miln'
342 2305 466 2339 innuit.

158 2365 214 2402 ις.
243 2356 326 2403 Quis
348 2355 445 2389 illum
467 2353 664 2399 sceleratam
683 2350 824 2400 putaffet
846 2351 974 2401 sufffi’]
1001 2352 1076 2388 Po-

104 2405 228 2444 sterius
253 2405 405 2441 verbum
431 2402 529 2440 delet
561 2403 670 2439 Leid.
699 2401 786 2439 sext.
811 2401 945 2439 deinde
976 2402 1077 2440 Harl.

103 2458 188 2505 Quis
209 2470 274 2491 non
287 2460 360 2503 J‘am
382 2455 486 2491 etiam
498 2454 692 2504 sapientem.
719 2452 820 2490 idem
842 2455 969 2488 Iocutus
988 2454 1077 2501 fuis-

122 2519 163 2545 εἰ.

97 2512 129 2557 s
155 2556 210 2596 16.
237 2556 337 2604 Quisi
359 2555 460 2592 etiam
490 2568 555 2590 non
567 2551 778 2600 sapientem]
818 2553 861 2590 In
885 2554 1079 2592 manuscri-

102 2609 171 2658 ptis
189 2638 199 2653 ,
227 2607 312 2652 Quis
331 2608 519 2643 nemetiam.
569 2603 698 2640 Rfflste.
722 2603 855 2640 PIGH.

155 2670 211 2705 17,
237 2659 399 2705 Exempla
417 2653 626 2702 oboriuntur]
656 2653 788 2703 Ultraj.
819 2655 926 2702 prim.
947 2655 1077 2703 subori-

99 2721 211 2747 untur.
253 2707 356 2745 Harl.
394 2709 431 2745 &
469 2704 577 2743 Leid.
626 2705 713 2753 sept.
757 2706 914 2747 Conliltis
949 2715 995 2742 <J
1031 2721 1080 2744 re.

99 2761 171 2796 bus.

154 2811 209 2848 18.
240 2812 321 2845 Duo
341 2816 473 2843 tantum
493 2804 607 2853 amici]
633 2805 702 2843 Bit.
719 2803 824 2842 Barb.
843 2806 950 2855 prim.
973 2808 1079 2847 Leid.

101 2862 189 2910 sept.
215 2859 278 2896 duo
298 2870 410 2895 tamen
429 2858 538 2893 amici.

154 2925 209 2960 ¹9·
238 2910 430 2957 Pomponius
452 2916 498 2943 φ’
522 2904 710 2954 Laetorius]
745 2905 838 2944 Plut.
859 2907 896 2944 in
921 2907 1080 2948 Gracch.

95 2974 132 3011 p.
155 2975 238 3012 732.
269 2959 455 2998 Nominat
483 2960 698 3006 Pomponium
728 2961 775 2993 Ψ
807 2958 967 2996 Licinum.
1025 2961 1083 2998 O·

98 3013 165 3051 ros.
182 3026 222 3051 v.
239 3024 296 3051 12.
337 3008 540 3047 Laetorium.
565 3009 630 3057 qui
652 3008 749 3046 forte
773 3006 890 3047 didius
908 3010 979 3049 fuit
1000 3012 1083 3049 Lae-

1132 1770 1237 1807 torius
1260 1770 1407 1808 Licinus.
1432 1769 1678 1811 PERIZON.
1703 1774 1739 1810 in
1771 1772 1876 1810 MSS.
1906 1772 1964 1810 sex
1986 1773 2117 1812 dicitur

1132 1822 1303 1858 LeHorius
1330 1849 1340 1865 ‚
1376 1830 1415 1859 ut
1445 1823 1482 1859 in
1512 1823 1687 1860 omnibus
1717 1824 1799 1861 Edd
1843 1832 1984 1872 praeter
2001 1826 2111 1874 Mog.

1132 1884 1229 1923 quae
1253 1883 1337 1909 cum
1361 1874 1491 1910 ceteris
1515 1873 1623 1911 MSS.
1652 1877 1803 1910 Letort'us
1827 1877 1954 1912 servat.

1186 1935 1243 1960 20.
1273 1923 1346 1961 ,Ab
1365 1923 1885 1975 infestis&undiqueruentibus
1903 1924 1997 1973 telis]
2032 1924 2115 1964 MS.

1132 1974 1354 2021 Rubentibus.
1390 1974 1449 2010 scil
1493 1975 1696 2023 sanguine;
1744 1976 1848 2025 quod
1888 1977 2109 2014 notandum.

1129 2025 1204 2061 hoc
1223 2025 1322 2061 sensu
1339 2053 1349 2068 ,
1370 2025 1535 2073 undique
1557 2027 1811 2073 apparentibus
1838 2028 2011 2075 sanguine
2031 2039 2110 2066 ma-

1130 2076 1256 2112 culatis
1275 2075 1365 2112 telis.
1419 2076 1673 2114 PERIZON„

1181 2153 1242 2177 21.
1268 2143 1307 2175 ln
1331 2151 1430 2188 porta
1458 2140 1662 2191 trigemina]
1704 2141 1808 2179 Harl.
1837 2142 1875 2178 &
1906 2142 2019 2180 Pel‘i'l..
2073 2142 2112 2179 [m

1127 2200 1225 2237 porta
1245 2194 1439 2239 tergemina.
1498 2192 1602 2229 Leid.
1634 2193 1739 2239 prim.
1756 2194 1904 2242 gemina.
1937 2195 2024 2230 sext.
2050 2194 2113 2229 tri-

1125 2241 1290 2289 geminia.
1329 2240 1464 2277 deinde
1486 2241 1617 2290 Ultraj.
1640 2243 1707 2279 sec.
1739 2256 1794 2278 nec
1817 2246 1919 2279 vivus
1948 2246 2032 2280 velli
2052 2255 2110 2294 po-

1132 2291 1220 2332 tuit,
1245 2289 1304 2326 Bit
1323 2289 1431 2337 prim.
1458 2293 1570 2328 eve-ili.

1181 2363 1224 2389 22
1267 2352 1457 2399 Tranfitum
1477 2356 1524 2389 eis
1537 2357 1637 2403 super
1654 2354 1801 2395 cadaver
1813 2360 1912 2405 suum
1924 2355 2030 2403 dedit]
2061 2354 2109 2391 Ε-

1127 2401 1202 2449 jice
1230 2413 1315 2440 curn
1346 2404 1458 2441 MSto
1487 2406 1525 2440 w*
1554 2409 1613 2441 eis.
1664 2407 1893 2452 PERIZON
1944 2407 1988 2444 sic
2015 2405 2108 2454 post-

1134 2464 1175 2489 ea
1204 2453 1240 2489 in
1267 2455 1449 2503 triumphos
1479 2469 1586 2491 e‘orum
1609 2483 1620 2498 ,
1662 2454 1838 2504 'posterius
1880 2458 1972 2494 delet
2002 2453 2104 2491 Leid.

1134 2512 1250 2551 quart.
1269 2504 1366 2542 idem
1383 2515 1466 2542 cum
1491 2506 1577 2544 Brit.
1597 2505 1867 2552 prinmms'cmae
1879 2506 2102 2544 condmonem.

1174 2559 1392 2602 23.L.autem
1405 2557 1587 2606 Rheginus]
1602 2557 1677 2594 Hic
1689 2562 1714 2594 L
1738 2561 1901 2608 Rbegmw
1916 2555 2101 2604 posteriori

1134 2604 1350 2652 Q.Servilio
1380 2607 1586 2653 Caepioni,
1617 2610 1678 2657 qui
1699 2610 1780 2646 Cos.
1806 2610 1871 2646 fuit
1886 2618 1981 2642 anno
1994 2606 2035 2640 ab
2051 2605 2097 2642 U.

1134 2656 1273 2702 0648.
1305 2669 1418 2706 opem
1440 2659 1535 2695 ferre
1555 2667 1707 2696 conatus
1729 2659 1796 2700 est,
1836 2666 1873 2693 ut
1890 2655 2021 2692 author
2041 2655 2102 2692 hic

1132 2714 1264 2745 narrat.
1328 2710 1618 2746 commentator
1665 2708 1848 2745 Oliverius
1898 2705 2101 2743 introducit

1134 2760 1245 2796 etiam
1267 2769 1352 2795 eum
1374 2787 1385 2803 ,
1426 2760 1488 2808 qui
1510 2759 1632 2796 consul
1653 2759 1722 2795 fuir
1747 2769 1844 2794 anno
1867 2756 1951 2799 ὅτι,
1977 2758 2100 2804 inepte

1133 2820 1223 2846 meo
1245 2809 1398 2857 quidem
1430 2810 1579 2857 iudicio.
1639 2808 1813 2844 Ceterum
1845 2807 1904 2843 hic
1933 2808 2101 2844 Servilius

1133 2859 1297 2907 Caepio,
1332 2860 1391 2897 vel
1413 2861 1525 2898 rursus
1546 2859 1667 2906 capitis
1686 2869 1823 2904 poenas
1846 2857 1933 2900 luit,
1962 2867 2023 2895 aut
2046 2858 2100 2895 di-

1134 2912 1279 2948 versum
1302 2909 1348 2947 de
1367 2923 1414 2948 eo
1434 2910 1604 2948 authores
1623 2908 1864 2957 prodiderunt
1885 2924 1895 2950 ;
1936 2909 2098 2946 maxime

1135 2961 1198 2998 hic
1216 2960 1375 3006 author,
1411 2962 1473 3010 qui
1498 2959 1577 2996 Lib.
1590 2971 1651 2996 v1.
1680 2969 1756 3007 cap.
1784 2959 1860 2996 Ult.
1887 2960 1973 2996 dicit
1999 2959 2100 2996 hunc

1137 3011 1372 3060 Caepionem
1405 3013 1444 3049 in
1482 3009 1634 3048 vinculis
1673 3008 1876 3058 expirasse.
1911 3012 1948 3048 ὃς
1968 3020 2100 3058 corpus

2025 3072 2104 3104 exus
