2516 3509
283 103 423 159 DE
510 101 894 160 RATrs
979 98 2126 177 TESTAMENT18.6·89

189 207 300 261 Vita
333 208 560 258 Tuditani
591 207 797 256 demens:
848 208 1080 258 Aebuciae
1112 223 1264 259 autem
1287 245 1304 271 ,
1351 217 1368 248 5
1404 222 1517 272 quae
1551 207 1610 255 L.
1646 207 1854 255 Menenii
1890 207 2125 274 Agrippae

121 307 241 339 uxor
274 289 448 349 fuerat,
483 288 660 336 tabulae
694 288 946 337 testamenti
982 291 1136 354 plenae
1170 290 1349 339 furoris.
1400 290 1528 336 Nam
1564 304 1671 336 cum
1706 289 1890 336 haberet
1921 289 2028 336 duas
2061 288 2118 337 fi-

124 369 339 417 millimae
372 368 612 433 probitatis
647 367 758 414 filias
794 366 814 394 ⁶
837 368 1109 417 Plaetoriam
1145 369 1194 417 ὃς
1229 368 1493 427 Afraniam,
1529 368 1665 414 animi
1699 366 1763 413 sui
1798 369 1952 432 potius
1986 369 2115 416 incli-

124 449 306 496 natione
340 446 582 512 proversta,
605 462 741 512 quam
772 448 873 496 ullis
908 449 1086 498 alterius
1121 449 1296 514 injuriis
1330 461 1409 497 aut
1442 446 1605 495 officiis
1640 460 1902 506 commota,
1934 448 2113 496 Plaeto-

130 669 213 695 eam
235 657 435 695 haeredem
460 655 610 694 instituit
623 658 728 706 J‘ure‚
753 656 913 706 legibus,
942 658 1101 697 auetori-
1121 661 1128 668 '

131 718 205 746 tate
225 711 397 747 omnium
414 737 424 754 ‚
452 709 515 757 qui
533 707 834 753 consulebantur,
862 709 946 758 quia
976 711 1100 748 census

129 771 208 796 non
240 769 328 798 erat.
360 761 398 797 ὃ(
422 759 542 797 Annia
576 759 708 797 mulier
741 761 964 807 pecuniosa,
995 761 1100 810 quod

129 810 235 848 censa
262 823 339 848 non
359 819 457 855 erat,
476 809 675 847 haeredem
706 810 793 847 fecit
825 810 950 849 filiam.
971 813 1099 860 Quare

130 861 267 899 Cicero
289 863 447 910 exagitat
457 862 612 898 Verrem
634 860 736 910 quod
753 869 947 908 praetextu
965 863 1096 900 Voco-

135 914 218 949 niae
253 913 513 950 testamentum
543 913 659 948 Annii
686 911 840 950 rescidit.
885 923 915 950 e.
948 925 1006 959 41.
1038 926 1096 961 44.

134 963 232 1001 unde
260 964 351 1000 haec
382 964 508 1000 omnia
530 962 687 1000 delibata
713 962 803 1000 sunt.
856 962 958 1000 Male
981 975 1098 1012 expo-

133 1015 189 1051 nit
208 1014 344 1051 Ascon.
368 1012 488 1061 legem
509 1013 726 1051 Voconiam
745 1014 783 1049 in
804 1013 989 1051 vocabulo
1009 1025 1097 1052 cen-

134 1065 203 1102 sus.
225 1064 310 1101 vide
332 1065 370 1101 &
391 1065 550 1101 omnino
573 1065 784 1102 Hotoman.
814 1063 859 1102 ad
878 1064 1097 1103 Asconium.

132 1115 378 1152 PERIZON.
413 1115 498 1162 Egit
522 1114 680 1163 pluribus
700 1115 768 1151 hac
789 1114 835 1151 de
856 1127 894 1152 re
916 1115 970 1153 Cl.
997 1116 1098 1153 Peri·

131 1167 262 1203 zonius
298 1166 334 1202 in
366 1164 629 1203 Differtatione
677 1165 722 1202 de
769 1164 849 1214 lege
889 1167 1064 1204 Voconia
1088 1194 1098 1211 ,

133 1228 246 1266 quam
273 1216 369 1253 vide.
394 1216 603 1254 consultum
626 1224 752 1253 tamen
769 1217 956 1264 judicavi,
982 1217 1074 1254 haec
1089 1245 1099 1262 ‚

133 1279 230 1317 quae
250 1267 287 1303 in
307 1266 444 1304 schedis
466 1267 572 1316 ipfius
584 1266 911 1316 repe1·iebam,hue
931 1267 1103 1315 adjicere.

134 1320 342 1365 Testamenta
356 1319 473 1366 filium
491 1318 598 1355 MSS.
625 1319 796 1355 retinent.
816 1319 971 1366 Guyeto
989 1319 1102 1357 etiam

133 1368 301 1418 placebat
324 1368 445 1417 legere
473 1368 674 1416 Tellamento
704 1371 734 1405 is
761 1369 910 1415 Ofilium.

136 1432 217 1467 ..4.
246 1421 373 1467 Hastae
389 1419 510 1465 judicio
520 1420 715 1468 sub-vertere
731 1431 865 1456 conatus
885 1419 949 1470 est]
977 1422 1105 1469 Hastae

128 1470 293 1520 judicium
312 1472 360 1508 est
378 1471 482 1519 quod
505 1471 825 1508 centumvirorum
847 1471 916 1508 fuit
927 1487 938 1515 ;
953 1471 998 1509 de
1020 1473 1101 1522 qui-

138 1521 202 1559 bus
232 1522 342 1570 paulo
373 1529 458 1559 ante
487 1521 532 1559 ad
547 1534 618 1558 vu.
647 1532 679 1567 7.
711 1535 741 1560 1.
769 1520 921 1559 diuum.
974 1524 1104 1560 Voca-

134 1580 221 1610 tum
250 1580 374 1610 autem
403 1572 451 1610 est
480 1573 529 1610 ita
552 1600 562 1615 ‚
609 1571 712 1622 quod
742 1571 858 1620 possta
891 1573 987 1611 hasta
1017 1585 1104 1610 cen-

140 1624 293 1661 tumviri
321 1623 366 1660 ad
391 1623 470 1660 lites
497 1623 712 1672 judicandas
741 1624 979 1671 cogebantur.
1016 1624 1105 1662 Sue-

136 1674 260 1711 tonius
290 1674 388 1722 Aug.
416 1685 446 1710 c.
475 1675 534 1722 36.
561 1676 707 1713 ,Ᾰιιέῖον
725 1675 797 1720 suit
817 1685 855 1711 ut
882 1677 1100 1711 centum-vira-

134 1726 198 1760 lem
218 1725 367 1772 hastam,
400 1737 501 1774 quam
529 1728 708 1774 quaestura
734 1725 843 1769 func‘h'
870 1728 1106 1773 consueverant

133 1789 266 1827 cogere,
287 1774 463 1811 decemviri
482 1786 642 1826 cogerent.
664 1775 861 1814 VORST.

184 1840 220 1875 ς.
255 1827 349 1874 Qae
380 1830 422 1862 L.
451 1827 612 1862 Menenio·
637 1828 830 1878 Agrippae
855 1840 942 1864 uxor
969 1826 1104 1877 fuerat]

134 1877 320 1915 Extremis
342 1878 448 1925 Reip.
474 1877 703 1926 temporibus
732 1876 823 1914 nulli
851 1877 1001 1916 fuerunt
1019 1882 1104 1914 Me-

132 1929 222 1965 nenii
243 1956 253 1971 ‚
299 1928 394 1965 adeo
429 1935 468 1964 ut
509 1939 632 1978 neque
661 1928 699 1965 in
727 1927 905 1976 lapidibus
938 1941 980 1967 ea
1009 1940 1098 1978 gens

134 1988 318 2027 appareat.
378 1979 426 2015 Et
471 1977 497 2014 si
538 1979 702 2017 maxime
748 1977 893 2017 fuissent
912 2007 924 2023 ,
978 1979 1103 2029 loqui-

133 2037 192 2065 tur
227 2029 288 2065 hic
324 2028 451 2066 auCtor
493 2029 593 2077 quafi
628 2029 673 2067 de
715 2028 873 2067 homine
913 2029 1101 2067 celeberri-

140 2091 229 2122 mo,
260 2090 348 2115 cum
384 2079 588 2117 Aebuciam
617 2080 662 2117 ab
688 2080 765 2128 ejus
793 2081 970 2128 conjugio
998 2092 1101 2128 prae-

138 2131 244 2178 cipue
273 2130 311 2167 &
339 2129 456 2166 solum
494 2129 681 2175 describ-it,
719 2141 804 2167 cum
833 2139 961 2168 tamen
986 2130 1044 2168 illa
1071 2131 1101 2168 i·-

136 2182 197 2230 psa
236 2181 346 2217 etiam
384 2179 556 2217 Plaetorii
603 2181 642 2218 8(
674 2181 820 2218 Afranii
858 2181 970 2218 fuerit
1008 2192 1101 2219 con-

135 2234 213 2282 jux.
253 2230 413 2268 Videtur
433 2231 558 2280 itaque
579 2229 779 2279 legendum
804 2233 843 2268 L.
868 2229 1102 2274 Meneniidl-

127 2285 272 2334 grippae
299 2282 337 2318 F.
365 2281 401 2319 id
433 2281 503 2324 est,
529 2282 617 2328 filii.
661 2283 761 2319 Nam
793 2281 977 2320 adduntur
1009 2283 1103 2321 haec

136 2345 216 2371 non
238 2333 349 2370 alium
387 2333 423 2369 in
457 2331 570 2369 finem
600 2332 638 2369 in
663 2332 738 2369 hoc
764 2332 963 2382 exemplo,
985 2346 1098 2383 quam

137 2393 179 2422 ut
207 2383 425 2421 describatur
451 2382 618 2420 Aebucia
634 2411 644 2427 ,
682 2381 825 2421 neceffe
852 2395 953 2432 ergo-
968 2385 1034 2429 est,
1061 2393 1101 2422 ut

138 2435 250 2473 fuerit
284 2434 404 2471 homo
442 2433 645 2471 notiffimus
685 2435 723 2472 &
754 2434 975 2473 clariffimus.
1030 2435 1102 2474 Sed

136 2493 265 2523 tamen
294 2485 440 2522 Afranii
465 2485 505 2522 &
533 2484 707 2522 Plaetorii
739 2496 786 2522 eo
821 2493 995 2534 tempore
1021 2498 1099 2525 non

137 2536 400 2579 inveniuntur,
436 2535 498 2573 sed
526 2547 593 2585 pro
620 2537 791 2572 Plaetorio
818 2536 842 2573 f.
876 2537 1100 2585 legendum,

138 2587 304 2623 Laetorio.
328 2598 424 2636 quae
452 2588 638 2637 antiquior
661 2598 761 2634 gens.
782 2587 949 2625 Aebucia
975 2596 1100 2627 autem

138 2649 227 2686 gens
257 2636 319 2674 illo
348 2646 520 2686 tempore
551 2639 716 2675 maxime
745 2637 878 2675 floruit.
934 2638 1004 2677 Sed
1031 2639 1100 2678 illis

140 2687 371 2737 temporibus
398 2688 538 2727 facilius
566 2689 672 2727 nobis
701 2688 817 2738 potest
843 2690 956 2727 latere
987 2701 1099 2739 gens,

141 2751 255 2789 quam
278 2745 446 2776 extremo
466 2741 572 2788 Reip.
589 2748 773 2788 tempore.
789 2738 837 2776 fic
850 2741 988 2791 Racilio
1008 2754 1101 2779 uxor

143 2789 334 2839 Quidni,
361 2801 447 2826 cum
475 2798 603 2828 tamen
628 2791 689 2828 alii
708 2803 755 2828 eo
773 2792 930 2828 nomine
950 2803 1028 2829 non
1046 2793 1103 2830 in-

142 2843 350 2879 veniantur.
412 2840 547 2878 Forsan
573 2850 701 2879 tamen
735 2842 846 2879 etiarn
875 2842 983 2880 alicui
1009 2843 1103 2882 istius

142 2892 384 2931 mulierculae
411 2891 550 2929 fadum
566 2904 666 2936 ,non
686 2893 769 2930 sane
790 2891 897 2931 valde
915 2893 1079 2933 notabile
1093 2923 1104 2940 ‚

143 2943 327 2981 videbitur
363 2954 440 2980 non
470 2942 576 2980 facile
605 2956 650 2981 ex
677 2952 755 2982 tam
776 2945 932 2995 antiquis
958 2952 1107 2997 tempo-

142 2994 240 3035 ribus
262 2993 308 3034 ad
317 2994 459 3033 Valerii
477 3002 649 3045 tempora
670 2996 708 3035 ὅτ
731 2996 957 3037 memoriam
976 3009 1109 3048 perve-

2005 530 2116 577 riam

1151 657 1251 697 ni‘ffe.
1300 658 1448 697 Verum
1477 665 1678 709 potuerunt
1711 658 1787 707 ejus
1817 658 1868 695 rei
1895 660 2016 696 variae
2046 657 2115 695 osse

1152 708 1316 754 caussae,
1345 711 1382 748 ὃς
1401 712 1498 748 forte
1529 709 1589 748 vel
1616 710 1654 747 in
1683 710 1780 747 libris
1802 709 1891 757 juris
1922 718 2114 758 receptum

1152 759 1248 807 effe,
1276 760 1335 799 vel
1365 762 1403 799 in
1430 760 1633 799 Annalibus
1660 760 1907 803 familiarum,
1935 772 2023 810 quas
2046 761 2111 798 ha-

1149 811 1283 850 bebant
1308 812 1488 851 nonnulli.
1541 812 1624 848 Nec
1653 810 1767 848 obstat
1797 811 1908 848 etiarn
1931 811 2033 861 quod
2055 823 2112 849 ra-

1151 864 1222 900 ri-us
1251 862 1420 901 Valerius
1451 863 1565 900 Patris
1593 873 1824 910 praenomen
1854 862 1961 900 alicui
2002 862 2113 900 addit.

1150 913 1295 951 Fecerit
1323 915 1424 952 enim
1453 912 1542 950 illud
1567 912 1641 949 hoc
1668 912 1706 949 in
1735 912 1822 949 loco
1855 922 2004 962 propter
2030 913 2113 950 infi-

1145 975 1260 1013 gnem
1295 964 1584 1012 praeclaritatem
1611 963 1735 1000 Patris.
1773 962 1820 1000 fic
1848 964 1952 1011 supra
1978 967 2114 1003 Arum

1147 1015 1329 1065 Tarquinii
1347 1016 1530 1066 superioris
1551 1015 1661 1060 filius.
1686 1015 1766 1051 imo
1797 1015 1834 1051 ὅ(
1853 1023 1994 1063 patrem
2023 1026 2043 1052 a
2071 1015 2112 1054 fi<

1147 1065 1199 1103 lio
1220 1065 1399 1104 describit.
1426 1069 1486 1103 Cn.
1511 1067 1682 1115 Pompejus
1693 1066 1825 1115 Magni
1843 1068 1946 1102 Pater
1962 1077 2111 1115 V1.9.9.

1149 1115 1196 1153 fic
1215 1117 1254 1154 ὃς
1274 1117 1370 1165 apud
1393 1116 1486 1155 Gell.
1514 1116 1562 1153 L.
1589 1128 1684 1153 xvn.
1712 1127 1745 1153 c.
1773 1115 1836 1153 ult.
1863 1120 2026 1153 Menenio
2045 1122 2113 1159 «Λ-

1143 1169 1268 1218 grippa
1288 1176 1334 1204 ω’
1357 1172 1417 1207 M.
1438 1169 1587 1204 Horatio
1605 1167 1759 1203 Pulvillo
1786 1166 1868 1214 Coff.
1904 1178 1987 1205 cum
2005 1195 2015 1212 ‚
2050 1168 2115 1205 nifi

1153 1218 1226 1266 ipse
1245 1218 1383 1256 Gellius
1404 1218 1600 1261 erraverit,
1638 1217 1741 1264 quod
1763 1216 1953 1266 contigisse
1977 1220 2120 1267 potuit,

1152 1268 1352 1317 legendum
1384 1268 1436 1307 fit.
1475 1270 1515 1305 T.
1543 1271 1702 1305 Menenio
1719 1270 1906 1318 :Agrippae
1924 1272 1961 1306 F.
1986 1272 2024 1306 C.
2041 1272 2117 1305 Ho-

1152 1323 1242 1357 ratio
1267 1321 1426 1356 Pulvillo
1463 1318 1545 1367 Coss.
1573 1317 1690 1357 videri
1716 1318 1821 1367 poffit
1849 1330 1895 1356 eo
1923 1320 2038 1367 magis
2062 1331 2118 1357 er-

1155 1382 1217 1408 ror
1235 1368 1305 1408 effe
1324 1371 1478 1415 librarii,
1506 1370 1593 1420 quia
1612 1369 1692 1418 post
1710 1370 1881 1421 eAgrippa
1897 1378 2113 1419 corruptum

1155 1422 1267 1458 etiarn
1287 1421 1335 1459 est
1355 1422 1509 1472 sequens
1529 1431 1772 1470 praenomen.
1795 1421 2000 1468 Quamvis,
2027 1423 2113 1470 quia

1152 1472 1284 1521 legitur
1312 1475 1429 1510 Marci
1454 1501 1465 1516 ,
1503 1471 1608 1521 poffit
1636 1471 1749 1509 etiam
1777 1478 1976 1520 utrumque
2003 1473 2119 1510 videri

1155 1535 1279 1561 errore
1291 1523 1401 1560 Gellii
1422 1522 1527 1572 ipfius
1545 1520 1710 1560 accidisse
1722 1550 1733 1566 ,
1754 1522 1841 1571 quia
1859 1523 2041 1558 Menenius
2051 1528 2121 1564 eA-

1147 1575 1271 1625 grt'ppa
1293 1574 1563 1613 Celeberrimus
1588 1575 1626 1611 ὃ(
1645 1574 1705 1610 M.
1735 1573 1900 1610 Horatius
1918 1573 2047 1610 itidem
2062 1601 2071 1615 ,
2085 1575 2122 1611 ὅ(

1156 1625 1274 1673 plures
1303 1637 1350 1662 eo
1383 1634 1557 1674 tempore
1585 1624 1734 1662 fuerunt
1762 1626 1822 1661 M.
1844 1625 1996 1660 Horatii.
2027 1624 2120 1661 adde

1158 1675 1262 1723 quod
1290 1675 1427 1714 eodem
1456 1676 1575 1724 capite
1605 1686 1696 1713 mox
1727 1678 1791 1716 εΛ.
1813 1675 2012 1721 Postumium
2042 1677 2122 1710 Tor-

1157 1735 1298 1776 quatum
1326 1727 1453 1764 scribit.
1501 1725 1550 1763 fic
1579 1725 1673 1762 infra
1708 1726 1754 1773 Q.
1788 1727 1966 1774 pompejus
1993 1731 2056 1766 (A.
2083 1729 2121 1763 F.

1156 1777 1221 1826 qui
1251 1776 1347 1825 apud
1375 1778 1534 1826 Appian.
1569 1777 1607 1813 in
1637 1775 1765 1813 Iberic.
1791 1783 1947 1813 vocatur
1976 1774 2123 1814 Koiv‘s&

1157 1830 1348 1871 mwrn‘i&
1375 1827 1503 1868 Αὸλεῷ-
1519 1825 1620 1866 Aba
1643 1828 1700 1871 υἱὸς.
1715 1827 1826 1865 Xeno
1837 1827 2033 1864 Menenius
2046 1827 2123 1863 Cic.

1158 1878 1196 1915 in
1215 1879 1305 1916 Ver.
1331 1878 1380 1917 L.
1408 1891 1471 1916 111.
1499 1890 1529 1916 c.
1553 1891 1613 1915 22.
1635 1876 1706 1915 Sed
1724 1877 1867 1915 videtur
1889 1876 1960 1914 esse
1977 1888 2118 1915 nornen

1153 1929 1228 1967 loci
1251 1928 1334 1967 vide
1357 1930 1395 1967 &
1416 1941 1447 1968 c.
1473 1942 1532 1980 43.
1558 1929 1644 1966 hinc
1671 1929 1779 1976 igitur
1797 1936 1897 1978 patet
1916 1928 2013 1965 unde
2030 1940 2119 1976 gens

1159 1982 1321 2017 Menenia
1353 1979 1448 2019 dicia
1478 1980 1529 2018 fit.
1554 1979 1802 2018 PERIZON.
1845 1979 1951 2017 MSS.
1984 1979 2116 2028 Ultraj.

1153 2031 1261 2079 prim.
1288 2033 1420 2069 Mevii.
1447 2031 1514 2069 sec.
1536 2032 1577 2069 ὃς
1600 2030 1707 2068 Leid.
1734 2031 1821 2068 sext.
1845 2031 1972 2068 Menit'.

1202 2082 1238 2123 6.
1266 2083 1473 2120 Plaetoriam
1495 2080 1774 2130 &Afraniam]
1813 2081 1848 2118 A
1866 2081 1996 2130 Pighio
2026 2082 2118 2119 haef:

1151 2131 1254 2177 sunt,
1281 2143 1366 2170 cum
1387 2142 1471 2171 ante
1489 2133 1605 2182 ipsum
1627 2132 1828 2183 legeretur,
1858 2134 2047 2168 Pletoniam
2069 2142 2113 2167 <⁷3⁶

1153 2183 1403 2232 aspha-oniam,
1441 2191 1482 2221 ut
1504 2183 1552 2220 est
1580 2184 1618 2220 in
1647 2183 1896 2231 compluribus
1915 2183 2019 2220 MSS.
2049 2183 2117 2220 Sed

1153 2233 1258 2271 Med.
1280 2235 1389 2282 prim.
1413 2236 1601 2271 Pletoniam
1620 2234 1884 2283 &estffloriam
1910 2234 1978 2271 sec,
2007 2236 2118 2271 Plero-

1152 2285 1246 2321 niam
1265 2287 1532 2331 &affranium
1557 2283 1664 2321 Leid.
1684 2284 1753 2321 sec.
1774 2285 1907 2322 &sexu
1928 2288 2116 2321 Petroniam

1151 2336 1419 2381 &Afroniam
1441 2344 1552 2386 atque
1571 2335 1621 2373 ita
1653 2335 1766 2373 etiam
1794 2336 1886 2373 infra
1901 2364 1910 2379 ‚
1930 2335 1993 2374 nisi
2015 2336 2115 2386 quod

1151 2386 1190 2423 in
1217 2386 1323 2424 Med.
1349 2387 1418 2424 sec.
1446 2387 1494 2425 est
1514 2385 1694 2436 Afflonia.

1202 2447 1238 2482 7·
1265 2437 1363 2474 filiis
1388 2438 1491 2474 etiam
1508 2437 1719 2487 estphroniae
1738 2450 1779 2473 ex
1806 2436 1977 2474 admodum
2005 2437 2113 2482 amplo

1145 2488 1350 2538 patrimonio
1368 2484 1497 2539 vtsginti
1516 2502 1666 2525 nummos
1688 2488 1838 2541 legavit]
1868 2489 1973 2525 Haec
1993 2485 2112 2522 multo

1153 2538 1352 2577 correctius
1385 2539 1424 2577 in
1455 2539 1720 2578 Wincheliano
1748 2539 1895 2588 aliisque
1921 2536 2114 2573 manuscri-

1152 2589 1245 2639 ptis,
1272 2591 1370 2626 filiis
1390 2602 1501 2630 autem
1512 2592 1700 2638 <Afraniae
1716 2605 1757 2626 ex
1768 2592 1829 2638 suo
1849 2585 2020 2623 admodum
2039 2600 2113 2622 am-

1151 2642 1207 2689 plo
1236 2643 1438 2690 patrimonio
1469 2643 1606 2693 viginti
1634 2642 1730 2678 milia
1770 2635 1934 2675 nummdm
1971 2638 2114 2687 legavit.

1149 2691 1293 2730 PIGH.
1345 2693 1485 2743 Viginti
1509 2694 1631 2730 millia.
1674 2690 1820 2728 Rec‘tius
1847 2689 1885 2725 δε
1911 2698 1955 2723 ex
1982 2699 2112 2731 more,

1151 2742 1212 2781 lib.
1233 2743 1384 2781 Daniel.
1409 2745 1538 2795 viginti
1556 2739 1905 2780 num12m.COLER.
1931 2738 2031 2774 Filiis
2051 2752 2112 2774 am

1152 2804 1216 2831 tem
1228 2796 1414 2841 2Afraniae
1443 2809 1485 2831 ex
1507 2797 1569 2843 suo
1590 2790 1763 2829 admodum
1787 2790 1896 2836 amplo
1913 2789 2114 2837 patrimonio

1152 2845 1282 2896 ‘viginti
1310 2860 1476 2883 nummum
1502 2846 1642 2896 legavit.
1691 2846 1757 2878 Suo
1784 2838 1937 2889 quidam
1967 2839 2114 2876 codices

1154 2908 1235 2934 non
1262 2896 1411 2935 habent.
1470 2897 1541 2934 Pro
1567 2893 1694 2945 viginti
1722 2904 1910 2933 nummum,
1946 2890 2049 2939 quod
2075 2891 2113 2926 in

1156 2959 1236 2986 uno
1263 2948 1347 2987 cod,
1373 2947 1502 2987 Brand.
1536 2947 1594 2991 ὃς,
1630 2951 1671 2981 ut
1699 2941 1855 2979 Colerus
1883 2940 2050 2984 testatur,
2077 2941 2115 2976 in

1160 2998 1245 3039 cod·
1279 2999 1319 3040 P.
1356 3000 1454 3040 Dan.
1494 2997 1566 3044 est,
1611 2994 1669 3035 alii
1708 2993 1880 3039 codices,
1916 2993 2027 3042 inque
2062 2991 2116 3027 his

1238 3050 1246 3051 ’
1696 3043 1770 3083 Sss
1797 3043 1819 3082 s
2030 3051 2123 3080 unus
