2516 3509
555 126 692 183 DE
786 125 1539 184 PATIENTIA.
1945 126 2056 198 267

45 247 112 296 te,
145 249 236 282 cum
257 234 396 281 vitam
416 246 551 281 meam
564 233 736 293 petieris
751 264 768 288 ,
801 247 829 278 a
852 247 916 278 me
941 235 1037 280 vita
1058 233 1272 280 donatum.
1338 229 1487 294 Cujus
1517 217 1804 278 clementiam
1830 243 1925 277 non
1945 228 2056 276 adu-

48 316 163 362 latus
182 313 401 371 Mucius,
436 309 609 357 tristior
629 308 848 357 Porsenae
868 307 1028 371 salute,
1063 327 1198 375 quam
1217 310 1290 357 sua
1317 308 1505 368 laetior,
1539 315 1560 349 7
1583 307 1684 356 urbi
1704 308 1746 355 se
1778 324 1887 355 cum
1910 319 2052 356 aeter·

45 409 125 442 nae
142 391 313 455 gloriae
334 390 644 456 cognomine,
679 392 920 437 Scaevolam
941 390 1150 438 reddidit.
1500 442 1504 443 ⁷

114 467 366 534 8Pompeji
389 470 529 516 etiarn
551 468 797 532 probabilis
821 469 990 517 virtus:
1029 471 1108 534 qui
1127 468 1240 515 dum
1264 462 1504 530 legationis
1527 460 1686 510 officio
1710 462 2002 527 fungeretur,
2026 466 2052 514 a
2067 460 2246 530 Annffiffl

53 546 230 595 Gentio
252 561 359 611 rege
379 546 684 608 interceptus,
718 561 827 592 cum
859 544 1030 591 senatus
1060 542 1246 590 consilia
1276 538 1470 604 prodere
1492 535 1769 600 juberetur,
1792 538 1966 585 ardenti
1986 541 2141 618 lii-{gg-
2172 540 2266 581 cnei,

49 641 208 672 cernae
227 625 466 672 admotum
492 624 693 690 digitum
715 623 1009 671 cremandum
1034 621 1264 686 praebuit:
1288 624 1309 654 9
1329 633 1469 681 eaque
1492 616 1708 679 patientia
1728 617 1827 681 regi
1853 616 1984 665 simul
2008 619 2056 666 δεῖ

49 700 406 766 desperationem
429 702 671 749 tormentis
705 702 952 764 quicquam
971 715 1027 745 ex
1050 698 1091 744 se
1124 695 1430 763 cognoscendi
1460 691 1675 753 excussit,
1711 693 1760 740 &
1783 695 2061 759 expetendae

52 782 216 848 populi
247 783 392 828 Rom.
427 781 651 827 amicitiae
672 795 883 842 magnam
909 777 1209 842 cupiditatem
1231 773 1530 842 ingeneravit.
1584 772 1656 818 Ac
1680 788 1737 818 ne
1758 773 1887 837 plura
1907 774 2061 839 hujus-

52 879 105 910 ce
126 862 300 927 gen-eris
330 860 537 924 exempla
564 859 692 905 domi
710 858 977 917 scrut-ande,
1012 857 1180 920 saepius
1203 855 1257 901 ad
1279 855 1484 901 civilium
1503 851 1731 899 bellorum
1753 851 2056 902 detestandam

32 941 320 989 ,memoriam
344 938 560 1003 progredi
584 953 751 1001 cogar,
786 937 964 982 duobus
984 936 1130 981 Rom.
1152 930 1372 994 exemplis
1393 942 1660 986 contentus,
1694 945 1807 992 quae
1840 945 1891 977 ut
1910 931 2057 979 claris-

54 1019 266 1066 simarum
294 1015 565 1062 familiarum
597 1011 1069 1072 commendationem,
1118 1011 1180 1058 ita
1205 1010 1380 1057 nullum
1401 1009 1643 1074 publicum
1665 1027 1923 1060 moerorem
1946 1029 2057 1061 con⁴⁷

54 1097 230 1154 tinent,
260 1107 443 1141 externa
463 1091 737 1140 subnectam.

1954 1174 2060 1221 Ex-

61 1302 185 1339 virtus.
215 1301 395 1351 Quisnam
424 1301 486 1339 hic
517 1303 688 1350 Pompeius
718 1300 828 1339 fuerit
856 1299 995 1349 legatus
1015 1299 1035 1338 a
1085 1298 1267 1349 juslegati
1287 1295 1510 1347 ingenerasse
1532 1298 1608 1347 regi
1630 1310 1804 1347 magnam
1822 1299 2062 1349 cupiditatem

60 1353 204 1390 Gentio
227 1364 312 1401 rege
330 1354 575 1401 interceptus,
606 1352 801 1390 obscurum
821 1353 905 1389 sane
933 1352 1038 1390 nobis

61 1403 120 1442 est.
177 1404 220 1441 In
240 1405 354 1442 Livio
382 1403 532 1453 quidem
562 1403 659 1441 nulla
679 1404 755 1452 ejus
774 1404 918 1440 mentio
933 1432 944 1448 ,
972 1402 1039 1440 nifi

60 1455 100 1492 in
132 1455 207 1502 ejus
242 1455 325 1493 belli
349 1455 497 1493 historia
529 1454 622 1492 libro
652 1466 754 1491 xtrv.
792 1456 1036 1503 internupta,

62 1505 304 1556 mutilataque
334 1507 481 1555 perierit
501 1534 511 1550 ,
545 1506 608 1543 ubi
638 1507 694 1542 M.
722 1506 971 1554 Perpernam,
1000 1507 1038 1544 &

63 1557 108 1593 L.
126 1556 311 1594 Petillium
336 1559 452 1595 Rom.
479 1557 619 1604 legatos
642 1556 662 1594 a
686 1557 826 1595 Gentio
848 1568 933 1606 rege
956 1557 1040 1594 mis-

59 1608 117 1644 sos
143 1609 181 1644 in
214 1607 415 1646 custodiam
445 1608 585 1652 scribit,
614 1609 652 1645 ὃς
672 1608 795 1656 postea
817 1619 902 1656 rege
930 1617 1040 1657 capto

61 1657 83 1695 ὲ
122 1659 169 1695 L.
192 1659 330 1696 Acinio
358 1667 529 1708 praetore
556 1658 751 1704 liberatos,
780 1660 818 1697 ὃς
848 1660 947 1696 forte
965 1660 1041 1697 hoc

61 1708 152 1746 loco
166 1737 176 1753 ,
198 1711 378 1759 Perpernae
392 1739 401 1754 ,
424 1721 492 1758 pro
512 1712 656 1760 Pompeji
670 1738 680 1755 ‚
702 1709 914 1759 legendum.
943 1712 1042 1747 Pom-

57 1765 140 1809 peja
170 1760 324 1809 quidem
356 1772 444 1809 gens
476 1773 523 1798 eo
546 1770 720 1810 tempore
742 1760 950 1800 admodum
974 1761 1042 1799 ob-

59 1811 160 1849 scura
178 1811 297 1849 adhuc
320 1812 412 1856 fuit,
439 1812 765 1860 quemadmodum
788 1824 832 1850 ex
854 1812 1040 1850 Cicerone

60 1862 234 1911 colligere
257 1864 326 1901 est:
359 1863 498 1902 Nobile
519 1871 645 1900 tamen
669 1863 759 1902 illud
778 1863 918 1901 factum
939 1866 1042 1901 Pom-

56 1914 273 1962 pejimerito
293 1914 393 1952 viam
416 1913 462 1951 ad
481 1915 784 1953 omneshonores
796 1914 936 1964 aperire
958 1915 1041 1964 pol?-

60 1963 124 2002 set.
175 1965 292 2003 Paulo
321 1966 400 2014 post
427 1964 524 2003 deest
555 1965 807 2010 vocabulum,
836 1965 941 2016 quod
972 1967 1037 2004 suo

59 2013 150 2052 loco
172 2028 216 2053 ex
236 2016 493 2053 Gemblacensi
513 2016 660 2067 aliisque
683 2018 843 2062 restitui,
872 2016 942 2061 fic,
972 2020 1040 2053 De-

53 2067 275 2114 sperationem
306 2070 475 2105 tormentis
497 2070 673 2118 quicquam
703 2084 743 2105 ex
766 2072 805 2118 fi·
824 2067 1039 2120 cognoſsendi.

61 2116 191 2154 Dietio
220 2121 389 2154 tormentis
413 2146 423 2162 ‚
467 2130 547 2156 non
575 2119 775 2158 habebatur
805 2120 844 2156 in
873 2119 1040 2168 vulgatis.

63 2167 204 2205 PIGH.
257 2171 398 2217 Pompei.
426 2169 486 2206 De
507 2169 581 2206 hoc
604 2171 642 2208 &
668 2171 835 2220 sequenti
857 2170 1042 2208 Macedo-

62 2219 152 2256 nico
171 2219 346 2267 exemplo
367 2219 456 2257 nihil
474 2219 649 2269 equidem
673 2220 796 2258 dicere
814 2221 949 2258 habeo.
991 2221 1041 2259 Il-

63 2268 129 2307 lud
148 2278 291 2308 tantum
317 2270 426 2313 dico,
456 2270 637 2307 Gentium
667 2271 769 2308 illum
801 2270 1036 2319 Illyricorum

64 2332 192 2368 regem
222 2321 333 2369 longe
362 2322 550 2368 longeque
581 2329 665 2357 ante
694 2324 756 2357 Cn.
774 2323 964 2369 Pompejum
985 2323 1040 2358 vi—

64 2369 163 2409 xisse.
188 2371 441 2420 Cogitandum
460 2371 571 2419 igitur
592 2370 638 2408 de
660 2370 732 2409 alio
756 2373 915 2421 Pompeio.
945 2372 1039 2410 CO·

66 2423 186 2461 LER.
254 2425 399 2472 Pompeji
424 2423 524 2458 etiam
548 2420 732 2469 probabilis
762 2424 884 2459 virtus.
920 2423 1039 2470 Quod

63 2472 204 2523 legatus
229 2475 386 2512 nomine
407 2473 609 2522 Pompejus
629 2472 649 2511 a
671 2473 812 2510 Gentio
843 2485 929 2522 rege
953 2473 1039 2523 Illy-

62 2526 207 2563 riorum
236 2526 456 2574 interceptus
479 2524 608 2569 fuerit,
637 2536 681 2561 ex
701 2523 780 2567 his,
803 2536 899 2574 quae
918 2526 1039 2572 super-

61 2575 145 2614 sunt
174 2576 296 2621 Livii,
323 2589 401 2614 non
422 2583 595 2624 apparet:
623 2575 682 2612 sed
702 2576 846 2624 potius,
874 2577 929 2612 M.
952 2576 1040 2613 Per-

59 2638 216 2676 pernam
237 2629 275 2665 &
305 2628 351 2665 L.
373 2628 545 2665 Petilium
559 2654 569 2669 ‚
598 2637 684 2664 cum
715 2624 759 2664 ad
781 2627 962 2664 Gentium
983 2639 1040 2664 re-

61 2689 151 2727 gem
173 2678 282 2727 legati
305 2678 506 2722 veniffent,
533 2676 577 2716 ab
595 2689 641 2714 eo
662 2678 699 2715 in
721 2677 922 2715 custodiam
947 2690 1038 2716 con-

57 2729 203 2779 jectos,
232 2729 447 2781 eodemque
470 2737 579 2777 capto
599 2728 618 2766 a
644 2729 687 2766 L.
711 2729 846 2767 Anicio
865 2738 1036 2778 praetore

63 2779 237 2818 liberatos
268 2780 338 2819 effe
404 2781 537 2819 Censet
566 2791 655 2828 ergo
684 2778 829 2829 Pighius
855 2792 922 2828 pro
940 2784 1037 2817 Pom-

55 2836 135 2882 pejo
161 2831 360 2880 legendum
390 2831 460 2870 effe
490 2835 691 2882 Perpernam
720 2829 786 2868 nisi
807 2832 845 2869 in
864 2831 919 2869 his
939 2844 1036 2882 quae

68 2895 116 2921 ex
147 2881 239 2921 libro
272 2895 375 2921 κων.
404 2884 503 2922 Livii
531 2883 719 2931 perierunt
739 2911 748 2926 ‚
787 2881 832 2920 de
852 2882 1038 2932 Pompejo

68 2933 235 2984 quodam
276 2935 414 2984 aliquid
441 2935 614 2982 scriptum
642 2933 762 2971 fuerit.
807 2934 1039 2974 VORST.

67 2987 249 3035 Perpernae
276 2986 349 3034 legi
377 2986 438 3024 hic
463 2997 541 3024 non
565 2982 665 3034 poffe
686 2984 878 3023 contendit
896 2987 1040 3036 Ruper-

63 3043 147 3083 ωε,
173 3038 338 3087 primum
365 3036 452 3087 qui-a
472 3036 600 3077 auetor
621 3037 708 3076 dicit
733 3036 950 3077 Patientiam
972 3038 1042 3078 hu-

1092 1350 1321 1400 expetendae
1339 1350 1431 1398 Pop.
1452 1351 1567 1387 Rom.
1589 1350 1798 1394 amicitiae,
1826 1351 1871 1388 de
1894 1363 1966 1401 qua
1987 1353 2065 1400 post

1091 1402 1194 1440 istam
1225 1400 1452 1450 legationem
1479 1401 1636 1438 Gentius
1665 1412 1714 1438 ne
1740 1402 1959 1449 cogitaverit
1985 1404 2068 1452 qui-

1093 1453 1179 1490 dem
1204 1467 1215 1496 ;
1265 1452 1400 1491 deinde
1426 1452 1628 1501 Pompejus
1659 1463 1738 1489 non
1769 1451 1914 1490 videtur
1942 1452 2065 1491 mifi'us

1093 1502 1195 1541 fuiffe
1221 1503 1268 1541 ad
1293 1504 1475 1541 Gentium
1499 1532 1509 1548 ,
1546 1502 1649 1552 quod
1679 1515 1723 1540 ex
1754 1515 1801 1540 eo
1828 1503 2074 1552 intelligitur,

1091 1556 1179 1606 quia
1197 1554 1368 1592 Valerius
1394 1554 1497 1592 illum
1516 1553 1763 1602 interceptum
1793 1553 1900 1597 dicit;
1929 1556 2039 1593 tertio
2054 1584 2065 1600 ‚

1091 1607 1179 1657 quia
1202 1605 1247 1644 de
1264 1606 1448 1655 Perperna
1467 1605 1590 1643 dicere
1609 1606 1673 1643 vix
1696 1605 1839 1654 potuit,
1864 1606 1969 1643 illum
1981 1607 2067 1644 Cla-

1091 1658 1266 1696 riffimam
1290 1657 1469 1695 familiam
1491 1656 1562 1693 hac
1579 1655 1759 1694 Patientia
1780 1656 2069 1696 commendasse.

1092 1708 1194 1748 Vide
1214 1704 1601 1757 Rupert.L.111.Diff.
1624 1707 1669 1744 ad
1692 1706 1777 1744 Val.
1790 1709 1891 1745 Max.
1907 1709 1996 1757 Cap.
2010 1721 2046 1759 3.

1143 1772 1179 1808 9.
1209 1762 1323 1809 anue
1347 1761 1514 1808 patientia
1539 1760 1609 1807 regi
1627 1758 1732 1805 simul
1748 1767 1791 1794 Θ·
1815 1758 2071 1809 desperationem

1091 1812 1264 1847 tormentis
1289 1808 1475 1861 quidquam
1494 1824 1534 1845 ex
1550 1813 1587 1858 se
1604 1808 1809 1860 cognoscendi
1829 1810 1976 1860 exctgffit]
2008 1811 2072 1849 An

1091 1872 1181 1911 ergo
1203 1863 1287 1899 Rex
1316 1873 1361 1898 ex
1391 1873 1438 1899 eo
1458 1863 1599 1910 sperare
1623 1861 1748 1910 coepit
1767 1862 1869 1905 fore,
1898 1870 1938 1899 ut
1959 1862 2069 1911 quid-

1090 1925 1205 1962 quam
1228 1924 1273 1950 ex
1294 1912 1371 1961 ipso
1394 1912 1774 1962 cognosceret:quod
1795 1921 1893 1950 certe
1915 1912 2071 1950 fieride—

1090 1964 1190 2009 buit,
1216 1963 1241 2000 fi
1268 1961 1448 2014 desperatio
1477 1964 1538 2013 ipfi
1558 1965 1631 2010 fait
1658 1963 1797 2011 excussa.
1850 1964 1951 2001 Nam
1974 1976 2073 2014 quo-

1091 2015 1212 2054 modo
1231 2015 1307 2052 hoc
1329 2015 1431 2052 aliter
1451 2015 1530 2064 quis
1551 2014 1813 2063 interpretetur
1827 2043 1836 2058 ‚
1861 2026 1975 2064 quam
1994 2030 2071 2051 exe-2

1089 2070 1174 2111 mit,
1201 2080 1308 2116 regem
1336 2066 1505 2114 efficaciter
1531 2064 1753 2114 desperatione
1782 2065 1964 2110 liberavit,
1992 2077 2072 2103 non

1090 2118 1216 2156 video.
1246 2118 1324 2157 Cic.
1356 2129 1424 2166 pro
1447 2116 1543 2155 Sulla
1567 2117 1610 2153 C.
1635 2117 1667 2153 8.
1698 2119 1875 2152 Excusvienr
1893 2116 1954 2153 tibi
1974 2119 2071 2164 {stam

1087 2169 1263 2206 verborum
1282 2168 1508 2218 jaffationem.
1568 2167 1688 2215 Quod
1713 2176 1839 2205 tamen
1868 2168 2072 2205 sententiae

1091 2220 1250 2258 auctoris
1282 2220 1424 2267 prorsus
1459 2219 1508 2255 est
1541 2219 1781 2255 contrarium.
1842 2219 2071 2266 Opportune

1088 2281 1177 2317 ergo
1194 2270 1255 2306 hic
1276 2268 1382 2306 nobis
1402 2269 1575 2305 succurrit
1594 2268 1663 2305 Bit;
1686 2269 1792 2317 prim.
1824 2269 1996 2306 exhibens
2014 2273 2068 2305 in-

1086 2320 1187 2366 cuffit.
1215 2318 1334 2366 Quod
1356 2330 1449 2356 unus
1470 2318 1703 2356 Remhabet
1722 2319 1761 2355 in
1780 2320 1946 2367 margine
1960 2320 2067 2357 Leiri„

1089 2377 1173 2407 tert.
1185 2369 1329 2416 incre-ffir,
1342 2367 1403 2407 sed
1420 2370 1526 2418 super
1545 2372 1580 2404 in
1594 2369 1768 2417 scriptum
1788 2368 1835 2406 est
1857 2384 1898 2406 ex
1913 2383 2063 2414 ‚verum

1092 2421 1203 2458 obelo
1233 2420 1461 2458 transfixum.
1514 2420 1684 2458 Perizon,
1729 2432 1884 2470 quoque
1921 2424 1991 2458 insu
2017 2434 2066 2465 at,

1090 2471 1151 2509 sed
1172 2471 1452 2520 superscriptum
1483 2470 1552 2508 alia
1581 2482 1696 2508 manu
1715 2471 1762 2508 est
1784 2474 1829 2509 in.
1859 2472 1960 2509 Harl.
1983 2476 2064 2519 inje-

1091 2524 1146 2560 cit.
1199 2523 1329 2560 Sentio
1359 2522 1439 2559 satis
1459 2521 1667 2559 Auaorem
1699 2519 1800 2571 poffe
1819 2524 1987 2572 cuiquam
2010 2522 2063 2558 vi-

1090 2573 1167 2611 deri
1185 2571 1298 2611 lufiffe
1316 2572 1554 2622 oppositione
1566 2572 1759 2611 antonum
1783 2574 2061 2615 contrariarum,

1089 2636 1183 2674 quae
1214 2624 1506 2662 verbis'excutere
1536 2625 1574 2662 &
1600 2626 1814 2677 ingenerare,
1853 2624 2064 2671 exprimun-

1087 2683 1168 2720 tur,
1195 2676 1306 2725 idque
1323 2684 1429 2714 tanto
1448 2675 1631 2724 argutius,
1658 2675 1762 2725 quod
1779 2675 1840 2712 ista
1861 2673 1965 2710 fimul
1987 2684 2061 2710 una

1090 2727 1263 2777 Pompeji
1294 2727 1442 2765 afflone
1472 2727 1553 2764 sunt
1576 2726 1720 2764 effeeta.
1774 2724 1843 2761 Sed
1865 2723 1922 2760 vel
1941 2722 1989 2761 fic
2006 2731 2062 2761 ta-

1089 2790 1178 2816 men
1199 2778 1322 2825 insuffit
1345 2779 1536 2828 praefero;
1566 2777 1628 2815 vel
1645 2775 1775 2822 excuffit
1791 2773 2060 2824 desperationem,

1089 2831 1156 2870 erit
1176 2834 1257 2880 Regi
1277 2829 1658 2880 exprffttonfqffionem
1667 2829 1704 2875 β’
1723 2824 1900 2874 desperare.
1943 2826 2061 2874 Quod

1090 2894 1202 2930 quam
1226 2882 1359 2919 durum
1381 2881 1444 2926 sit,
1472 2881 1551 2931 quis
1573 2891 1651 2916 non
1671 2874 1805 2914 sentit?
1830 2876 1913 2914 Scio
1932 2888 2063 2913 exente-

1089 2948 1124 2970 re
1133 2932 1201 2980 fibi
1219 2935 1320 2981 rifirm
1340 2933 1438 2983 apud
1459 2931 1659 2971 Horatium
1681 2928 1772 2977 poni
1791 2939 1857 2976 pro
1879 2941 2007 2964 movere
2025 2930 2062 2975 se

1090 2982 1136 3021 ad
1158 2982 1351 3030 ridendam,
1377 2984 1438 3022 sed
1468 2991 1507 3022 ut
1536 2981 1671 3019 eodem
1692 2978 1811 3017 modo
1832 2990 1976 3015 excutere
1995 2979 2063 3013 ali-

1088 3037 1140 3074 cui
1158 3035 1410 3087 desperationem
1428 3035 1569 3075 dicatur
1588 3044 1658 3122 ΙμζΓΙΟ
1687 3044 1814 3070 morere
1830 3029 1876 3069 ad
1891 3028 2064 3117 desp‘eiran-

1669 3094 1690 3121 2
1986 3093 2040 3116 nm
2053 3106 2067 3126 ‚
