2516 3509
470 110 584 167 DE
655 105 1220 170 DISCIPLINA
1281 113 1762 175 MILITARI.
2019 136 2122 193 197

118 217 219 283 capi
244 231 335 264 non
362 213 573 280 potuisse.
642 210 861 272 Qiorum
889 212 1037 260 nescio
1068 228 1223 264 utrum
1253 219 1397 282 majus
1428 218 1621 268 dedecus
1640 222 1818 284 fuci-it,
1837 224 1962 289 quod
1982 226 2124 290 patria

115 294 235 360 spei,
268 312 324 342 an
349 293 475 358 quod
504 291 643 339 hostis
674 304 821 338 metus
852 292 966 340 nihil
998 294 1045 341 in
1073 295 1142 342 his
1169 295 1441 360 reposuerit:
1484 305 1494 324 ¹
1522 299 1633 345 haec
1665 319 1750 366 pro
1771 302 1838 363 se,
1874 305 1947 351 ille
1970 315 2024 352 ne
2046 305 2123 352 ad·
2176 363 2182 365 Δ

112 373 261 422 versus
286 373 328 420 se
351 373 646 431 dimicarent,
683 378 700 397 ²
720 373 846 436 parvi
881 374 1134 437 pendendo.
1204 376 1293 423 Sed
1318 393 1426 423 cum
1452 377 1690 440 aliquoties
1714 379 1886 429 senatus
1918 400 2003 447 pro
2037 384 2122 430 mi-

118 452 236 501 litari
269 453 505 518 disciplina
525 487 540 513 ,
589 459 604 490 3
631 451 777 500 severe
802 455 1101 516 excubuerit,
1149 454 1298 502 nescio
1330 473 1386 503 an
1415 468 1517 503 tum
1548 459 1813 523 praecipue,
1849 478 1955 509 cum
1993 472 2013 499 4
2032 466 2118 511 mi-
2136 470 2219 498 Ann.
2244 468 2313 500 urb·

115 530 243 592 lites,
278 533 356 596 qui
379 532 623 597 Rhegium
656 532 823 596 injusto
852 532 972 580 bello
1005 545 1366 597 occupaverant,
1403 541 1417 571 5
1447 547 1726 598 mortuoque
1756 536 1873 583 duce
1892 513 2332 603 Jiibe1110‚‡3-²'1ss1¹i⁴3¹-¹⁵

117 618 193 664 M.
212 616 423 664 Caesium
446 617 634 664 scribam
658 619 752 680 ejus
772 616 845 664 sua
867 617 1026 684 sponte
1054 619 1377 682 imperatorem
1409 617 1694 684 delegerant,
1728 618 1748 647 ⁶
1769 637 1947 668 carcere
1976 625 2119 674 inclu-
2135 598 2292 668 inies-ZO-

118 693 199 755 fit,
232 713 283 742 ac
321 703 338 735 7
363 697 437 742 M.
458 695 624 743 Fulvio
643 695 812 742 Flacco
843 695 948 744 trib.
981 697 1041 761 pl.
1065 696 1381 757 denuntiante,
1417 713 1473 743 ne
1492 698 1538 744 in
1567 699 1686 746 cives
1704 701 1945 749 Romanos
1966 702 2120 750 adver-

118 774 186 822 sus
214 791 390 822 morem
423 777 649 838 majorum
681 771 1053 822 animadverteret
1077 809 1093 834 ,
1139 772 1436 821 nihilominus
1468 775 1758 839 propositum
1791 792 2010 827 executus
2043 782 2122 830 est.

121 855 340 903 Ceterum
363 872 455 920 quo
475 856 649 901 minore
669 868 777 898 cum
798 852 967 899 invidia
986 853 1032 898 id
1051 865 1368 915 perageretur,
1404 854 1421 881 8
1445 857 1786 920 quinquagenos
1819 875 1899 923 pei·
1924 859 2123 925 singulos

119 933 210 981 dies
233 936 372 999 virgis
395 931 566 989 caesos,
597 929 737 976 securi
760 930 939 993 percuti
963 929 1115 996 juflit,
1140 937 1158 965 9
1176 946 1427 996 eorumque
1449 948 1643 1000 corpora
1664 933 1915 998 sepulturae
1940 940 2120 987 manda-

120 1013 184 1072 ri,
218 1024 506 1074 mortemque
523 1008 669 1075 lugeri
689 1007 852 1055 vetuit.
1090 1041 1110 1047 i

123 1223 209 1262 dedi
227 1223 400 1261 hostibus.
436 1223 555 1273 Quod
579 1222 806 1262 verisimilius
824 1223 957 1272 longe,
985 1235 1099 1273 quam

124 1275 229 1325 quod
250 1276 414 1313 Romani
431 1275 581 1312 tradunt
601 1275 804 1324 scriptores.
856 1275 1024 1312 Nomina
1045 1283 1101 1313 ta·

122 1338 212 1364 men
249 1325 386 1364 ducum
426 1326 523 1375 apud
561 1337 648 1364 eum
704 1334 874 1374 corrupta
918 1326 1099 1375 leguntur.

123 1377 394 1415 GLAREAN.
446 1381 656 1427 essortnoque
683 1375 760 1414 duce
789 1377 952 1424 Julrellt'o.
988 1377 1100 1415 Forte

126 1431 282 1473 Decimo,
309 1428 489 1477 quoniam
519 1428 620 1465 alteri
647 1428 816 1467 tribuitur
846 1440 1101 1477 praenomen,

128 1480 167 1517 &
196 1480 275 1529 quis
303 1480 361 1516 ille
395 1480 503 1516 fuerit
528 1480 607 1516 satis
635 1487 785 1528 apparet
807 1492 851 1517 ex
873 1479 1103 1529 sequentibus

128 1533 358 1579 Imperatorem
386 1528 573 1580 delegerant
594 1559 605 1575 ‚
643 1530 803 1579 Appian.
833 1531 923 1567 Exc.
951 1531 1104 1569 PeiresC.

127 1591 266 1619 vocant
296 1581 409 1617 Δέκιον
438 1593 473 1629 p.
497 1593 579 1631 553.
607 1581 706 1618 Vide
734 1582 847 1618 etiam
868 1581 1032 1619 Tennul.
1060 1582 1105 1619 ad

127 1632 255 1669 Front.
285 1633 329 1669 L.
351 1644 403 1669 iv.
439 1645 468 1669 1.
493 1632 551 1682 38.
578 1631 641 1669 ubi
671 1632 803 1670 eadem
830 1632 920 1669 haec
949 1644 1002 1670 res
1029 1631 1103 1671 fine

127 1684 286 1720 nomine
316 1690 491 1720 narratur.
518 1683 762 1721 PERIZON.
815 1683 918 1720 Harl.
940 1684 977 1721 &
999 1684 1102 1722 Barb.

127 1734 236 1784 prim.
260 1733 367 1770 Leid.
390 1733 477 1782 sept.
495 1732 699 1778 Budelio,&
719 1733 927 1772 correctum
947 1735 985 1770 in
999 1735 1103 1772 Leid.

127 1785 246 1835 quint.
271 1784 429 1821 Rubellio.
450 1784 520 1821 sec.
539 1786 578 1822 ὃ(
595 1784 681 1822 sext.
703 1785 743 1823 ὅ(
760 1784 862 1823 Toll.
880 1784 1019 1823 Bubilio.
1037 1785 1107 1823 Ul-

127 1837 209 1885 traj.
237 1837 344 1885 prim.
370 1834 526 1879 Bibalio,
554 1835 670 1873 Periz.
699 1835 850 1873 Bldellio.
878 1836 981 1886 quod
1010 1836 1106 1875 delet

129 1886 236 1925 Voff.
255 1886 349 1925 Edd.
371 1894 456 1924 ante
474 1886 576 1934 Pigh.
596 1887 738 1925 Bubelio.
766 1887 946 1925 Ceterum
967 1888 1107 1926 constat

127 1937 266 1976 horum
286 1938 446 1975 militum
477 1937 612 1975 ducem
636 1937 739 1975 suifle
761 1939 1022 1991 §amp-anunm
1052 1938 1108 1977 di-

128 1988 219 2026 serte
249 1990 349 2026 enim
370 1987 390 2026 ὲ
413 1988 543 2037 Polyb.
573 1989 619 2025 L.
646 2002 677 2027 1.
701 2001 733 2036 7.
761 1993 799 2025 esu
826 1990 936 2033 ἡγεῖτο
966 1992 1105 2034 Aea&-

129 2041 326 2081 Καμπανὸς.
379 2039 555 2084 Jubellim
586 2052 679 2079 vero
710 2041 849 2078 clarum
875 2041 970 2077 inter
991 2041 1107 2079 Carn-

133 2100 251 2136 panos
270 2101 424 2127 nomen.
479 2091 524 2127 L.
556 2103 618 2128 111.
647 2104 681 2129 2.
710 2092 793 2129 Ext.
826 2105 855 2130 i.
884 2091 931 2129 Et
949 2090 1009 2129 hic
1029 2092 1103 2141 ipse

131 2142 250 2175 Decius
271 2139 441 2184 anellius
469 2142 671 2189 appellatur
702 2143 815 2180 etiam
837 2143 876 2179 in
898 2142 996 2190 Epit.
1018 2143 1103 2181 Liv.

130 2202 200 2227 xxx.
238 2193 319 2227 Cam
342 2190 537 2238 praesidium
561 2193 786 2242 Rheginornm
819 2195 906 2242 legio
933 2196 1103 2243 Campana

132 2255 201 2277 cum
218 2242 380 2291 praefet‘Io
394 2245 496 2278 Decio
509 2242 660 2288 anellio
682 2243 757 2290 effer
776 2244 869 2289 miffiz
882 2244 1009 2290 ,occisis
1020 2245 1105 2291 Rhe-

124 2295 218 2344 ginis
240 2292 403 2342 Rhegium
435 2296 613 2341 occupavit.
665 2293 738 2331 Sed
766 2293 958 2340 Appianus
983 2302 1105 2331 narrat

129 2345 265 2380 Der-iam
286 2354 370 2380 cum
394 2343 520 2379 ceteris
540 2350 690 2390 captum
703 2371 712 2386 ‚
742 2353 829 2379 cum
849 2342 1020 2379 artiffima
1039 2353 1103 2380 cu-

131 2394 243 2432 stodia
263 2402 474 2437 teneretur,
494 2401 658 2431 mortem
680 2392 743 2430 fibi
759 2390 1102 2436 consciviffe,nulla

132 2447 326 2483 mentione
353 2444 497 2482 alterius
528 2444 626 2481 ducis
648 2443 755 2481 faeta.
830 2443 904 2481 Pro
927 2442 1102 2495 'Rhegium

128 2496 299 2535 nonnulli
320 2495 441 2533 Codd.
457 2495 595 2537 haberit
617 2496 798 2545 Regtrlum.

180 2549 213 2585 6.
242 2551 375 2585 Carcere
395 2545 542 2594 inc-Infit]
573 2545 662 2583 Satis
690 2544 802 2583 reete.
853 2545 989 2595 Neque
1008 2557 1101 2593 opus

132 2599 181 2636 est
198 2600 270 2647 legi
290 2600 409 2635 carcer»⁴
431 2597 578 2645 inclufit:
606 2608 701 2645 quae
721 2595 943 2634 construcffio
971 2595 1099 2645 vulga-

127 2650 174 2687 ris
203 2651 263 2688 est.
314 2650 416 2687 Nam
443 2662 563 2684 carcere
592 2648 722 2694 inclusit
751 2647 799 2684 est
827 2658 896 2695 pro
925 2649 960 2684 in
977 2660 1099 2684 carcere

127 2702 280 2749 inclufit3
308 2699 579 2749 praepositione
606 2697 678 2734 scil.
706 2697 902 2736 subaudita.
956 2697 1012 2735 Ita
1035 2698 1099 2736 Ci-

129 2764 216 2789 cero
236 2765 297 2788 111.
316 2752 361 2788 de
381 2752 448 2788 Or.
474 2746 635 2786 includere
652 2748 752 2785 verba
771 2751 880 2797 versu.
919 2748 1098 2787 Ceterum

126 2802 278 2851 plenum
309 2801 468 2838 includere
495 2803 530 2837 in
560 2814 680 2837 carcere
710 2799 760 2837 est
779 2800 817 2837 in
839 2811 921 2848 epp.
940 2800 1018 2837 Cic.
1047 2801 1093 2838 ad

126 2854 206 2890 Att.
241 2853 436 2890 VORST.
487 2851 555 2888 Bit.
583 2851 690 2898 prim.
723 2853 766 2887 Im
794 2865 915 2887 carcere
939 2851 1092 2898 inclusit,

128 2904 176 2941 sic
198 2902 303 2940 Leid.
329 2904 444 2952 quint.
467 2914 552 2939 cum
574 2901 689 2938 Periz.
718 2900 789 2939 Sed
809 2905 844 2937 in
865 2901 1092 2950 expunctum

128 2955 179 2992 est
204 2955 242 2991 ln
272 2961 441 3003 utroque.
470 2953 576 2990 Leid.
603 2953 689 2990 sext.
721 2954 754 2988 in
782 2967 945 2990 carcerem.
973 2953 1020 2991 L.
1038 2965 1093 2991 VI.

128 3006 163 3045 8.
185 3017 215 3045 1.
241 3004 343 3056 Quod
360 3016 430 3043 tam
445 3007 540 3055 pium
559 3012 603 3042 (Τ
627 3015 697 3043 tam
710 3006 832 3051 sortem
852 3004 1008 3054 spirirum
1021 3006 1095 3055 ser-

2020 1101 2128 1148 Ex-

1153 1224 1220 1262 ’νὶἶὶ
1240 1224 1367 1262 nomine
1388 1225 1528 1274 incltifit.

1205 1288 1239 1322 7.
1276 1280 1338 1314 M.
1370 1279 1490 1313 Fulvio
1523 1274 1654 1325 Flacco]
1696 1277 1753 1314 Sic
1782 1278 1933 1316 restituit
1961 1279 2131 1328 Pighius.

1154 1338 1271 1375 quum
1303 1336 1388 1365 ante
1415 1327 1599 1376 legeretur
1629 1330 1685 1363 M.
1706 1331 1805 1364 Furio
1838 1331 1962 1365 Flacco.
2014 1334 2133 1380 Quod

1156 1378 1269 1415 etiam
1290 1378 1329 1416 in
1349 1378 1478 1415 decem
1499 1378 1652 1416 invenio
1674 1379 1782 1415 MSS.
1804 1379 1871 1416 Bit.
1894 1381 2000 1428 prim.
2020 1398 2057 1418 ac
2079 1387 2132 1418 ιἠ-

1154 1426 1192 1464 de
1221 1432 1346 1474 fario,
1383 1429 1516 1478 Ultraj.
1548 1429 1656 1480 prim.
1685 1429 1828 1468 subinde
1862 1432 1978 1477 ἱιιζνὶο
2010 1435 2132 1472 flacco.

1158 1480 1254 1517 Tres
1272 1492 1387 1517 contra
1409 1495 1546 1525 morem,
1574 1480 1650 1518 duo
1663 1482 1862 1531 propositum
1873 1485 2056 1531 persecutus
2078 1489 2133 1533 est.

1157 1530 1248 1568 Duo
1270 1533 1381 1572 Rern.
1402 1531 1526 1568 delent
1546 1534 1601 1580 est.

1209 1581 1242 1619 8.
1271 1584 1529 1633 Qinquagenos
1544 1592 1605 1632 per
1625 1583 1777 1632 singulos
1798 1582 1865 1619 dies
1887 1585 1996 1633 ‘virgis
2022 1584 2131 1636 caedi]

1157 1633 1266 1681 Quot
1283 1645 1444 1671 numero
1466 1635 1504 1671 in
1524 1633 1735 1671 universum
1756 1634 1916 1679 fuerint,
1939 1635 1984 1671 de
2004 1637 2134 1686 quibus

1156 1691 1247 1721 tunc
1267 1685 1447 1733 temporis
1467 1684 1682 1733 supplicium
1702 1685 1889 1734 sumptum
1902 1713 1912 1730 ,
1933 1685 2134 1736 discrepant

1158 1734 1339 1773 auetores.
1411 1735 1609 1773 Frontinus
1641 1747 1698 1779 iv,
1731 1749 1762 1774 1.
1786 1735 1905 1774 scribit
1933 1737 1988 1774 IV
2020 1739 2133 1777 inillia

1159 1783 1273 1822 fuifl‘e.
1328 1786 1459 1823 Livius
1489 1796 1642 1836 quoque
1675 1785 1710 1823 d.
1730 1787 1754 1823 1.
1783 1790 1919 1837 Propter
1939 1788 2026 1839 quod
2044 1793 2135 1837 faci-

1156 1850 1217 1872 nm
1242 1847 1315 1873 tota
1346 1839 1453 1887 legio,
1478 1839 1588 1874 millia
1615 1837 1783 1874 hominum
1811 1850 1977 1889 quatuor,
2004 1842 2039 1876 in
2059 1845 2136 1887 foro

1158 1890 1286 1936 Romae
1307 1890 1415 1937 securi
1437 1889 1571 1938 per-ruffi
1588 1890 1680 1936 sunt.
1734 1890 1787 1926 At
1815 1889 1990 1938 Polybius
2018 1891 2076 1928 lib.
2103 1906 2134 1930 ῐ.

1158 1949 1360 1977 numerum
1392 1940 1513 1977 multo
1544 1940 1731 1977 minorem
1764 1941 1851 1977 facit
1862 1955 1872 1983 ;
1914 1942 1952 1978 δε
1979 1942 2133 1991 quidem

1157 1997 1413 2028 trecentorum
1435 1989 1566 2028 modo.
1594 1989 1712 2037 Quod
1735 1989 1903 2039 singulari
1924 1991 1996 2029 fide
2016 2005 2059 2031 ac
2072 1996 2134 2043 ju-

1158 2040 1256 2079 dicio
1277 2041 1322 2079 ab
1345 2053 1392 2079 eo
1410 2041 1549 2079 saecum
1570 2042 1760 2079 arbitratur
1773 2042 2028 2081 Casaubonus:
2048 2046 2134 2094 quia

1152 2091 1251 2141 legio
1274 2121 1284 2137 ‚
1322 2103 1410 2131 cum
1439 2093 1603 2142 primum
1633 2092 1820 2140 Rhegium
1850 2094 2028 2138 intravit,
2066 2096 2132 2133 IV

1154 2143 1312 2182 millium
1344 2144 1454 2181 fuerit
1478 2159 1489 2187 ;
1527 2145 1565 2182 δε
1594 2143 1685 2180 octo
1714 2144 1914 2182 minimum
1943 2157 2060 2183 annos
2093 2147 2131 2184 in

1152 2194 1243 2233 urbe
1276 2206 1320 2232 ea
1349 2194 1546 2237 manserit;
1576 2195 1615 2231 δε
1637 2194 1798 2244 denique
1828 2195 1867 2233 in
1895 2194 2064 2234 diuturna
2092 2198 2131 2235 δε

1155 2245 1310 2291 operosa
1348 2243 1539 2281 obsidione
1574 2243 1648 2293 fine
1685 2244 1798 2282 dubio
1836 2245 1984 2293 plurimi
2014 2248 2131 2296 perie‘

1155 2294 1239 2330 rint.
1290 2294 1391 2332 Vide
1414 2294 1744 2333 Commentariurn
1766 2296 1842 2344 ejus
1860 2297 1898 2334 in
1919 2297 2130 2346 Polybium.

1156 2343 1353 2382 VORST.

1203 2406 1239 2443 9.
1276 2397 1460 2446 Eorumque
1488 2397 1617 2433 nullum
1651 2398 1843 2446 sepulturae
1870 2396 2047 2447 mandari]
2086 2399 2128 2436 In

1156 2445 1407 2495 manuscriptis
1430 2447 1597 2494 optime,
1625 2447 1811 2497 Eorumque
1829 2458 1959 2497 corpora
1980 2452 2127 2498 sepultu—

1153 2508 1210 2531 rae
1240 2495 1404 2534 mandari.
1429 2497 1572 2534 PIGH.
1627 2495 1685 2535 Sic
1714 2509 1868 2547 quoque
1898 2500 2033 2536 liabent
2058 2512 2127 2535 no*

1152 2545 1233 2591 stri,
1247 2547 1348 2584 &est
1365 2547 1468 2585 idem
1488 2548 1527 2585 in
1539 2549 1871 2596 Mog.Ven.Med.
1884 2550 1964 2587 Asc.
1988 2553 2126 2587 Eomm=

1151 2610 1214 2647 que
1229 2599 1359 2635 mellum
1372 2627 1383 2643 ‚
1411 2599 1455 2636 ab
1474 2598 1576 2636 Aldo
1596 2608 1722 2637 ortum
1744 2599 1899 2637 videtur.

1205 2661 1262 2687 10.
1289 2651 1425 2686 Leniter
1452 2648 1526 2698 hoc]
1557 2649 1664 2687 MSS.
1691 2651 1855 2699 quinque
1887 2651 2014 2685 ἱστίων.
2042 2650 2123 2687 Anv

1150 2698 1328 2749 tiquiores
1361 2699 1454 2738 Edd.
1491 2703 1587 2737 Cruci
1617 2701 1843 2750 affigebantur.
1895 2699 1963 2735 Sed
1988 2700 2125 2750 suffigea

1149 2748 1272 2786 bantur
1298 2751 1408 2799 Mog.
1437 2763 1523 2789 cum
1551 2752 1694 2799 majore
1716 2759 1815 2798 parte
1836 2749 1942 2786 MSS.
1963 2749 2049 2794 Just.
2071 2751 2116 2787 L.

1143 2811 1257 2837 XVIII.
1282 2812 1316 2847 7.
1352 2814 1406 2850 15.
1434 2806 1569 2851 ,Atque
1599 2804 1649 2837 ita
1678 2815 1748 2836 enm
1772 2814 1840 2834 cum
1860 2811 1979 2835 ornatu
2013 2816 2053 2836 uo
2080 2804 2119 2837 im

1142 2852 1333 2898 altfflmam
1358 2866 1478 2889 crucem
1508 2858 1544 2889 in
1573 2852 1735 2900 conspesln
1762 2850 1851 2886 urhis
1876 2851 1988 2900 figffiqi
2012 2852 2112 2898 jtfft.

1144 2902 1280 2939 Noster
1297 2903 1343 2940 L.
1365 2915 1419 2940 v1.
1438 2917 1472 2942 2.
1494 2904 1576 2941 Ext.
1600 2914 1632 2950 3.
1659 2900 1719 2937 ubi
1739 2909 1864 2938 tamen
1896 2902 2013 2948 plures
2033 2902 2108 2945 affl-

1137 2965 1217 3003 gere
1233 2954 1456 3001 praeferunt.
1506 2951 1602 3002 Qeod
1622 2953 1706 2988 male
1729 2954 1958 3000 commtfirant.
2014 2950 2112 2989 dee

1146 3003 1234 3041 Liv.
1257 3003 1305 3042 L.
1327 3016 1420 3043 xxix.
1444 3005 1527 3043 Ext.

1644 3051 1703 3091 Bb
1729 3064 1748 3100 3
1987 3063 2041 3090 11.
2071 3059 2116 3090 U}
