2516 3509
150 297 245 336 Diog.

148 339 253 381 Laert.
269 338 309 367 Cr

148 380 238 409 Tulc.
255 388 299 408 xx.

149 431 196 453 ῃ.
222 418 341 451 suidas.
356 401 714 472 promptissimus
735 433 750 459 ,
791 409 1145 462 praeceptorum
1178 392 1319 439 fidem
1350 391 1565 456 exemplo
1589 393 1774 441 virtutis
1802 393 1901 442 suae
1932 394 2201 460 publicavit.

359 168 466 221 270
601 134 1010 200 VALERII
1085 130 1466 189 MAXIMI
1511 133 1640 191 Lm.
1678 133 1784 190 111.
1836 134 1984 192 CAP.
2026 135 2131 192 111.

420 231 644 309 Incipiam
675 252 826 286 autem
852 238 876 284 a
923 242 970 274 24
992 235 1183 283 Zenone
1216 232 1398 281 Eleate:
1448 235 1528 297 qui
1557 250 1666 281 cum
1696 235 1805 283 esset
1834 236 1883 282 in
1914 233 2189 298 dispicienda
2214 247 2367 281 rerum

313 338 510 372 enatura
543 319 768 366 maximae
796 313 1087 379 prudentiae,
1124 320 1166 350 25
1192 312 1331 376 inque
1357 311 1604 359 excitandis
1635 313 1690 360 ad
1722 314 1932 379 vigorem
1966 315 2184 377 juvenum
2210 313 2369 361 animis

2280 397 2366 443 Pa·-

352 486 487 532 triam
511 483 634 529 enim
656 477 878 544 egressus,
913 478 961 522 in
986 491 1075 539 qua
1095 472 1185 521 frui
1205 471 1355 519 secura
1387 471 1597 518 libertate
1617 484 1824 536 poterat,
1859 475 2169 539 Agrigentum
2182 473 2366 522 ‘misera-

349 563 432 611 bili
465 561 682 619 servitute
719 558 940 605 obrutum
975 553 1137 619 petiit,
1171 563 1295 599 tanta
1317 549 1489 597 fiducia
1517 550 1689 613 ingenii
1709 567 1761 597 ac
1781 567 1964 598 morum
1988 552 2173 599 suorum
2197 552 2367 613 fretus,

350 653 404 686 ut
421 637 663 703 speraverit
688 635 736 682 ὃς
760 647 953 698 tyranno
980 630 1028 677 ὃς
1054 627 1098 656 2⁶
1120 627 1299 677 Phalari
1321 624 1501 674 vesanae
1522 624 1688 671 mentis
1713 623 1940 672 feritatem
1963 625 1989 672 a
2005 625 2046 672 se
2064 626 2202 691 diripi
2226 627 2365 690 poss‘e.

348 717 598 780 Postquam
630 711 792 760 deinde
821 709 941 776 apud
971 707 1101 754 illum
1125 706 1225 771 plus
1251 702 1625 751 consuetudinem
1649 700 1998 760 dominationis,
2033 718 2170 765 quam
2191 702 2368 750 confilii

350 796 658 844 salubritatem
679 793 826 842 valere
847 787 1191 844 animadvertit,
1228 792 1271 824 Ζ7
1295 782 1594 830 nobilissimos
1614 783 1709 846 ejus
1735 780 1932 828 civitatis
1964 779 2266 828 adolescentes
2285 798 2367 828 cu-

353 878 547 945 piditate
567 874 820 924 liberandae
844 872 1014 938 patriae
1031 866 1350 915 inflammavit.
1406 863 1555 928 Cujus
1581 862 1644 908 rei
1669 877 1777 908 cum
1801 860 2024 908 indicium
2049 860 2104 907 ad
2123 873 2369 925 tyrannum

357 1086 606 1135 ssant.Ultraj.
627 1093 781 1134 uterque
804 1090 891 1119 cum
914 1079 1027 1117 tribus
1050 1074 1339 1114 Leid.acRe1n.

357 1141 518 1175 hominem
551 1139 587 1174 ὃς
613 1136 659 1173 fic
688 1135 756 1172 Ed.
774 1135 883 1180 Mog.
905 1130 1008 1168 Harl.
1031 1128 1108 1165 duo
1133 1128 1243 1164 Rem.
1271 1126 1340 1162 sec.

358 1189 466 1227 Leid.
493 1201 599 1225 totum
629 1191 664 1223 in
689 1184 818 1235 stolidae
839 1184 981 1220 ‘virtutis
1003 1189 1204 1217 monumento
1225 1176 1341 1222 confir-

358 1253 440 1278 mat.
469 1242 507 1278 ὃς
539 1239 586 1276 fic
616 1238 724 1276 Leid.
753 1236 840 1285 sept.
868 1233 933 1270 nisi
965 1231 1069 1283 quod
1097 1229 1207 1267 habet
1228 1229 1340 1263 nutri-

357 1304 480 1329 mento.
506 1289 613 1327 Leid.
643 1297 726 1327 tert.
753 1299 859 1324 totum
887 1287 922 1321 in
943 1281 1072 1331 solidae
1101 1282 1244 1317 ‘virtutis
1266 1293 1339 1314 mtt-

358 1355 466 1380 mento
492 1343 674 1389 confirmat.
710 1339 827 1376 Periz.
856 1348 963 1374 totum
994 1338 1028 1371 in
1048 1331 1176 1382 solidae
1194 1332 1339 1367 virtutis

360 1397 558 1432 monimento
575 1393 689 1442 peflus
709 1391 890 1438 confirmat.
937 1385 1085 1423 Deinde
1102 1383 1267 1434 plerique
1285 1379 1341 1416 de-

357 1449 466 1495 pulso.
493 1445 583 1482 item
602 1445 703 1490 facit.
726 1438 1105 1488 Ultraj.sec.fi1cicns.
1133 1435 1224 1472 Duo
1236 1432 1340 1469 Barb.

359 1509 446 1534 cum
470 1508 546 1534 uno
569 1495 637 1532 Bit.
666 1496 785 1529 Totum
806 1492 960 1540 insolitae
980 1489 1123 1525 virtutis
1143 1487 1341 1522 munimento

356 1549 550 1596 confirmat,
573 1548 742 1595 potentius
771 1554 858 1580 mem
880 1542 966 1588 szrit
985 1554 1023 1575 ac
1050 1537 1170 1574 dolore.
1225 1539 1343 1572 Poten-

356 1602 476 1636 tiorem
503 1599 551 1635 est
583 1598 622 1634 in
648 1595 784 1644 Ultraj.
809 1594 877 1630 sec.
906 1591 1019 1628 ceteri
1061 1591 1138 1626 fere
1161 1589 1342 1638 potentius.

357 1653 457 1688 Omni
476 1649 639 1696 inhonesto
660 1645 766 1684 Leid.
785 1645 894 1694 prim.
917 1654 1030 1692 quare
1048 1640 1147 1678 reete
1161 1667 1170 1683 ,
1194 1638 1342 1682 censeo,

364 1702 422 1739 Cl.
447 1700 688 1738 Perizonium
711 1696 809 1734 Cod.
823 1693 1019 1742 Copeliani
1037 1691 1241 1730 leffionem
1261 1689 1344 1727 vin-

363 1752 521 1795 dicafle3
551 1751 696 1789 retineo
712 1756 840 1785 tamen
859 1746 1038 1782 hominum.

409 1829 467 1863 24.
505 1816 637 1853 Zenone
668 1810 811 1860 Eleate]
851 1809 895 1846 In
921 1808 1073 1846 Graecis
1112 1805 1179 1843 suls
1213 1805 1345 1841 exteris

363 1867 542 1915 exemplis
574 1863 737 1904 multum
766 1862 811 1900 ab
839 1860 915 1899 aliis
945 1856 1155 1897 aucloribus
1185 1853 1347 1893 diss'entit

364 1918 535 1956 Valerius
549 1945 560 1962 ,
589 1918 628 1955 ὃς
648 1917 686 1953 in
708 1915 784 1952 hoc
812 1914 850 1951 ὅ(
869 1911 1056 1960 superiore
1078 1908 1221 1957 capite:
1250 1918 1345 1956 quae

361 1971 452 2020 quia
489 1968 511 2007 a
551 1963 915 2005 commentatoribus
956 1961 1151 2010 diligenter
1187 1966 1344 1995 annota-

360 2031 398 2059 ta
418 2021 522 2065 sunt,
545 2018 713 2057 consulto
736 2010 1247 2064 reliquimus.GLAREAN.
1274 2012 1346 2045 Ze-

360 2087 442 2109 none
464 2074 593 2108 Eleate.
619 2070 682 2108 De
708 2068 784 2105 hoc
808 2067 931 2103 Varro
962 2061 1250 2101 Eumenidibus:
1283 2059 1347 2096 Ubi

362 2122 493 2160 dicatur
511 2123 635 2172 primus
658 2122 777 2156 Zenon
794 2131 917 2155 novam
941 2115 1086 2163 haeresin
1104 2127 1188 2149 novo
1212 2113 1344 2160 paxillo

356 2173 571 2225 fiospendiffe.
606 2173 667 2210 De
686 2171 795 2220 hujus
818 2169 1071 2216 :aleuas-two&
1094 2162 1346 2202 Tertullianus

365 2225 625 2274 Apologetico
654 2222 773 2270 capite
795 2219 930 2258 ultimo
944 2247 954 2262 ‚
984 2219 1021 2255 ὅς
1041 2217 1101 2253 De
1125 2214 1347 2263 spectaculis.

367 2277 562 2314 COLER.
614 2277 673 2312 ,A
693 2276 828 2309 Zenone
861 2272 983 2305 Eleate.
1023 2267 1148 2314 Hujus
1170 2265 1348 2313 dogmata

368 2334 563 2376 exponunt
589 2325 779 2372 Diogenes
812 2321 982 2358 La'e'rtius
1005 2320 1042 2356 &
1065 2316 1273 2365 Hesychius
1301 2313 1348 2352 11-

365 2379 493 2417 lustris.
522 2379 583 2415 De
607 2375 742 2413 eodem
767 2374 890 2410 Varro
911 2369 1007 2420 apud
1026 2369 1198 2407 Nonium
1220 2367 1257 2404 in
1281 2367 1349 2403 Pa-

367 2431 494 2467 xillus:
522 2428 583 2465 Ubi
609 2426 737 2463 ducatur
761 2428 887 2473 primm
909 2426 1028 2458 Zenon
1057 2434 1177 2456 novam
1202 2418 1348 2466 baerefin

368 2496 456 2530 ῃονο
470 2481 602 2530 paxillo
618 2475 825 2527 suspendtffe.
880 2475 1006 2509 Eleates
1031 2471 1145 2508 cli-stus
1173 2469 1216 2506 ab
1243 2470 1348 2513 Elea,

370 2531 515 2582 oppido
548 2528 808 2578 Peloponnesi.
843 2523 1039 2562 VORST.
1101 2521 1188 2558 lmo
1217 2522 1348 2556 Eleates

371 2583 491 2622 dictus
513 2582 561 2620 est
580 2581 624 2619 ab
648 2578 788 2629 oppido
812 2578 914 2619 Elea,
943 2572 1046 2623 quod
1068 2572 1137 2609 fuit
1166 2571 1205 2608 in
1227 2571 1351 2607 Luca—

370 2637 432 2674 nia
447 2664 457 2679 ‚
485 2644 602 2684 prope
622 2629 929 2681 promontorium
957 2624 1184 2662 Palinurium
1199 2650 1210 2666 ,
1237 2630 1277 2659 ut
1296 2621 1349 2659 di-

368 2688 464 2725 serte
482 2686 629 2723 testatur
651 2681 779 2720 Strabo
799 2679 883 2716 Lib.
903 2690 956 2715 vr.
974 2675 1114 2718 linitio:
1147 2673 1266 2710 Porro
1286 2684 1351 2710 au-

371 2746 451 2776 tem
489 2746 692 2787 tyrannum
720 2732 894 2770 Phalarim
924 2723 1094 2766 interiisse
1123 2722 1352 2772 Olympiade

372 2789 515 2827 LXX.
548 2787 669 2825 statuit
705 2782 938 2823 Dodwellus.
995 2778 1202 2827 Aliquanto
1239 2775 1352 2812 etiam

374 2840 473 2892 prius
520 2851 607 2877 eum
655 2834 872 2875 exstinctum
917 2828 1021 2870 fuiffe
1067 2827 1186 2866 voluit
1222 2825 1356 2864 Erudi-

378 2891 535 2930 tifiimus
552 2888 745 2938 Bentlejus.
774 2885 820 2924 ad
839 2884 996 2933 Olymp.
1018 2881 1104 2919 LII.
1123 2879 1235 2917 refert
1254 2886 1356 2916 aeta-

381 2951 459 2982 tem
485 2943 560 2992 ejus
582 2940 741 2987 Scaliger
761 2937 806 2975 ad
825 2935 955 2975 Euseb.
981 2933 1062 2982 Jam
1083 2943 1175 2970 vero
1187 2933 1355 2967 Zenonem

379 2997 531 3033 Eleatem
553 2989 711 3030 floruisse
733 2990 826 3027 circa
849 2984 1117 3037 Olympiadem
1139 2980 1357 3020 LXXXVI.

2275 952 2369 983 ma·

1393 1071 1457 1121 qui
1487 1069 1619 1108 cadem
1649 1068 1708 1107 illa
1739 1075 1859 1106 aetate
1889 1066 2033 1116 viguit,
2061 1065 2138 1114 ejus
2158 1063 2371 1103 auditorem

1394 1120 1500 1160 fuisse
1514 1150 1523 1165 ‚
1556 1133 1645 1169 ergo
1668 1121 1793 1157 senem
1815 1116 1886 1156 effe
1904 1131 1982 1156 non
2004 1115 2162 1166 potuiffe
2184 1124 2269 1153 ante
2293 1117 2372 1155 obi-

1394 1182 1475 1211 tum
1496 1171 1693 1210 Phalaridis
1724 1183 1789 1219 per
1818 1170 1852 1207 se
1881 1169 2007 1220 liquet.
2061 1167 2132 1204 Sed
2165 1168 2202 1204 &
2226 1179 2367 1213 nemo,

1393 1233 1538 1274 praeter
1567 1223 1732 1261 nostrum
1767 1221 1813 1260 de
1835 1222 1981 1258 Zenonis
2005 1218 2050 1256 ad
2076 1217 2293 1255 lelaridem
2316 1219 2373 1257 iti-

1392 1288 1504 1319 nere,
1533 1274 1769 1312 mentionem
1802 1272 1913 1316 fecit;
1944 1274 1981 1309 ὅζ
2014 1282 2093 1307 non
2122 1270 2142 1308 a
2166 1269 2372 1315 Phalaride,

1392 1327 1451 1365 sed
1483 1326 1501 1364 ἐι
1534 1325 1711 1369 Almam,
1744 1323 1828 1368 vel,
1855 1331 1896 1360 ut
1925 1323 1984 1360 alii
2011 1321 2144 1358 volunt
2164 1348 2174 1364 ‚
2215 1323 2373 1371 Demylo‚

1394 1379 1475 1422 alii,
1505 1374 1727 1414 Diomedonte
1749 1375 1852 1412 illum
1881 1372 2182 1412 excarnificatum
2203 1372 2376 1419 tradunt,

1394 1430 1508 1480 idque
1530 1431 1655 1473 Eleae,
1683 1434 1724 1464 ut
1758 1425 1805 1463 est
1834 1424 1930 1473 apud
1962 1424 2042 1462 Cic.
2074 1424 2119 1460 L.
2141 1435 2203 1459 111.
2221 1421 2266 1460 de
2288 1424 2375 1462 Nat.

1395 1482 1514 1519 Deor.
1544 1492 1603 1530 33.
1630 1476 1783 1516 Pauculi
1812 1476 1919 1513 MSS.
1956 1475 2104 1513 habent.
2168 1475 2377 1512 stZenone

1396 1534 1544 1570 Cleame.
1574 1530 1642 1569 Ed.
1663 1531 1772 1576 Mog.
1793 1523 1814 1563 ιὶ
1831 1530 1965 1563 Zenone
1988 1528 2137 1563 Elenate.
2173 1525 2247 1562 Pro
2268 1528 2304 1562 in
2322 1524 2377 1562 di-

1388 1581 1567 1634 spicienda.
1596 1581 1704 1620 Leid.
1722 1585 1804 1618 tert.
1826 1579 1864 1616 ὃς
1884 1578 1970 1627 sept.
1992 1588 2079 1614 cum
2106 1575 2177 1614 Ed.
2196 1577 2304 1626 Mog.
2321 1576 2378 1615 de-

1387 1633 1568 1687 spicienda.
1597 1633 1687 1673 Tol.
1713 1627 1925 1681 inspicienda.

1447 1699 1507 1736 25.
1523 1688 1576 1722 Jn
1602 1682 1785 1722 excitandis
1815 1679 1860 1718 acl
1890 1682 2038 1730 vigorem
2053 1684 2215 1727 juvenum
2235 1678 2376 1730 animis]

1400 1737 1653 1775 Tertullianus
1671 1735 1693 1772 l.
1706 1735 1751 1772 de
1774 1745 1831 1771 an.
1853 1743 1929 1782 c.3.
1952 1739 1991 1768 ut
2011 1731 2158 1768 Platoni
2173 1730 2378 1776 honorem,

1400 1786 1588 1826 Aristoteli
1606 1796 1779 1825 tenorem
1795 1813 1806 1830 ,
1826 1784 1991 1832 Epicuro
2012 1782 2200 1830 stuporem
2219 1809 2229 1824 ‚
2243 1783 2281 1819 δε
2303 1781 2380 1821 aliis

1398 1838 1624 1928 ppgosgplhis
1661 1838 1730 1875 alia
1749 1863 1761 1883 ‚
1806 1834 1855 1873 fic
1885 1832 2032 1872 Zenoni
2067 1833 2217 1882 ‘rigorem
2243 1832 2381 1873 tribuit.

1446 1942 1506 1979 26.
1535 1940 1676 1977 Phalari
1701 1939 1843 1987 vefimae
1863 1936 1981 1972 mentis
1993 1935 2165 1982 feritatem
2185 1931 2203 1969 ἂ
2218 1936 2256 1981 se
2277 1933 2382 1984 diripi

1392 1992 1497 2042 poffe]
1527 1992 1652 2029 Etiam
1679 2001 1776 2038 quae
1797 1987 1893 2025 mala
1915 1986 2016 2030 sunt,
2042 1983 2258 2023 hominibus
2277 1984 2381 2035 cliripo'

1398 2053 1510 2094 atque
1530 2046 1610 2092 eripi
1628 2039 1777 2090 possunt
1799 2038 1884 2076 dici.
1937 2037 2073 2074 Cicero
2089 2036 2113 2074 l.
2134 2048 2169 2073 v.
2192 2047 2248 2084 ep.
2269 2036 2303 2072 6.
2332 2037 2380 2075 ad

1396 2095 1475 2133 Att.
1505 2097 1601 2143 Eripe
1632 2091 1712 2128 mihi
1743 2091 1825 2127 hunc
1845 2087 2012 2131 dolorem,
2038 2098 2099 2123 aut
2120 2088 2231 2122 minue
2244 2089 2382 2135 fhltem.

1398 2146 1457 2183 Sic
1478 2146 1636 2193 Justinus
1659 2142 1745 2179 dicit
1775 2142 1896 2189 eripere
1923 2140 2025 2175 alicui
2042 2139 2199 2186 servilem
2218 2136 2381 2177 conditio·

1395 2212 1479 2233 nem.
1508 2194 1706 2234 VORST.
1758 2191 1900 2229 Phalari
1927 2192 2069 2238 ‘vefimae
2088 2190 2206 2225 mentis
2227 2197 2300 2227 (fc.
2322 2189 2380 2228 Cl.

1397 2247 1612 2285 Perizonius
1633 2243 1737 2282 malit
1754 2243 1877 2291 legere
1891 2270 1900 2285 ‚
1927 2238 2055 2292 deripi;
2089 2239 2194 2290 quod
2211 2240 2250 2277 in
2270 2241 2382 2279 tribus

1399 2299 1555 2337 invenio
1570 2296 1677 2335 Leid.
1690 2293 1921 2333 Per·iz.Toll.
1937 2292 2078 2342 de‘quo
2097 2291 2214 2329 verbo
2233 2291 2319 2329 vide
2338 2291 2383 2330 ad

1398 2351 1447 2388 L.
1477 2363 1520 2387 11.
1542 2363 1577 2399 9.
1602 2349 1637 2386 8.
1663 2348 1782 2385 Porro
1803 2344 1880 2382 duo
1902 2343 2009 2381 Leid.
2033 2355 2117 2380 cum
2148 2342 2282 2392 Ultraj.
2312 2343 2383 2382 sec.

1399 2406 1443 2438 Et
1456 2400 1475 2437 22
1496 2407 1691 2450 tyranno&
1706 2397 1726 2434 ἷι
1742 2396 1884 2433 Phalari
1898 2406 1962 2439 ‚ac
1973 2394 2106 2432 deinde
2119 2397 2239 2444 perse.
2265 2394 2386 2445 Quod

1400 2462 1602 2503 utrumque
1628 2450 1738 2488 habet
1759 2448 1828 2486 Ed.
1856 2448 1965 2495 Mog.

1453 2529 1512 2563 27.
1541 2515 1766 2563 Nobiltffimos
1792 2517 1862 2562 ejus
1881 2512 2037 2555 civitatis
2064 2509 2301 2562 adolescentes]
2331 2513 2386 2551 At

1403 2575 1443 2604 tu
1464 2568 1550 2605 vide
1574 2567 1729 2604 Simson.
1753 2564 1799 2602 A.
1817 2564 1875 2602 M.
1897 2576 1928 2601 a.
1951 2576 2061 2613 3505.
2087 2563 2336 2602 PERIZON.

1454 2620 1512 2657 28.
1541 2620 1711 2667 Qoosnam
1740 2616 1864 2664 consilii
1890 2617 2073 2665 participes
2106 2614 2256 2663 baberet]
2287 2615 2384 2663 Cop.

1404 2670 1508 2708 Harl.
1527 2671 1597 2708 Bit.
1621 2668 1722 2707 Bai-b.
1743 2667 1851 2716 prim.
1876 2678 2039 2717 quomam
2062 2666 2245 2703 exhibent.
2274 2665 2382 2704 Leid.

1404 2721 1472 2759 sec.
1495 2723 1533 2760 &
1556 2721 1663 2758 Tert.
1682 2721 1863 2769 quosnam,
1890 2718 2116 2766 al’quotnam.

1456 2784 1517 2819 29.
1553 2777 1620 2813 eAc
1638 2768 1888 2819 fideliffimum]
1924 2767 2120 2806 Fluuuant
2145 2765 2253 2804 MSS.
2287 2768 2384 2805 inter

1396 2823 1620 2873 fideltffi‘mum
1641 2835 1683 2861 ac
1694 2821 1896 2871 fidtjffimum.
1923 2817 2127 2864 Nonnulli,
2145 2831 2250 2868 neque
2270 2833 2384 2869 quem-

1406 2890 1506 2927 quam
1527 2889 1635 2912 eorum
1649 2904 1659 2920 ,
1676 2883 1721 2911 φ’
1741 2876 1928 2923 proximum
1945 2883 2115 2921 quemque.
2142 2869 2181 2907 &
2199 2868 2247 2906 fic
2267 2870 2381 2920 vulgo

1408 2926 1584 2976 edebatur
1608 2935 1694 2964 ante
1712 2926 1897 2974 Pighium.
1950 2920 2068 2970 Quod
2089 2919 2264 2968 probabat
2284 2922 2385 2959 Peri-

1406 2980 1537 3017 zonius
1564 2989 1722 3016 monens
1748 2972 2004 3015 resolvendum
2033 2970 2103 3009 effe
2130 2970 2168 3008 τί
2188 2987 2314 3023 neque,
2341 2973 2382 3010 in

383 3046 494 3086 tradit
521 3043 705 3085 Eusebius.
732 3043 781 3082 Et
801 3040 1035 3080 consentiunt
1053 3036 1136 3081 alii,
1161 3033 1358 3081 Periclem,
1407 3038 1454 3069 ω’
1475 3044 1563 3075 non,
1590 3031 1629 3069 δε
1652 3028 1789 3069 addens
1810 3025 1925 3066 simile
1956 3023 2173 3074 exemplum
2202 3022 2330 3063 referri
2358 3022 2380 3060 ὲ

2300 3074 2385 3113 Sen..
