2516 3509
301 97 437 154 DE
510 88 1105 174 JUDICIIS
1181 104 1818 166 PUB-LICIS.

1978 130 2082 188 705

86 215 158 248 ces
193 214 346 246 manus
380 197 661 261 injicientem
686 232 701 258 ,
742 200 860 248 ultra
893 202 1104 252 Taurum
1139 219 1346 253 montem
1381 205 1685 258 summoveret
1713 228 1724 257 τ
1777 211 1849 259 sed
1882 213 2084 280 alioquin

83 281 153 328 vir
187 277 494 325 fincerissimae
527 278 674 337 vitae,
701 277 748 325 ἃ
772 279 826 326 ab
861 280 947 328 hac
980 281 1230 347 suspicione
1264 286 1428 349 procul
1463 301 1689 347 remotus,
1725 290 1944 353 invidiae,
1969 312 2082 359 quae

83 376 192 409 tunc
228 359 276 404 in
310 357 507 403 duorum
542 356 732 404 fratrum
767 358 946 424 inclytis
981 363 1336 426 cognominibus
1370 363 1628 424 habitabat,
1661 366 1856 415 resistere
1880 388 1971 419 non
1995 391 2077 438 po-

89 439 194 488 tuit.

149 517 214 563 At
251 514 455 577 Scipioni
491 513 674 577 quidem
710 518 932 565 maximus
967 519 1174 569 fortunae
1208 521 1404 584 fulgor,
1462 520 1518 567 C.
1555 533 1704 569 autem
1741 525 1946 574 Deciano
1982 529 2076 593 spe-

79 598 222 646 &atae
257 594 527 658 integritatis
561 595 660 642 viro
692 613 787 643 vox
830 597 903 644 sua
936 601 1128 648 exitium
1163 602 1332 649 attulit.
1402 602 1531 648 Nam
1566 618 1674 649 cum
1719 600 1766 642 ⁶4
1799 607 1850 651 P.
1885 609 2072 660 Furium
2096 605 2134 673 ξ’

81 672 454 740 inquinatissimae
487 674 607 721 vitae
641 691 725 737 pro
762 676 941 723 Rostris
977 679 1202 727 accusaret
1222 713 1236 739 ‚
1281 670 1386 742 quia
1418 680 1609 744 quadam
1646 683 1693 727 in
1727 695 1854 746 parte
1889 686 2073 738 actionis
2093 686 2290 760 ξέῑξᾶὶέῑιζςζ

82 751 125 791 ⁶5
165 753 220 798 de
256 765 404 798 morte
439 751 495 797 L.
517 752 747 798 Saturnini
782 753 908 815 queri
942 755 1065 804 ausus
1099 756 1268 816 fuerat,
1304 772 1389 803 nec
1423 773 1550 804 reum
1585 758 1837 821 damnavit,
1864 760 1911 788 ⁶⁶
1936 764 1982 811 ἃ
2007 769 2072 815 in·
2094 738 2216 804 2¹·l'29·
2282 752 2294 761 ⁴

80 831 212 896 super
244 834 286 878 ei
321 846 485 895 poenas
519 829 712 876 addicitas
748 831 980 894 pependit.

151 915 256 962 Sex.
291 928 474 976 quoque
507 912 692 959 Titium
729 911 880 959 fimilis
917 912 1036 960 casus
1072 915 1326 978 prostravit.
1390 915 1436 955 ⁶7
1471 918 1582 964 Erat
1617 919 1860 977 innocens,
1899 934 1991 968 erat
2026 941 2069 970 a·

82 1271 314 1311 Atrebatenfi
328 1301 337 1317 ‚
350 1272 614 1310 Wincheliano
632 1299 640 1315 ,
653 1273 868 1311 Coloniensi
890 1276 926 1313 ὅς
941 1276 1054 1314 Cam-

83 1323 206 1372 pensi,
231 1324 395 1361 addictas.
418 1324 556 1366 PIGH,
597 1325 710 1361 Loco
739 1326 852 1362 citato
881 1338 926 1364 ex
954 1328 1055 1365 Ann.

81 1374 239 1412 addicitis
258 1375 407 1423 Pighius
438 1375 694 1424 interpretatur
717 1376 924 1423 destinatas,
952 1378 1054 1415 dicit-

86 1437 161 1475 que
179 1438 372 1475 perperam
393 1425 567 1476 pleraque
582 1426 726 1474 vulgata
747 1428 966 1476 exemplaria
985 1430 1049 1466 ha-

85 1476 173 1513 bere
192 1470 341 1513 addita's.
368 1476 470 1525 quod
492 1477 538 1514 est
558 1478 596 1513 in
616 1478 714 1514 Ven.
732 1477 887 1516 Mediol.
902 1480 1048 1519 Ascens.

81 1528 121 1565 ὃς
146 1528 253 1565 MSS.
279 1527 390 1564 tribus
412 1527 520 1565 Leid.
544 1527 615 1565 Bit.
644 1529 752 1577 prim.
779 1529 909 1579 Ultraj.
937 1531 1046 1579 prim.

79 1578 140 1616 alii
157 1577 305 1627 adjectos
326 1578 463 1616 habent
476 1606 486 1622 ‚
502 1586 542 1615 ut
554 1579 658 1615 Harl.
671 1577 859 1618 AddiHus
873 1608 882 1624 ,
895 1581 971 1619 duo
985 1583 1046 1620 Pa-

81 1629 137 1666 ris.
163 1628 311 1666 additus.
339 1628 440 1666 Barb.
468 1629 574 1677 prim.
603 1629 674 1666 Sed
704 1629 835 1678 Ultraj.
861 1631 928 1668 sec.
953 1632 1047 1668 debi-

76 1690 153 1723 tas,
191 1691 276 1717 cum
307 1691 383 1728 quo
415 1679 595 1716 consentit
627 1680 695 1717 Ed.
722 1681 829 1729 Mog.
857 1683 894 1719 ὅ(
919 1682 1044 1721 Chart.

78 1730 200 1767 Duac.
227 1729 330 1779 quod
352 1741 430 1766 non
456 1729 629 1778 displicet.
657 1731 768 1768 Certe
795 1730 944 1769 addicere
967 1745 1044 1783 poe-

76 1795 155 1818 nam
180 1784 283 1817 alicui
312 1792 379 1828 pro
409 1779 572 1826 destinare
595 1809 605 1823 ‚
642 1782 765 1819 nescio
795 1793 840 1819 an
874 1783 950 1820 ullo
980 1796 1042 1822 ex-

74 1831 201 1880 emplo
233 1831 376 1880 probari
404 1831 521 1879 poffit.
581 1831 699 1869 Porro
729 1832 831 1882 quod
863 1848 952 1870 reum
978 1851 1043 1872 non

69 1882 260 1930 damnasse,
286 1891 330 1918 ω’
353 1883 482 1931 insuper
508 1893 628 1929 poenas
648 1885 676 1919 ei
697 1883 849 1920 addictas
869 1886 1042 1935 pependis-

64 1936 105 1981 se
126 1937 311 1970 Decianum
346 1932 432 1970 dicit
450 1932 643 1977 Valerius,
681 1934 718 1971 id
743 1935 791 1972 ita
821 1937 952 1984 accipit
982 1938 1041 1975 Pi-

74 1985 202 2032 ghius,
229 1992 270 2021 ut
289 1984 475 2022 Decianus
504 1996 581 2021 non
611 1985 843 2023 damnaverit
862 1987 1038 2032 Furium,

73 2036 158 2084 quia
177 2035 237 2071 hic
254 2044 452 2083 antequam
482 2035 681 2073 sententiae
701 2037 883 2074 ferrentur
903 2051 922 2075 a
946 2040 1037 2076 mul-

71 2085 229 2123 titudine
249 2085 297 2122 est
319 2085 512 2133 discerptus
526 2113 535 2129 ‚
556 2086 627 2133 ipse
646 2098 737 2124 vero
751 2088 937 2125 Decianus
958 2089 1035 2138 post

71 2136 297 2173 tribunatum
321 2135 505 2173 accusatus
528 2136 742 2183 maiestatis,
770 2144 963 2187 tamquam
997 2152 1034 2176 e-

71 2187 215 2236 jusdem
232 2185 513 2234 conjurationis,
526 2198 611 2224 cum
624 2187 819 2225 Saturnino
840 2190 1034 2238 particeps,

74 2239 112 2275 δε
128 2238 166 2274 in
186 2237 335 2274 exilium
355 2237 401 2274 est
424 2235 568 2281 missus,
589 2249 682 2286 quae
701 2250 821 2286 poena
831 2239 942 2277 Furio
963 2242 1034 2278 im-

72 2289 260 2331 minebat,
287 2287 352 2325 nifi
373 2296 457 2325 ante
475 2287 753 2326 damnationem
777 2290 914 2327 occisus
934 2290 1032 2330 effet.

121 2340 182 2387 67.
211 2342 291 2376 Erat
309 2337 476 2387 innocens]
506 2338 658 2376 Pulchre
679 2341 808 2387 repetit
830 2341 912 2378 Lib.
934 2343 1033 2380 Dan.

70 2394 153 2428 Erat
177 2393 347 2434 innocens,
375 2401 446 2426 erat
468 2393 638 2439 „Agraria
660 2392 729 2438 Iege
746 2393 928 2441 gratiosus.
957 2394 1032 2431 Mi-

67 2453 106 2479 re
133 2441 279 2478 affectat
309 2440 605 2489 repetitiunculas
643 2441 720 2478 istas
752 2442 1030 2482 declamatorias

67 2493 256 2530 Maximus
281 2492 413 2529 noster.
441 2491 634 2528 COLER.
663 2495 743 2528 Erat
760 2495 931 2536 innocens,
960 2507 1031 2532 erat

66 2544 205 2594 agraria
231 2544 303 2592 lege
326 2544 400 2578 lata
420 2544 592 2592 gratiosus
610 2553 664 2589 ap.
689 2555 762 2590 pop.
789 2547 872 2579 Erat
891 2544 943 2582 bis
962 2557 1031 2594 po-

65 2593 174 2631 fitum
203 2592 338 2629 habent
358 2594 395 2630 ὅ(
416 2593 563 2631 codices
584 2593 761 2631 Brandeb.
789 2594 905 2632 Aldus
924 2596 1031 2634 &Pi-

66 2645 170 2693 ghius
190 2643 308 2680 modo
328 2643 438 2681 semel
457 2645 663 2693 posuerant.
716 2645 768 2682 At
788 2645 943 2683 Colerus
967 2659 1028 2685 au-

71 2695 240 2732 ctoritate
269 2693 407 2731 codicis
430 2695 470 2732 P.
497 2695 662 2732 Danielis
690 2696 787 2733 reete
816 2697 868 2733 bis
900 2699 1030 2745 posuit.

68 2745 265 2784 VORST.
292 2744 397 2781 Idem
417 2745 566 2783 firmant
584 2758 739 2791 omnes,
772 2755 952 2796 quantum
977 2751 1032 2787 vi-

66 2796 139 2834 deo
166 2796 275 2833 nostri
308 2795 415 2832 MSS.
442 2805 585 2844 praeter
609 2797 711 2834 Harl.
742 2798 851 2835 habet
879 2811 1031 2850 quoque

67 2847 136 2885 Ed.
184 2849 289 2894 Mog.
344 2846 498 2883 Peffime
527 2847 789 2896 distinguebant
814 2849 907 2893 alii,
950 2856 1032 2889 Erat

63 2900 213 2935 innocens
243 2899 382 2950 agraria
411 2899 482 2947 Iege
510 2899 607 2941 lata,
629 2895 911 2951 gratiosus'apud
927 2913 1033 2953 popu-

63 2950 146 2987 lum.

110 2999 175 3038 68.
208 2997 390 3050 Suffiagiis
426 3012 498 3036 eum
536 3009 609 3037 tota
645 3000 749 3038 concio
779 3001 939 3053 oppressit]
992 3003 1034 3042 In

1972 1154 2067 1200 Ad-

1104 1277 1376 1317 Pulrnanniano
1418 1279 1456 1316 &
1488 1278 1662 1324 Susiano,
1696 1290 1768 1316 tota
1802 1282 1971 1331 cognatio;
2006 1283 2066 1320 sed

1106 1329 1238 1367 rectius
1267 1331 1305 1367 in
1336 1329 1591 1373 Atrebatenfi,
1627 1342 1698 1367 tota
1727 1334 1888 1382 cognitio,
1924 1333 2066 1382 legitur.

1104 1383 1334 1429 cognitionem
1375 1393 1466 1418 vero
1494 1393 1562 1429 pro
1594 1381 1763 1430 judicum
1805 1383 1962 1431 collegio
1995 1397 2065 1432 po-

1103 1431 1168 1468 nit.
1221 1432 1429 1469 Damnatus
1458 1433 1557 1469 enim
1589 1433 1681 1476 fuit,
1709 1441 1750 1470 ut
1777 1444 1821 1469 ex
1842 1434 1961 1471 Cicer.
1990 1437 2063 1472 Ra-

1098 1480 1235 1519 biriana
1262 1482 1521 1531 intelligimus,
1548 1495 1625 1520 non
1655 1483 1675 1520 a
1698 1485 1883 1520 concione
1914 1486 2061 1532 populi;

1096 1532 1156 1569 sed
1187 1532 1230 1569 ab
1261 1533 1442 1582 equitibus
1470 1535 1674 1576 Romanis,
1708 1546 1818 1581 penes
1850 1547 1942 1583 quos
1973 1545 2061 1581 tunc

1096 1584 1275 1631 temporis
1299 1592 1401 1622 erant
1427 1584 1576 1633 judicia.
1610 1585 1749 1622 PlGH.
1785 1584 1967 1636 Suffiagiis
1992 1601 2064 1623 eum

1097 1645 1169 1669 rota
1198 1637 1339 1683 cognitio
1367 1634 1520 1684 oppreffit.
1555 1635 1696 1680 Aldus,
1727 1637 1812 1671 Tota
1840 1641 1943 1673 contio
1973 1649 2062 1685 oppr.

1098 1684 1181 1720 Nec
1207 1685 1310 1722 aliter
1330 1685 1663 1735 Chalcocondyles.
1699 1687 1752 1723 At
1770 1686 1916 1734 Pighius
1938 1688 2060 1725 rescri-

1095 1733 1184 1781 pfit‚
1211 1746 1283 1771 tota
1310 1737 1471 1786 cognitio:
1506 1737 1607 1786 quod
1635 1738 1673 1774 in
1701 1736 1843 1774 duobus
1876 1738 1984 1775 codd.
2010 1739 2063 1776 le-

1093 1793 1198 1832 gerat
1225 1797 1298 1822 tota
1328 1789 1479 1835 cognatio
1501 1815 1511 1830 ‚
1553 1789 1591 1825 δε
1620 1787 1658 1825 in
1686 1800 1764 1825 uno
1791 1789 1932 1836 prorsus
1962 1791 2059 1827 reete

1093 1846 1165 1871 tota
1188 1838 1354 1887 cognitio;
1394 1839 1431 1875 ὃς
1457 1838 1542 1887 quia
1572 1851 1617 1875 ex
1648 1848 1740 1876 orat.
1778 1840 1968 1877 Ciceronis
1991 1853 2058 1889 pro

1094 1887 1184 1924 Rab.
1210 1888 1446 1936 intelligitur,
1473 1901 1551 1926 non
1573 1889 1592 1926 a
1616 1890 1799 1927 concione
1818 1892 1968 1938 populi,
1994 1892 2057 1930 sed

1094 1937 1137 1975 ab
1157 1939 1338 1987 equitibus
1356 1940 1537 1977 Romanis
1550 1968 1559 1984 ‚
1573 1952 1683 1989 penes
1704 1953 1796 1989 quos
1812 1941 1949 1988 judicia
1966 1950 2055 1980 tunc

1091 1991 1272 2037 temporis
1302 1991 1438 2027 fuerint
1459 2018 1470 2034 ,
1516 1990 1733 2029 damnatum
1762 1989 1865 2029 fuiffe
1893 1992 2052 2030 Titium.

1091 2042 1246 2089 Cognitio
1275 2041 1465 2078 manifeste
1495 2053 1588 2079 unus
1619 2055 1772 2092 quoque
1800 2043 1883 2080 cod.
1922 2043 2051 2082 Brand.

1086 2089 1211 2128 habet.
1265 2091 1325 2128 Est
1358 2100 1482 2129 autem
1515 2094 1660 2144 cognitio
1687 2105 1754 2142 pro
1782 2093 1859 2142 ipso
1893 2094 2050 2143 collegio

1080 2140 1272 2188 judicumz
1302 2149 1341 2179 ut
1368 2143 1469 2192 supra
1489 2156 1575 2180 vm.
1602 2158 1631 2182 1.
1653 2145 1696 2183 6.
1729 2147 1875 2194 quaestio
1901 2157 1967 2193 pro
1989 2158 2053 2183 eo-

1087 2190 1172 2229 dem
1190 2206 1198 2229 :
1225 2193 1271 2230 ad
1289 2205 1401 2242 quem
1423 2194 1730 2233 locum&Notas
1751 2196 1844 2232 vide.
1858 2196 2050 2235 VORST.

1088 2242 1220 2292 Copes.
1251 2246 1412 2295 cognatio.
1441 2244 1511 2281 Sed
1536 2247 1677 2295 cognitio
1697 2245 1808 2282 habet
1828 2247 1937 2285 Leid.
1962 2248 2049 2285 sext.

1088 2293 1150 2334 &‚
1173 2302 1212 2331 ut
1234 2303 1346 2341 puto,
1373 2295 1478 2332 Paris.
1506 2302 1623 2345 quart.
1652 2297 1777 2333 Ceteri
1794 2300 1909 2334 concio.
1938 2298 2049 2336 nullas

1083 2349 1212 2381 tamen
1242 2345 1302 2382 hic
1330 2348 1489 2382 concionis
1519 2354 1638 2394 partes
1661 2345 1765 2385 fuiffe
1796 2359 1840 2385 ex
1862 2349 2046 2386 Cicerone

1084 2395 1320 2433 manifestum
1348 2397 1417 2437 est;
1456 2404 1497 2434 ut
1524 2397 1619 2435 adeo
1651 2410 1694 2435 ea
1724 2411 1799 2436 vox
1830 2400 1890 2436 hic
1919 2399 2044 2437 locum

1082 2444 1216 2485 habere
1252 2458 1330 2484 non
1371 2447 1502 2495 poffit:
1554 2448 1619 2485 nifi
1650 2449 1819 2487 Valerius
1854 2450 2045 2487 crediderit

1084 2507 1169 2533 eum
1199 2498 1327 2546 populi
1349 2498 1526 2547 *suffragiis
1554 2498 1657 2537 fuiffe
1686 2499 1916 2549 oppressum,
1940 2501 2041 2548 quod

1082 2546 1169 2584 inde
1205 2549 1369 2597 suspicari
1411 2550 1487 2586 fere
1519 2549 1656 2596 liceat,
1702 2553 1785 2601 quia
1824 2550 2037 2598 praecessit,

1082 2609 1155 2634 erat
1184 2603 1323 2650 agraria
1352 2601 1423 2650 lege
1451 2602 1526 2637 lata
1553 2604 1725 2650 gratiosus
1750 2600 1838 2649 apud
1862 2602 2039 2649 populum3

1083 2648 1185 2697 quod
1213 2651 1273 2688 vix
1303 2650 1376 2688 alio
1403 2651 1476 2689 fine
1504 2652 1668 2690 additum
1701 2653 1864 2693 videtur,
1901 2650 1965 2686 nisi
1997 2659 2039 2688 ut

1082 2711 1137 2737 res
1166 2703 1351 2739 censeatur
1367 2710 1472 2739 tanto
1494 2704 1608 2751 magis
1626 2704 1738 2745 mira,
1766 2700 1866 2750 quod
1886 2700 1934 2737 ob
1955 2711 2037 2738 eam

1083 2749 1240 2790 caussam
1272 2752 1464 2790 damnatus
1498 2754 1545 2790 est
1573 2766 1592 2790 a
1622 2753 1783 2802 populo,
1811 2750 1906 2799 apud
1923 2763 2037 2801 quem

1083 2802 1248 2852 alioquin
1273 2812 1349 2841 erat
1371 2805 1556 2852 gratiosus.

1134 2854 1193 2902 69.
1213 2854 1378 2904 Claudia]
1409 2856 1497 2892 Hoc
1516 2855 1601 2890 loco
1622 2852 1805 2890 Oliverius
1823 2852 1909 2891 duas
1930 2853 2040 2891 Clau-

1085 2904 1160 2942 dias
1181 2917 1293 2943 unam
1316 2905 1518 2949 intellexit,
1539 2915 1621 2940 cum
1648 2903 1842 2940 Suetonius
1869 2904 1956 2942 duas
1988 2906 2040 2942 fa-

1087 2956 1179 2998 ciat,
1205 2956 1424 2994 laudabilem
1446 2967 1578 2998 unam,
1602 2966 1737 3001 nempe
1760 2955 1938 3002 virginem
1961 2956 2042 2991 Ve-

1086 3006 1211 3045 stalem
1228 3037 1236 3053 ‚
1260 3020 1355 3059 quae
1370 3007 1529 3046 seeundo
1549 3004 1645 3042 bello
1662 3005 1802 3043 Punico
1824 3006 2003 3055 Cybelem
2027 3018 2047 3043 a

1559 3057 1594 3093 V
1608 3067 1628 3092 v
1641 3067 1663 3092 v
1703 3067 1725 3092 v
1971 3057 2053 3095 Pes-

2135 612 2178 634 ιη.
2200 604 2270 636 urb,

2116 656 2163 682 54.
2187 646 2256 676 Cic.

2177 926 2210 963 3.

79 991 222 1056 graria
255 989 355 1053 lege
389 989 477 1035 lata
509 988 725 1051 gratiosus
760 989 879 1052 apud
914 991 1153 1055 populum.
1209 995 1389 1040 Tamen
1425 994 1529 1056 quia
1563 995 1790 1041 Saturnini
1826 998 2068 1062 imaginem
2089 964 2264 1040 &Telis

78 1067 206 1114 domi
240 1064 483 1123 habuerat,
517 1059 564 1090 ⁶3
599 1062 818 1128 suffragiis
852 1082 957 1113 eum
991 1081 1088 1116 tota
1122 1071 1329 1133 cognitio
1366 1070 1595 1134 oppreffit.
2088 1056 2116 1086 p'
2144 1048 2257 1082 MN*
