2516 3509
341 137 447 195 912
570 93 1157 167 ANTONII
1227 89 2141 153 SCHULTINGII

348 219 423 265 lib.
445 230 494 262 .1.
530 226 616 274 cap.
639 216 721 272 46.
754 204 1062 272 appellatione
1090 197 1146 248 ad
1173 195 1404 261 collegam
1440 193 1558 243 facia
1593 195 1743 257 Ascon.
1780 199 1963 246 Pedian.
2008 200 2068 247 ad
2098 201 2278 246 Ciceron.
2312 201 2356 250 d.

346 286 374 330 l.
412 277 529 341 Caes
560 279 610 324 de
642 276 736 323 bell.
770 273 886 321 civil.
920 271 994 318 lib.
1014 270 1101 314 III.
1136 277 1223 326 cap.
1250 277 1325 309 20.
1395 260 1474 309 Sic
1507 276 1693 325 quoque
1716 263 1772 311 ab
1791 280 1886 311 uno
1909 266 2192 313 Decemviro
2217 263 2272 310 ad
2292 266 2356 313 al-

350 360 502 393 terum
529 340 811 406 appellatum
842 336 933 384 fuit
955 369 971 395 ,
1015 335 1121 381 Liv.
1170 329 1271 377 Lib.
1289 327 1382 375 III.
1425 340 1514 388 cap.
1542 332 1617 390 36.
1686 327 1740 373 In
1773 330 1876 393 jure
1906 330 2058 377 nostro
2092 347 2184 378 non
2215 330 2356 378 alium

354 411 401 457 id
438 408 576 456 habet
611 404 856 463 effectum,
892 416 1027 465 quam
1056 398 1110 444 ad
1141 391 1516 459 impediendum,
1559 408 1616 439 ne
1649 391 1775 457 lapsu
1807 395 2028 458 temporis
2060 396 2116 443 ab
2148 397 2355 458 interpo-

357 474 504 523 nenda
533 471 840 538 appellatione
881 463 1169 514 excludatur.
1219 459 1406 506 interim
1437 456 1492 504 ad
1526 457 1654 503 illum
1678 492 1695 518 ,
1740 457 1818 522 qui
1850 458 2140 523 appellandus
2172 461 2318 508 fuerat
2343 495 2359 519 ,

354 538 482 588 causa
507 537 770 586 devolvitur
804 538 834 580 l.
862 549 901 580 1.
936 539 977 587 §.
1004 544 1044 592 3.
1082 529 1147 574 D.
1180 524 1488 586 appellationib⁰
1522 522 1672 570 multo
1707 539 1820 588 ergo
1853 523 1999 587 magis
2022 541 2046 570 a
2066 526 2281 572 Praetore
2304 528 2360 572 ad

354 603 604 653 Consulem
642 599 857 665 appellari
891 596 1080 661 potuit:
1119 607 1213 638 non
1249 589 1375 653 quod
1407 587 1529 652 apud
1562 585 1784 636 Consules
1813 589 2090 652 quaestiones
2114 589 2176 638 de
2209 591 2360 638 inoffi-

357 669 481 718 cioso
520 667 733 716 t1·a5‘catae
763 677 948 729 quoque
983 659 1109 715 fint;
1155 670 1207 703 ut
1239 654 1582 717 Qinstilianus
1615 652 1754 701 docet
1804 655 1854 701 de
1898 655 2154 716 Institution.
2208 669 2363 704 orator.

359 738 431 783 lib.
457 751 510 782 vt
529 750 567 781 1.
611 747 699 793 cap.
733 746 781 793 4.
834 727 880 774 id
915 725 1038 773 enim
1072 723 1127 770 ad
1158 721 1408 786 posteriora
1441 719 1642 783 pertinet
1674 732 1919 783 tempora:
1967 735 2128 766 verum
2162 720 2267 783 quia
2306 721 2362 768 ab

360 801 494 848 initio
530 813 623 845 non
654 809 834 844 tantum
854 797 1050 840 'ornnem
1085 788 1281 835 habuere
1301 783 1694 850 jurisdififionern,
1729 783 1801 830 sed
1825 784 1871 830 &
1897 786 2042 846 major
2061 798 2155 831 erat
2178 785 2365 832 illorum

364 864 586 930 potestas,
621 860 866 924 omnesque
897 854 1183 922 magistratus
1216 852 1304 898 illis
1338 849 1551 916 subjecti,
1587 850 1698 896 teste
1730 849 1928 913 Polybio
1965 843 2037 895 lib.
2062 865 2137 896 v1.
2176 865 2221 912 p.
2255 851 2368 912 640.

364 933 419 979 In
452 932 547 993 iure
582 928 736 975 nostro
766 943 790 972 a
817 926 1031 971 Praetore
1064 918 1317 983 appellatur
1347 914 1402 962 ad
1441 914 1726 962 Praefeetum
1753 915 1874 962 Urbi
1906 918 1935 961 l.
1972 914 2043 975 38.
2083 916 2148 961 D.
2194 917 2244 962 de
2288 921 2369 962 mi-

362 998 493 1043 norib.
528 998 556 1042 l.
577 1010 647 1056 17.
683 998 728 1038 C.
763 992 811 1037 cle
839 988 1148 1050 appellationib.
1186 981 1313 1047 quod
1335 982 1654 1028 Maecenatem
1678 979 1920 1046 Augusto,
1959 993 2010 1026 ut
2044 980 2370 1042 constitueret,

362 1062 594 1109 auctorem
624 1057 750 1105 fuisse
780 1054 935 1102 scribit
972 1053 1102 1100 Dion
1137 1047 1309 1095 Caffius
1340 1049 1412 1094 lib.
1439 1062 1559 1094 an.
1587 1045 1757 1107 p.478.

432 1127 706 1173 Praetoriam
728 1121 1061 1183 jurisdichonem
1095 1112 1344 1177 abrogavit]
1392 1111 1437 1159 h.
1472 1128 1511 1160 e.
1547 1111 1725 1158 rescidit
1759 1109 1994 1157 decretum
2020 1143 2034 1168 ,
2078 1109 2204 1174 quod
2236 1113 2371 1158 Prae-

366 1207 442 1240 tor
476 1207 532 1237 ex
567 1187 726 1237 officio
765 1183 1090 1251 jurisdictionis
1136 1178 1236 1226 suae
1280 1176 1611 1242 interposuerat
1641 1195 1650 1223 :
1698 1178 1887 1223 Praetor
1918 1177 2038 1221 enim
2074 1192 2182 1222 cum
2216 1177 2372 1224 decer·
2453 1191 2455 1194 ·

365 1270 460 1315 nit,
531 1255 701 1302 uamvis
735 1252 917 1315 inique,
949 1250 1023 1312 jus
1061 1260 1214 1294 tamen
1249 1243 1364 1290 dicit
1386 1277 1401 1302 ,
1446 1242 1536 1289 five
1567 1241 1730 1288 reddit.
1765 1244 1793 1288 l.
1821 1255 1915 1301 pen.
1951 1241 2180 1302 D.-justit.
2215 1243 2375 1303 &jun

366 1338 460 1370 non
496 1273 694 1367 dissimili
729 1318 870 1363 modo
907 1315 1079 1361 dicitur
1108 1326 1203 1357 non
1231 1307 1464 1373 inprobari
1496 1308 1688 1372 alicujus
1707 1304 1991 1370 jurisdictio,
2025 1322 2110 1368 pro
2133 1323 2214 1366 eo,
2249 1308 2375 1370 quod

371 1391 406 1434 is
438 1403 494 1433 ex
535 1385 608 1433 sua
643 1381 960 1450 jurisdicffione
999 1378 1155 1425 statuit
1200 1375 1276 1424 vel
1317 1373 1523 1422 decrevit
1570 1376 1596 1420 l.
1631 1387 1707 1436 57.
1733 1389 1799 1421 .v.
1849 1383 1946 1418 cert.
1993 1373 2059 1418 D.
2105 1373 2153 1419 de
2187 1390 2231 1419 re
2252 1374 2378 1435 judi-

368 1465 448 1500 cat.

440 1516 576 1580 Quod
607 1516 757 1561 diceret
793 1514 1017 1560 Genucium
1051 1507 1168 1570 &c.]
1228 1507 1456 1553 Rationes
1481 1506 1573 1551 'hae
1611 1503 1726 1551 solae
1761 1520 1855 1551 non
1890 1502 2105 1550 videntur
2137 1502 2236 1550 satis
2267 1504 2377 1551 vali-

372 1583 453 1630 dae
485 1580 539 1627 ad
568 1578 868 1627 evertendum
890 1575 1112 1623 Praetoris
1145 1573 1410 1631 decretum,
1447 1569 1678 1634 magisque
1703 1569 1966 1628 ostendere,
2002 1568 2112 1629 quid
2136 1570 2381 1617 honestum

376 1648 431 1695 sit
460 1647 532 1693 vel
562 1645 810 1702 decorum,
845 1658 981 1707 qnam
1014 1639 1068 1686 ad
1095 1639 1209 1703 juris
1232 1654 1441 1684 normam
1473 1637 1558 1683 effe
1588 1635 1784 1683 exafilae.
1854 1634 2070 1682 Eunuchi
2101 1635 2147 1681 in
2169 1637 2273 1698 jure
2294 1651 2380 1681 no-

375 1713 467 1760 stro
500 1710 716 1774 nusquam
750 1711 866 1755 inter
915 1708 1151 1769 incapaces
1192 1703 1486 1749 referuntur:
1528 1702 1810 1764 quinetiam,
1856 1700 1981 1764 quod
2016 1700 2114 1763 plus
2149 1699 2213 1744 est
2234 1734 2249 1759 ,
2292 1699 2380 1764 ipfi

377 1777 699 1825 testamentum
732 1772 913 1838 possunt
944 1771 1091 1817 facere
1113 1802 1128 1826 ,
1170 1770 1199 1813 l.
1231 1773 1278 1813 6.
1327 1776 1362 1823 §.
1394 1783 1434 1814 1.
1479 1768 1545 1813 D.
1579 1768 1628 1812 de
1662 1768 1778 1812 liber.
1813 1767 1867 1820 δέ
1884 1766 2055 1828 postam.
2093 1767 2120 1809 l.
2148 1778 2190 1826 5.
2227 1770 2273 1810 C.
2307 1769 2380 1827 qui

384 1843 613 1901 testament.
636 1840 775 1901 facer.
804 1838 905 1897 pff
942 1837 1063 1880 Paul.
1099 1833 1285 1879 sentent.
1320 1832 1392 1877 lib.
1415 1835 1502 1876 III.
1537 1833 1604 1877 tit.
1640 1848 1686 1889 4.
1733 1841 1770 1888 §.
1807 1846 1849 1877 2.
1893 1846 1977 1876 nec
2006 1828 2191 1891 usquam
2224 1831 2381 1893 prodi-

383 1923 429 1955 ta
458 1904 687 1953 distinctio
715 1938 729 1963 ,
775 1919 830 1949 an
865 1900 963 1963 quis
997 1898 1166 1946 invitus
1201 1896 1299 1942 talis
1328 1894 1381 1941 fit
1404 1894 1572 1950 factus,
1606 1911 1661 1941 an
1691 1894 1850 1959 sponte
1885 1894 1986 1954 sua,
2021 1895 2091 1940 uti
2126 1895 2260 1940 hicce
2282 1897 2380 1942 Ge·

381 1973 544 2020 nucius
567 2005 581 2029 ,
626 1969 688 2016 ob
729 1967 1024 2032 religionem,
1049 1961 1121 2010 vel
1146 1977 1297 2008 veram
1329 1961 1402 2007 vel
1436 1959 1690 2006 simulatam
1715 1995 1730 2020 ,
1783 1973 1906 2007 certe
1948 1976 2040 2005 non
2072 1958 2383 2021 prohibitam:

376 2039 580 2100 adeoque
610 2051 695 2082 nec
726 2031 956 2080 dubitavit
980 2027 1164 2077 Orestes
1195 2027 1290 2090 pari
1320 2041 1426 2071 eum
1450 2042 1558 2072 cum
1593 2025 1687 2071 aliis
1722 2024 1898 2071 civibus
1927 2027 2031 2089 jure
2054 2024 2231 2071 habere.
2261 2027 2380 2073 Non

376 2103 543 2168 probat
577 2114 765 2164 quoque
800 2099 892 2144 hoc
927 2093 1188 2158 exemplum
1227 2092 1464 2137 eunuchos
1502 2093 1605 2154 jure
1646 2090 1854 2153 capiendi
1886 2106 1942 2135 ex
1987 2089 2257 2136 testamento
2286 2092 2382 2155 pri-

383 2183 509 2214 vatos
538 2164 690 2221 fuisse,
726 2162 930 2228 quamvis
963 2160 1008 2206 id
1043 2161 1104 2205 ita
1138 2157 1282 2203 visum
1317 2155 1373 2203 fit
1402 2157 1542 2202 Petro
1570 2156 1774 2202 Aerodio
1809 2156 2002 2201 Pande&
2040 2172 2121 2202 rer.
2143 2156 2384 2216 judicatur.

383 2234 453 2280 lib.
478 2249 505 2278 v
555 2234 622 2276 tit.
656 2246 725 2277 xo.
761 2244 847 2289 cfzp.
872 2244 909 2274 1.
978 2223 1290 2272 Periculosum
1322 2222 1387 2268 est
1418 2237 1475 2268 ex
1511 2221 1612 2268 solis
1637 2221 1859 2284 exemplis
1885 2219 2114 2284 judicare:
2153 2222 2384 2286 magisque

383 2297 476 2362 ipsa
507 2296 717 2358 exempla
750 2293 805 2340 ad
839 2293 1061 2339 rationem
1094 2289 1141 2334 &
1168 2289 1283 2352 juris
1315 2286 1491 2352 regulas
1524 2287 1625 2333 sunt
1655 2285 1950 2333 examinanda
1983 2288 2099 2348 [ις.
2136 2291 2183 2331 C.
2217 2289 2267 2332 cle
2284 2288 2384 2349 sen-

389 2375 491 2409 tent.
538 2362 593 2414 δέ’
638 2359 976 2406 interlocutionib.
1029 2371 1134 2402 omn.
1171 2354 1304 2413 judic.
1357 2350 1699 2414 videndumque
1743 2368 1834 2398 non
1882 2350 1992 2415 quid
2025 2350 2196 2399 factum
2231 2350 2286 2399 fit
2317 2352 2390 2400 vel

389 2427 499 2486 fiat,
534 2424 607 2472 sed
642 2424 752 2488 quid
785 2423 883 2469 fieri
913 2421 1074 2468 debeat
1099 2452 1113 2476 ‚
1158 2422 1184 2465 l.
1205 2433 1276 2464 12.
1314 2420 1372 2463 D.
1406 2419 1455 2464 de
1488 2417 1588 2476 offic.
1629 2418 1808 2476 Praefid.

455 2490 672 2551 Provisum
702 2489 788 2549 est,
821 2505 865 2533 ne
899 2486 1085 2546 obscoena
1116 2485 1288 2529 Genucii
1313 2482 1549 2546 praesbntia
1583 2481 1699 2542 &c.]
1746 2485 1872 2527 Haec
1904 2480 1958 2527 ad
1990 2481 2207 2528 invidiam
2240 2481 2392 2530 decla-

393 2557 591 2605 matorio
617 2554 758 2601 modo
791 2552 1009 2598 dicuntur
1029 2583 1046 2607 ,
1100 2546 1222 2610 quasi
1252 2548 1460 2594 homines
1490 2546 1713 2610 ejusmodi
1750 2545 1982 2609 personam
2018 2546 2159 2592 standi
2189 2547 2237 2593 in
2267 2548 2393 2611 judi-

397 2624 473 2670 cio
506 2621 581 2670 vel
613 2622 690 2685 jus
728 2615 983 2682 postulandi
1014 2613 1178 2659 habere
1212 2629 1304 2658 non
1337 2613 1567 2668 debeant,
1611 2629 1720 2659 cum
1763 2624 1916 2658 tamen
1961 2628 2045 2675 pro
2081 2610 2123 2658 se
2163 2612 2392 2676 postulare

398 2689 535 2735 etiam
564 2683 732 2751 poffint
755 2681 861 2746 paffi
882 2679 1144 2737 muliebria,
1181 2678 1342 2742 capitis
1362 2679 1591 2738 damnati,
1623 2678 1795 2741 quique
1818 2693 2003 2741 operas,
2040 2691 2090 2724 ut
2116 2694 2225 2725 cum
2248 2679 2396 2728 bestiis

400 2763 686 2816 pugnarent,
718 2749 996 2803 locaverint,
1029 2748 1116 2790 l.1.
1150 2748 1246 2798 §.6.
1286 2746 1344 2787 D.
1377 2746 1426 2790 de
1450 2744 1676 2805 postuland.

411 2818 585 2863 -VIL
623 2818 710 2878 Qi
727 2816 879 2859 Vecilio
899 2812 1027 2859 lenoni
1047 2811 1237 2854 honorum
1251 2806 1367 2870 ἐξα]
1397 2809 1479 2856 Est
1498 2807 1597 2855 sane
1618 2808 1722 2855 leno
1749 2807 1987 2871 publicum
2012 2807 2230 2855 damnum
2251 2811 2399 2875 Qin-

401 2884 561 2927 eman.
592 2882 883 2926 declamation.
913 2875 1018 2941 385.
1054 2875 1289 2936 homoque
1324 2874 1395 2920 vel
1431 2875 1632 2921 maxime
1666 2874 1838 2935 turpis,
1873 2887 2009 2936 atque
2037 2873 2133 2937 ipso
2149 2876 2253 2937 jure
2285 2876 2399 2923 infa-

404 2947 488 2995 mis
519 2948 545 2993 l.
576 2962 614 2993 ι,
649 2947 675 2991 l.
704 2962 746 3007 4.
782 2952 820 3000 §.
847 2958 888 2991 z.
924 2946 985 2987 D.
1016 2941 1063 2988 de
1092 2939 1156 2987 his
1190 2942 1262 2998 qui
1294 2950 1454 2988 notant.
1490 2939 1640 3003 infam.
1677 2940 1798 2988 nulla
1833 2952 1984 2986 tamen
2010 2939 2125 3003 juris
2156 2939 2401 2990 auclorita-

2364 3020 2410 3056 te
