2516 3509
175 674 262 695 xrxv.
293 666 373 697 rim.

179 716 225 735 ιι.
255 717 300 737 12.

176 750 371 779 Fr-:nt.1.1z.

176 790 256 821 Plut.
284 791 371 820 Priui-

175 832 309 904 ἑζῃξξῑ·
335 834 374 864 de
394 838 522 887 hoste
558 835 817 884 conserendi
851 833 1066 879 fiduciam
1103 829 1311 876 amififfet
1331 865 1347 889 ,

175 918 333 986 (ἔξω-Ι·
396 916 657 978 peritissime
691 912 960 976 disputando
984 944 1000 970 ,
1051 910 1241 955 alacrem
1286 925 1389 955 eum
1438 910 1484 955 in
1518 910 1662 955 aciem
1697 908 1831 954 misit.
1902 911 2062 974 Itaque
2095 912 2159 958 illi
2195 914 2390 978 inclytae

181 1305 255 1333 Ann
288 1299 353 1331 urb.

182 1354 251 1379 70⁹·
273 1347 353 1375 Suet.

178 1386 258 1417 Plut.
282 1387 315 1416 in

180 1428 255 1459 viu.

396 134 493 189 752
614 96 1009 164 VALERII

1084 90 1459 147 MAXIMI
1519 92 1645 147 Lu.
1670 91 1826 149 VIII.
1860 95 2005 153 CAp.
2051 97 2155 152 XI.

398 223 413 241 2
463 210 704 323 Effe&us
739 207 874 253 etiam
910 201 1076 248 artium
1111 196 1338 259 recogniti
1373 196 1557 260 poffimt
1591 199 1761 262 aliquid
1794 201 1954 250 afferre
1988 205 2266 270 voluptatis:
2290 224 2398 272 pro.

548 286 753 348 tinusque
788 283 836 328 δί
863 287 878 317 3
918 294 1054 341 quam
1088 275 1262 323 utiliter
1294 275 1583 338 excogitatae
1617 275 1703 324 fint
1738 279 1936 341 patebit,
1971 281 2019 328 ὃς
2041 284 2401 330 memoratudi-

398 385 512 432 gnae
544 384 609 414 res
644 363 799 412 lucido
835 362 881 406 in
916 360 1022 405 loco
1057 365 1364 420 reponentur,
1387 354 1586 403 &labor
1619 357 1667 403 in
1702 359 1752 406 iis
1787 359 1968 407 edendis
2001 361 2080 409 suo
2115 362 2269 410 fruetu
2304 382 2397 416 non

396 448 579 494 carebit.

290 561 297 568 .
461 534 483 564 ἢ
519 524 712 587 Sulpicii
734 520 858 568 Galli
894 517 1148 565 maximum
1185 515 1231 559 in
1266 514 1394 560 omni
1429 530 1593 578 genere
1628 516 1861 564 literarum
1897 519 2158 582 recipiendo
2196 521 2396 570 studium

175 580 372 658 {isnoff'rifi'iis
390 605 640 669 plurimum
676 600 952 664 reipublicae
986 596 1176 660 profuit.
1225 595 1354 640 Nam
1391 610 1497 640 curn
1534 603 1548 632 5
1586 597 1643 642 L.
1677 596 1821 642 Paulli
1855 596 2026 643 bellum
2059 599 2289 646 adversum
2325 617 2395 647 re-=

389 702 494 749 gem
531 680 691 729 Persen
726 678 948 742 gerentis,
985 675 1159 738 legatus
1195 671 1300 718 esset
1324 705 1339 731 ‚
1380 687 1432 717 ac
1466 670 1612 719 serena
1644 673 1778 719 noete
1813 672 1962 720 subito
1998 675 2101 723 luna
2133 678 2391 735 defeciffet3

392 777 537 826 eoque
564 759 705 806 veluti
741 756 841 801 diro
878 753 1075 816 quodam
1103 751 1304 795 monstro
1340 751 1607 813 perterritus
1641 751 1868 798 exercitus
1895 753 2068 813 noster,
2104 772 2259 802 manus
2283 773 2390 804 cum

1405 830 1461 876 de
1496 831 1611 876 coeli
1650 832 1859 889 ratione,
1917 831 1964 878 ὃ(
2002 832 2194 880 fiderum
2238 848 2393 884 natura

392 994 646 1040 Paullianae
679 992 896 1040 victoriae
937 985 958 1015 ⁶
1002 987 1201 1034 liberales
1243 1001 1356 1034 artes
1393 987 1516 1033 Galli
1551 987 1725 1034 aditum
1759 987 2014 1036 dederunt:
2061 992 2165 1054 quia
2198 992 2280 1039 nisi
2314 995 2388 1041 ille

392 1086 567 1118 metum
601 1071 858 1119 nostrorum
893 1067 1092 1113 militurn
1127 1065 1337 1126 vicisset,
1395 1074 1413 1106 7
1459 1067 1707 1129 imperator
1741 1069 1979 1115 Romanus
2025 1070 2206 1117 vincere
2240 1072 2388 1122 hostes

392 1169 487 1199 non
523 1153 752 1216 potuisset.

462 1232 478 1258 8
505 1232 725 1294 Spurinae
759 1242 943 1292 quoque
977 1228 1024 1272 in
1059 1223 1362 1273 corise&andis
1388 1224 1578 1271 deorum
1606 1225 1790 1270 monitis
1826 1224 2055 1274 efficacior
2088 1227 2271 1277 scientia
2305 1247 2383 1294 ap·

396 1313 573 1376 paruit,
617 1320 637 1350 9
680 1326 815 1375 quam
851 1308 953 1354 urbs
989 1310 1202 1354 Romana
1236 1307 1399 1352 voluit.
1438 1313 1478 1333 ¹0
1518 1306 1798 1370 praedixerat
1833 1308 1954 1352 enim
1990 1308 2047 1354 C.
2082 1310 2293 1370 Caesari,
2337 1324 2386 1360 ut

382 1396 592 1454 proximos
623 1393 706 1439 dies
741 1388 917 1453 XXX(
940 1391 1054 1450 quast
1084 1387 1251 1449 feriales
1284 1399 1483 1447 caveret,
1529 1402 1727 1450 quorum
1761 1386 1946 1434 ultimus
1979 1403 2073 1435 erat
2108 1390 2215 1438 Idus
2256 1393 2387 1438 Mar-

447 1604 478 1629 1.
507 1593 556 1627 De
572 1589 741 1641 effeffibus
757 1586 903 1638 artium]
932 1587 1100 1637 Plerique
1122 1584 1229 1624 MSS.
1256 1600 1357 1636 quam

392 1644 591 1693 magnifint
613 1640 747 1691 effectius
769 1643 908 1676 artium.
938 1642 975 1677 &
996 1639 1042 1676 lic
1063 1639 1234 1686 vulgatae
1262 1639 1357 1677 Edd.

388 1692 495 1730 Paris.
518 1702 635 1741 quart.
658 1695 707 1728 De
723 1690 952 1740 magnitudine
971 1688 1104 1736 σθ’-’ὕας
1123 1691 1261 1725 artium.

439 1756 473 1781 2.
504 1743 649 1789 Effec‘lus
677 1746 779 1778 etiam
806 1754 930 1777 artium
958 1742 1117 1789 recogniti
1141 1739 1269 1788 poffimt
1292 1741 1359 1775 ali-

388 1794 471 1842 quid
500 1789 623 1843 afferre
652 1792 857 1841 voluptatis]
888 1791 968 1828 MS.
995 1793 1172 1840 recognosci
1191 1788 1271 1837 posse
1291 1793 1359 1826 ali-

388 1845 481 1894 quid.
506 1842 618 1882 Forte
635 1844 705 1892 leg.
731 1845 773 1889 ef.
800 1855 842 1879 ει.
863 1853 929 1879 art.
949 1843 1146 1889 recognosti,
1171 1843 1275 1888 potest
1293 1843 1359 1877 ali-

387 1896 471 1944 quid
489 1895 610 1945 affirre
629 1896 829 1943 voluptatis.
848 1893 1090 1930 PERIZON.
1114 1890 1232 1938 Quod
1252 1892 1299 1928 est
1320 1892 1359 1929 in

391 1947 626 1995 Copesiano,
663 1945 750 1982 illud
778 1944 932 1981 invenio
961 1944 1071 1980 etiam
1102 1942 1138 1978 in
1165 1941 1253 1979 ozsto
1284 1942 1360 1980 aliis

390 1997 499 2035 MSS.
531 2000 567 2035 ἃ
590 1997 658 2035 Ed.
687 1998 794 2043 Mog.
816 2007 912 2043 quae
940 1994 1084 2042 insuper
1110 1992 1220 2029 habet
1248 1992 1359 2039 adfert

392 2060 477 2086 cum
501 2049 607 2085 Leid.
630 2049 697 2084 sec,
726 2049 763 2084 ὃ(
779 2046 907 2094 Ultraj.
933 2046 1000 2082 sec.
1023 2043 1208 2081 Perizonii
1227 2055 1357 2082 emen-

390 2099 492 2137 datio
515 2101 629 2146 magis
650 2098 778 2145 placet.

439 2163 474 2199 3.
503 2154 615 2200 Quam
635 2151 764 2184 utiliter
783 2148 990 2197 excogitatae
1005 2146 1098 2190 lint,
1119 2143 1268 2194 patebit]
1291 2149 1357 2181 Ex-

389 2204 555 2251 cogitatae
573 2201 644 2245 fint
679 2198 902 2247 legendum
930 2209 1033 2238 non,
1070 2204 1109 2233 ut
1138 2196 1278 2239 ΑῙάυε,
1299 2197 1358 2233 Pi-

389 2253 492 2300 ghius
513 2254 548 2288 ὃς
568 2251 625 2287 alii
646 2249 793 2287 edidere
809 2275 818 2290 ‚
847 2262 956 2297 excog.
978 2252 1072 2295 sunt.
1127 2248 1277 2284 Habent
1308 2248 1358 2284 ita

391 2304 536 2340 codices
564 2301 681 2339 and
739 2303 775 2338 ὅς
803 2301 902 2348 leges
930 2299 1207 2337 Grammaticae
1234 2297 1270 2334 id
1305 2310 1358 2335 re-

389 2355 551 2403 quirunt-
583 2352 778 2390 VORST.
812 2354 887 2388 sint
916 2349 1064 2388 firmant
1092 2349 1198 2387 MSS.
1226 2348 1357 2393 nostri,

390 2405 450 2442 sed
478 2416 639 2455 quorum
672 2402 843 2439 undecim
876 2402 1036 2445 liabent,
1060 2400 1244 2451 patebunt,
1272 2412 1358 2438 cum

391 2455 485 2493 Edd.
514 2456 626 2505 usque
646 2453 691 2490 ad
712 2453 882 2500 Pighium
902 2460 1043 2498 praeter
1065 2454 1239 2500 Mogunt.
1263 2463 1358 2500 quae

391 2518 478 2544 curn
498 2507 630 2554 Ultraj.
657 2505 726 2542 sec.
747 2503 877 2555 patebit
898 2503 1065 2546 exhibet,
1101 2510 1141 2540 ut
1164 2503 1201 2539 ὃς
1222 2501 1359 2539 Ascen-

390 2557 469 2595 sius.

439 2622 473 2654 4.
503 2607 638 2656 Sulpicii
660 2604 777 2654 Galli]
804 2603 881 2652 Qui
911 2604 1049 2651 primus
1082 2603 1264 2640 rationem
1298 2603 1360 2640 de-

389 2659 505 2697 feetus
531 2658 667 2695 lunaris
692 2656 841 2698 docuit,
880 2654 1003 2702 postea
1036 2653 1137 2690 edito
1166 2653 1360 2692 volumine

388 2711 476 2747 teste
508 2709 639 2746 Plinio.
683 2706 797 2756 Apud
834 2706 997 2742 Graecos
1036 2705 1174 2752 primus
1210 2704 1355 2752 eclipsin

390 2760 569 2808 praedixit
600 2759 738 2796 Thales
768 2755 940 2794 Milesius.
981 2755 1173 2792 COLER.
1222 2758 1357 2802 ¹Sulpicii

393 2814 502 2847 Galli.
530 2811 672 2847 Primus
695 2811 721 2847 is
740 2810 923 2846 rationem
946 2805 1109 2843 descetus
1137 2807 1270 2843 lunaris
1293 2807 1358 2843 do-

396 2863 471 2898 cuit
496 2890 504 2905 ,
539 2862 639 2898 edito
667 2860 791 2909 postea
819 2858 1025 2896 volumine.
1069 2857 1167 2893 Vide
1200 2857 1356 2894 Plinium

396 2912 488 2949 Hist.
512 2913 597 2948 Nat.
625 2925 668 2949 11.
702 2924 756 2949 12.
795 2909 989 2948 VORST.
1029 2907 1143 2955 Apud
1168 2909 1361 2946 Romanos

393 2964 530 3011 primus
562 2962 732 2999 videlicet
762 2961 799 2999 id
828 2961 917 2998 fecit
941 2958 1129 3007 Sulpicius.
1184 2959 1361 2996 Ceterum

395 3026 472 3051 non
503 3013 582 3063 post
614 3013 804 3052 defectum
836 3012 1021 3051 rationem
1053 3011 1130 3059 ejus
1158 3008 1363 3056 edifferuit,

2285 1470 2386 1517 tiae.

1407 1586 1469 1626 sed
1495 1585 1611 1636 pridie
1648 1593 1734 1622 ante
1764 1585 1953 1623 defedium
1986 1585 2167 1634 praedixit
2188 1616 2198 1631 ,
2246 1595 2287 1625 ut
2322 1588 2383 1627 alii

1406 1640 1599 1687 scriptores
1627 1636 1809 1675 testantur.
1861 1637 1979 1673 Porro
2008 1637 2205 1676 admonuit
2231 1639 2291 1675 Cl.
2313 1639 2382 1676 Pe-

1408 1691 1569 1727 rizonius
1593 1716 1602 1732 ‚
1643 1688 1704 1724 hic
1733 1689 1895 1737 incipere
1923 1689 2171 1726 recentiorem
2199 1690 2235 1726 in
2266 1691 2380 1728 MSto

1410 1740 1621 1789 Copesiano
1646 1750 1798 1776 manum
1815 1768 1824 1782 ‚
1848 1738 2082 1776 differentem
2104 1740 2332 1789 aliquantum
2356 1753 2378 1779 a

1412 1792 1534 1840 priore
1554 1791 1590 1827 ὃς
1606 1789 1725 1826 multo
1745 1789 1987 1829 vitiosiorem.
2017 1789 2148 1839 Ultraj.
2172 1792 2279 1838 prim.
2299 1793 2381 1828 Sul-

1408 1844 1489 1892 picii
1511 1841 1654 1877 Galbae.

1464 1906 1496 1940 ς.
1525 1889 1573 1927 ἰ.
1602 1889 1720 1938 Pauli]
1760 1889 1973 1927 Plutarchus
1999 1890 2037 1926 in
2064 1890 2180 1928 Paulo
2209 1891 2378 1932 Aemilio

1410 1943 1532 1981 multo
1561 1942 1673 1980 aliter.
1702 1941 1939 1978 CORRAD.

1461 1995 1495 2031 6.
1520 1993 1691 2029 Liberales
1720 2003 1810 2028 artes
1831 1990 1948 2040 Galli]
1975 1992 2093 2039 Quod
2114 1993 2378 2033 Astronomiae

1409 2056 1562 2094 operam
1595 2042 1757 2080 dederat.
1779 2042 1973 2080 VORST.

1461 2108 1493 2142 7.
1522 2098 1705 2137 Imperator
1725 2092 1908 2144 Qmanus]
1948 2098 2114 2144 Romanus
2141 2094 2234 2132 abest
2266 2108 2285 2133 a
2310 2108 2382 2135 no-

1409 2158 1498 2184 vem
1521 2146 1629 2182 MSS.
1657 2146 1694 2181 &
1718 2144 1787 2180 Ed.
1819 2145 1926 2192 Mog.
1956 2146 1993 2181 ὃς
2013 2151 2118 2182 tanto
2140 2148 2381 2186 commodius

1410 2197 1527 2240 abest,
1551 2195 1614 2246 qui
1634 2195 1821 2243 praeceffit
1847 2198 2027 2242 nostrorum
2055 2197 2226 2241 militum,
2256 2207 2295 2235 ut
2315 2211 2383 2237 ne-

1412 2246 1562 2285 ceffario
1591 2245 1743 2294 intelligi
1770 2245 1900 2283 debeat
1927 2248 2106 2297 imperator
2132 2251 2246 2297 noster.
2277 2251 2381 2298 Qua.

1410 2312 1449 2337 re
1476 2311 1541 2347 per
1572 2309 1634 2334 me
1663 2296 1855 2333 deleveris.

1462 2350 1497 2387 8.
1523 2351 1685 2398 Spurinae
1703 2362 1831 2398 quoque
1852 2347 1887 2382 in
1905 2346 2128 2394 conservandis
2144 2351 2294 2386 Deorum
2313 2366 2381 2388 mo-

1412 2402 1493 2436 nitis
1513 2399 1670 2447 efficacior
1684 2401 1830 2447 scientia
1851 2397 2026 2446 apparuit]
2059 2398 2189 2448 Ultraj.
2218 2402 2323 2448 prim.
2342 2405 2381 2441 &

1409 2452 1478 2489 sec.
1502 2453 1689 2500 Spurinna,
1722 2450 1771 2487 ita
1792 2457 1832 2487 ut
1850 2449 1989 2498 primus
2009 2448 2129 2488 deleat
2149 2451 2263 2489 etiam
2285 2455 2383 2499 scien-

1410 2513 1475 2540 tia.

1461 2568 1496 2602 9.
1520 2556 1635 2603 Qum
1661 2551 1738 2587 urbs
1767 2556 1914 2600 Romana
1943 2551 2115 2600 voluisset]
2157 2554 2216 2590 Sic
2248 2555 2380 2604 Ultraj.

1411 2606 1479 2642 see.
1505 2603 1638 2652 Copes.
1667 2605 1704 2639 δί
1728 2603 1795 2640 Ed.
1819 2604 1926 2651 Mog.
1955 2605 2065 2640 ceteri
2085 2604 2163 2640 fere
2185 2616 2270 2642 cum
2300 2606 2383 2644 reli-

1413 2657 1492 2704 quis
1510 2654 1604 2692 Edd.
1633 2657 1746 2702 Quam
1767 2654 1841 2690 urbs
1863 2658 2012 2701 Romana
2031 2656 2150 2691 voluit.
2180 2655 2299 2703 Quod
2319 2669 2383 2695 cur

1415 2708 1537 2744 minus
1562 2705 1738 2753 placuerit
1757 2705 1887 2753 Pighio
1903 2733 1913 2749 ,
1938 2703 2077 2742 caussae
2108 2718 2237 2753 parurn
2272 2708 2352 2745 fuit.

1465 2771 1520 2795 10.
1541 2755 1763 2792 Praedixerat
1782 2754 1886 2804 enim]
1914 2757 1947 2789 τὲ
1966 2758 2051 2790 enim
2072 2756 2382 2806 addiditPighius,

1413 2809 1450 2844 &
1481 2808 1659 2855 reperitur
1686 2807 1773 2843 illud
1800 2808 1836 2843 in
1869 2806 2082 2854 quibusdam
2113 2807 2247 2856 scriptis
2270 2836 2280 2851 ‚
2318 2808 2380 2845 sed

1413 2858 1507 2895 abest
1528 2870 1547 2894 a
1569 2858 1687 2894 multo
1706 2858 1865 2905 pluribus
1886 2858 1923 2894 &
1945 2857 2010 2894 Ed.
2040 2859 2144 2906 Mog.
2173 2871 2215 2896 ac
2242 2859 2384 2898 ceteris.

1414 2909 1508 2958 quasi
1545 2910 1729 2946 omittitur
1759 2909 1796 2944 in
1825 2908 1966 2946 duobus
1988 2909 2093 2946 Paris.

1470 2973 1523 2997 ΙΙ.
1551 2963 1595 2996 Et
1619 2974 1689 2996 cum
1713 2961 1803 3006 forte
1832 2973 1926 2995 mane
1954 2959 2108 3009 uterque]
2140 2960 2181 2996 In
2202 2958 2381 2998 veteribus

1415 3009 1533 3054 libris,
1561 3013 1605 3046 Eo
1633 3025 1702 3048 cum
1726 3012 1817 3056 forte
1847 3023 1969 3056 mane5
1996 3010 2156 3055 Melius,
2179 3018 2219 3048 ut
2246 3011 2383 3048 refera-

2326 3069 2384 3100 tur
