<?xml version="1.0" encoding="UTF-8"?>
<!DOCTYPE html PUBLIC "-//W3C//DTD XHTML 1.0 Transitional//EN"
    "http://www.w3.org/TR/xhtml1/DTD/xhtml1-transitional.dtd">
<html xmlns="http://www.w3.org/1999/xhtml" xml:lang="en" lang="en">
 <head>
  <title>
</title>
<meta http-equiv="Content-Type" content="text/html;charset=utf-8" />
  <meta name='ocr-system' content='tesseract 3.04.00' />
  <meta name='ocr-capabilities' content='ocr_page ocr_carea ocr_par ocr_line ocrx_word'/>
</head>
<body>
  <div class='ocr_page' id='page_1' title='image "./librinovemfactor00valeuoft_0548.png"; bbox 0 0 2516 3509; ppageno 0'>
   <div class='ocr_carea' id='block_1_1' title="bbox 201 419 378 530">
    <p class='ocr_par' dir='ltr' id='par_1_1' title="bbox 201 419 378 530">
     <span class='ocr_line' id='line_1_1' title="bbox 201 419 378 496; baseline 0.011 -9"><span class='ocrx_word' id='word_1_1' title='bbox 201 419 318 496; x_wconf 61' lang='lat' dir='ltr'>,⁷111stth</span> <span class='ocrx_word' id='word_1_2' title='bbox 343 467 378 489; x_wconf 76' lang='lat' dir='ltr'>it.</span> 
     </span>
     <span class='ocr_line' id='line_1_2' title="bbox 204 499 370 530; baseline 0.018 -3"><span class='ocrx_word' id='word_1_3' title='bbox 204 499 283 528; x_wconf 83' lang='lat' dir='ltr'>Vell.</span> <span class='ocrx_word' id='word_1_4' title='bbox 305 509 327 529; x_wconf 84' lang='lat'>1.</span> <span class='ocrx_word' id='word_1_5' title='bbox 342 509 370 530; x_wconf 82' lang='lat'>2.</span> 
     </span>
    </p>
   </div>
   <div class='ocr_carea' id='block_1_2' title="bbox 413 109 522 180">
    <p class='ocr_par' dir='ltr' id='par_1_2' title="bbox 413 109 522 180">
     <span class='ocr_line' id='line_1_3' title="bbox 413 109 522 180; baseline 0.009 -1"><span class='ocrx_word' id='word_1_6' title='bbox 413 109 522 180; x_wconf 78' lang='lat'>496</span> 
     </span>
    </p>
   </div>
   <div class='ocr_carea' id='block_1_3' title="bbox 681 93 2167 160">
    <p class='ocr_par' dir='ltr' id='par_1_3' title="bbox 681 93 2167 160">
     <span class='ocr_line' id='line_1_4' title="bbox 681 93 2167 160; baseline -0.001 -2"><span class='ocrx_word' id='word_1_7' title='bbox 681 96 1079 160; x_wconf 84' lang='lat' dir='ltr'>VALERII</span> <span class='ocrx_word' id='word_1_8' title='bbox 1152 93 1536 151; x_wconf 92' lang='lat' dir='ltr'>MAXIMI</span> <span class='ocrx_word' id='word_1_9' title='bbox 1591 96 1713 154; x_wconf 74' lang='lat' dir='ltr'>Lm.</span> <span class='ocrx_word' id='word_1_10' title='bbox 1754 99 1830 159; x_wconf 82' lang='lat' dir='ltr'>V.</span> <span class='ocrx_word' id='word_1_11' title='bbox 1880 98 2023 157; x_wconf 64' lang='lat' dir='ltr'>CAP.</span> <span class='ocrx_word' id='word_1_12' title='bbox 2062 100 2167 159; x_wconf 74' lang='lat' dir='ltr'>VI:</span> 
     </span>
    </p>
   </div>
   <div class='ocr_carea' id='block_1_4' title="bbox 1181 248 1656 296">
    <p class='ocr_par' dir='ltr' id='par_1_4' title="bbox 1181 248 1656 296">
     <span class='ocr_line' id='line_1_5' title="bbox 1181 248 1656 296; baseline 0.002 -1"><span class='ocrx_word' id='word_1_13' title='bbox 1181 248 1656 296; x_wconf 80' lang='lat' dir='ltr'>EXTERNA.</span> 
     </span>
    </p>
   </div>
   <div class='ocr_carea' id='block_1_5' title="bbox 419 373 2416 525">
    <p class='ocr_par' dir='ltr' id='par_1_5' title="bbox 419 373 2416 525">
     <span class='ocr_line' id='line_1_6' title="bbox 487 373 2414 445; baseline 0.002 -18"><span class='ocrx_word' id='word_1_14' title='bbox 487 388 523 419; x_wconf 88' lang='lat'>5¹</span> <span class='ocrx_word' id='word_1_15' title='bbox 565 379 654 428; x_wconf 86' lang='lat' dir='ltr'>Sed</span> <span class='ocrx_word' id='word_1_16' title='bbox 688 378 736 427; x_wconf 83' lang='lat'>&amp;</span> <span class='ocrx_word' id='word_1_17' title='bbox 768 391 950 426; x_wconf 84' lang='lat' dir='ltr'>externa</span> <span class='ocrx_word' id='word_1_18' title='bbox 984 375 1181 441; x_wconf 90' lang='lat' dir='ltr'>ejusdem</span> <span class='ocrx_word' id='word_1_19' title='bbox 1212 373 1438 440; x_wconf 81' lang='lat' dir='ltr'>propositi</span> <span class='ocrx_word' id='word_1_20' title='bbox 1471 375 1679 440; x_wconf 81' lang='lat' dir='ltr'>exempla</span> <span class='ocrx_word' id='word_1_21' title='bbox 1716 379 1951 445; x_wconf 85' lang='lat' dir='ltr'>attingam.</span> <span class='ocrx_word' id='word_1_22' title='bbox 2019 382 2127 429; x_wconf 84' lang='lat' dir='ltr'>Rex</span> <span class='ocrx_word' id='word_1_23' title='bbox 2163 380 2414 430; x_wconf 55' lang='lat' dir='ltr'>Athenien*</span> 
     </span>
     <span class='ocr_line' id='line_1_7' title="bbox 419 454 2416 525; baseline 0 -18"><span class='ocrx_word' id='word_1_24' title='bbox 419 458 530 507; x_wconf 87' lang='lat' dir='ltr'>sium</span> <span class='ocrx_word' id='word_1_25' title='bbox 567 459 748 507; x_wconf 83' lang='lat' dir='ltr'>Codrus</span> <span class='ocrx_word' id='word_1_26' title='bbox 776 493 790 518; x_wconf 87' lang='lat'>‚</span> <span class='ocrx_word' id='word_1_27' title='bbox 831 474 939 504; x_wconf 90' lang='lat' dir='ltr'>cum</span> <span class='ocrx_word' id='word_1_28' title='bbox 972 456 1149 521; x_wconf 85' lang='lat' dir='ltr'>ingenti</span> <span class='ocrx_word' id='word_1_29' title='bbox 1197 461 1237 492; x_wconf 83' lang='lat'>5²</span> <span class='ocrx_word' id='word_1_30' title='bbox 1274 454 1475 502; x_wconf 87' lang='lat' dir='ltr'>hostium</span> <span class='ocrx_word' id='word_1_31' title='bbox 1508 457 1714 503; x_wconf 83' lang='lat' dir='ltr'>exercitu</span> <span class='ocrx_word' id='word_1_32' title='bbox 1760 464 1799 495; x_wconf 82' lang='lat'>53</span> <span class='ocrx_word' id='word_1_33' title='bbox 1836 461 1995 507; x_wconf 86' lang='lat' dir='ltr'>Attica</span> <span class='ocrx_word' id='word_1_34' title='bbox 2040 462 2167 525; x_wconf 90' lang='lat' dir='ltr'>regio</span> <span class='ocrx_word' id='word_1_35' title='bbox 2210 461 2416 508; x_wconf 81' lang='lat' dir='ltr'>debilita-</span> 
     </span>
    </p>
   </div>
   <div class='ocr_carea' id='block_1_6' title="bbox 202 518 2416 590">
    <p class='ocr_par' dir='ltr' id='par_1_6' title="bbox 202 518 2416 590">
     <span class='ocr_line' id='line_1_8' title="bbox 202 518 2416 590; baseline 0.001 -21"><span class='ocrx_word' id='word_1_36' title='bbox 202 540 345 573; x_wconf 71' lang='lat' dir='ltr'>roitaen.</span> <span class='ocrx_word' id='word_1_37' title='bbox 369 551 394 574; x_wconf 85' lang='lat' dir='ltr'>x.</span> <span class='ocrx_word' id='word_1_38' title='bbox 417 538 462 573; x_wconf 93' lang='lat' dir='ltr'>ta</span> <span class='ocrx_word' id='word_1_39' title='bbox 484 560 499 585; x_wconf 87' lang='lat'>‚</span> <span class='ocrx_word' id='word_1_40' title='bbox 547 532 590 563; x_wconf 71' lang='lat'>54</span> <span class='ocrx_word' id='word_1_41' title='bbox 634 525 753 572; x_wconf 90' lang='lat' dir='ltr'>ferro</span> <span class='ocrx_word' id='word_1_42' title='bbox 797 524 984 588; x_wconf 85' lang='lat' dir='ltr'><strong>ignique</strong></span> <span class='ocrx_word' id='word_1_43' title='bbox 1029 521 1274 569; x_wconf 84' lang='lat' dir='ltr'>vastaretur</span> <span class='ocrx_word' id='word_1_44' title='bbox 1298 554 1314 580; x_wconf 87' lang='lat'>‚</span> <span class='ocrx_word' id='word_1_45' title='bbox 1367 518 1619 566; x_wconf 88' lang='lat' dir='ltr'>diffidentia</span> <span class='ocrx_word' id='word_1_46' title='bbox 1662 522 1851 568; x_wconf 86' lang='lat' dir='ltr'>humani</span> <span class='ocrx_word' id='word_1_47' title='bbox 1892 525 2048 572; x_wconf 80' lang='lat' dir='ltr'>auxilii</span> <span class='ocrx_word' id='word_1_48' title='bbox 2093 526 2147 572; x_wconf 92' lang='lat' dir='ltr'>ad</span> <span class='ocrx_word' id='word_1_49' title='bbox 2189 526 2416 590; x_wconf 86' lang='lat' dir='ltr'>Apollinis</span> 
     </span>
    </p>
   </div>
   <div class='ocr_carea' id='block_1_7' title="bbox 208 587 254 614">
    <p class='ocr_par' dir='ltr' id='par_1_7' title="bbox 208 587 254 614">
     <span class='ocr_line' id='line_1_9' title="bbox 208 587 254 614; baseline 0.065 -3"><span class='ocrx_word' id='word_1_50' title='bbox 208 587 254 614; x_wconf 68' lang='lat'>13.</span> 
     </span>
    </p>
   </div>
   <div class='ocr_carea' id='block_1_8' title="bbox 418 597 2418 1224">
    <p class='ocr_par' dir='ltr' id='par_1_8' title="bbox 418 597 2418 1224">
     <span class='ocr_line' id='line_1_10' title="bbox 419 597 2418 669; baseline -0.001 -18"><span class='ocrx_word' id='word_1_51' title='bbox 419 604 640 669; x_wconf 84' lang='lat' dir='ltr'>Delphici</span> <span class='ocrx_word' id='word_1_52' title='bbox 675 602 912 650; x_wconf 87' lang='lat' dir='ltr'>oraculum</span> <span class='ocrx_word' id='word_1_53' title='bbox 947 599 1160 663; x_wconf 80' lang='lat' dir='ltr'>confugit</span> <span class='ocrx_word' id='word_1_54' title='bbox 1187 633 1202 659; x_wconf 87' lang='lat'>‚</span> <span class='ocrx_word' id='word_1_55' title='bbox 1251 615 1422 663; x_wconf 83' lang='lat' dir='ltr'><strong>perque</strong></span> <span class='ocrx_word' id='word_1_56' title='bbox 1454 597 1628 661; x_wconf 85' lang='lat' dir='ltr'>legatos</span> <span class='ocrx_word' id='word_1_57' title='bbox 1661 598 1906 646; x_wconf 85' lang='lat' dir='ltr'>sciscitatus</span> <span class='ocrx_word' id='word_1_58' title='bbox 1951 603 2013 649; x_wconf 89' lang='lat' dir='ltr'>est</span> <span class='ocrx_word' id='word_1_59' title='bbox 2035 637 2051 662; x_wconf 86' lang='lat'>‚</span> <span class='ocrx_word' id='word_1_60' title='bbox 2095 621 2267 666; x_wconf 75' lang='lat' dir='ltr'>quonam</span> <span class='ocrx_word' id='word_1_61' title='bbox 2302 606 2418 652; x_wconf 85' lang='lat' dir='ltr'>modo</span> 
     </span>
     <span class='ocr_line' id='line_1_11' title="bbox 418 677 2418 747; baseline -0.001 -15"><span class='ocrx_word' id='word_1_62' title='bbox 418 686 525 732; x_wconf 72' lang='lat' dir='ltr'><em>illud</em></span> <span class='ocrx_word' id='word_1_63' title='bbox 556 696 644 731; x_wconf 78' lang='lat' dir='ltr'>tam</span> <span class='ocrx_word' id='word_1_64' title='bbox 673 699 808 746; x_wconf 78' lang='lat' dir='ltr'>grave</span> <span class='ocrx_word' id='word_1_65' title='bbox 841 683 990 728; x_wconf 82' lang='lat' dir='ltr'>bellum</span> <span class='ocrx_word' id='word_1_66' title='bbox 1021 681 1169 742; x_wconf 80' lang='lat' dir='ltr'>discuti</span> <span class='ocrx_word' id='word_1_67' title='bbox 1204 681 1346 740; x_wconf 72' lang='lat' dir='ltr'>poffi’t.</span> <span class='ocrx_word' id='word_1_68' title='bbox 1413 677 1671 741; x_wconf 87' lang='lat' dir='ltr'>Respondit</span> <span class='ocrx_word' id='word_1_69' title='bbox 1705 677 1812 724; x_wconf 90' lang='lat' dir='ltr'>deus</span> <span class='ocrx_word' id='word_1_70' title='bbox 1836 711 1856 737; x_wconf 27' lang='lat'>‚·</span> <span class='ocrx_word' id='word_1_71' title='bbox 1898 682 1962 726; x_wconf 78' lang='lat' dir='ltr'>ita</span> <span class='ocrx_word' id='word_1_72' title='bbox 1983 682 2115 741; x_wconf 85' lang='lat' dir='ltr'>finem</span> <span class='ocrx_word' id='word_1_73' title='bbox 2150 687 2186 729; x_wconf 88' lang='lat' dir='ltr'>ei</span> <span class='ocrx_word' id='word_1_74' title='bbox 2211 685 2336 743; x_wconf 82' lang='lat' dir='ltr'>fore,</span> <span class='ocrx_word' id='word_1_75' title='bbox 2373 689 2418 747; x_wconf 87' lang='lat' dir='ltr'><em>st</em></span> 
     </span>
     <span class='ocr_line' id='line_1_12' title="bbox 420 756 2415 826; baseline 0.001 -16"><span class='ocrx_word' id='word_1_76' title='bbox 420 764 502 826; x_wconf 82' lang='lat' dir='ltr'>ipse</span> <span class='ocrx_word' id='word_1_77' title='bbox 536 764 669 825; x_wconf 81' lang='lat' dir='ltr'>hostili</span> <span class='ocrx_word' id='word_1_78' title='bbox 701 779 826 809; x_wconf 79' lang='lat' dir='ltr'>manu</span> <span class='ocrx_word' id='word_1_79' title='bbox 860 761 1069 821; x_wconf 73' lang='lat' dir='ltr'>occidiffi’t.</span> <span class='ocrx_word' id='word_1_80' title='bbox 1141 767 1154 797; x_wconf 82' lang='lat'>5</span> <span class='ocrx_word' id='word_1_81' title='bbox 1166 766 1179 797; x_wconf 84' lang='lat'>5</span> <span class='ocrx_word' id='word_1_82' title='bbox 1221 757 1367 817; x_wconf 84' lang='lat' dir='ltr'>Qod</span> <span class='ocrx_word' id='word_1_83' title='bbox 1400 756 1586 821; x_wconf 89' lang='lat' dir='ltr'>quidem</span> <span class='ocrx_word' id='word_1_84' title='bbox 1619 774 1713 804; x_wconf 90' lang='lat' dir='ltr'>non</span> <span class='ocrx_word' id='word_1_85' title='bbox 1741 756 1887 804; x_wconf 88' lang='lat' dir='ltr'>solum</span> <span class='ocrx_word' id='word_1_86' title='bbox 1927 759 2038 805; x_wconf 91' lang='lat' dir='ltr'>totis</span> <span class='ocrx_word' id='word_1_87' title='bbox 2069 761 2415 811; x_wconf 70' lang='lat' dir='ltr'>Atheniensium</span> 
     </span>
     <span class='ocr_line' id='line_1_13' title="bbox 423 835 2417 901; baseline 0.001 -13"><span class='ocrx_word' id='word_1_88' title='bbox 423 843 470 888; x_wconf 89' lang='lat' dir='ltr'>in</span> <span class='ocrx_word' id='word_1_89' title='bbox 490 835 653 889; x_wconf 28' lang='lat' dir='ltr'>*castris</span> <span class='ocrx_word' id='word_1_90' title='bbox 676 876 690 901; x_wconf 84' lang='lat'><strong>‚</strong></span> <span class='ocrx_word' id='word_1_91' title='bbox 724 839 796 887; x_wconf 92' lang='lat' dir='ltr'>sed</span> <span class='ocrx_word' id='word_1_92' title='bbox 827 840 962 886; x_wconf 88' lang='lat' dir='ltr'>etiam</span> <span class='ocrx_word' id='word_1_93' title='bbox 998 837 1232 885; x_wconf 83' lang='lat' dir='ltr'>contrariis</span> <span class='ocrx_word' id='word_1_94' title='bbox 1267 836 1563 900; x_wconf 85' lang='lat' dir='ltr'>percrebruit.</span> <span class='ocrx_word' id='word_1_95' title='bbox 1611 837 1775 899; x_wconf 88' lang='lat' dir='ltr'>quue</span> <span class='ocrx_word' id='word_1_96' title='bbox 1806 835 1975 883; x_wconf 58' lang='lat' dir='ltr'>fastum</span> <span class='ocrx_word' id='word_1_97' title='bbox 2007 837 2100 897; x_wconf 82' lang='lat' dir='ltr'>est,</span> <span class='ocrx_word' id='word_1_98' title='bbox 2135 854 2187 886; x_wconf 91' lang='lat' dir='ltr'>ut</span> <span class='ocrx_word' id='word_1_99' title='bbox 2220 841 2417 889; x_wconf 91' lang='lat' dir='ltr'>edicere-</span> 
     </span>
     <span class='ocr_line' id='line_1_14' title="bbox 424 916 2417 986; baseline 0.001 -17"><span class='ocrx_word' id='word_1_100' title='bbox 424 936 533 981; x_wconf 78' lang='lat' dir='ltr'>tur,</span> <span class='ocrx_word' id='word_1_101' title='bbox 579 939 625 969; x_wconf 83' lang='lat' dir='ltr'>ne</span> <span class='ocrx_word' id='word_1_102' title='bbox 657 925 744 983; x_wconf 78' lang='lat' dir='ltr'>quis</span> <span class='ocrx_word' id='word_1_103' title='bbox 791 918 834 958; x_wconf 82' lang='lat'>5⁶</span> <span class='ocrx_word' id='word_1_104' title='bbox 867 921 988 966; x_wconf 80' lang='lat' dir='ltr'>Codri</span> <span class='ocrx_word' id='word_1_105' title='bbox 1034 933 1169 980; x_wconf 83' lang='lat' dir='ltr'>corpus</span> <span class='ocrx_word' id='word_1_106' title='bbox 1197 921 1456 965; x_wconf 75' lang='lat' dir='ltr'>vulneraret.</span> <span class='ocrx_word' id='word_1_107' title='bbox 1520 916 1574 964; x_wconf 91' lang='lat' dir='ltr'>Id</span> <span class='ocrx_word' id='word_1_108' title='bbox 1622 917 1860 980; x_wconf 87' lang='lat' dir='ltr'>postquam</span> <span class='ocrx_word' id='word_1_109' title='bbox 1895 920 2155 982; x_wconf 80' lang='lat' dir='ltr'>cognovit,</span> <span class='ocrx_word' id='word_1_110' title='bbox 2201 922 2417 986; x_wconf 87' lang='lat' dir='ltr'>depositis</span> 
     </span>
     <span class='ocr_line' id='line_1_15' title="bbox 422 997 2415 1068; baseline 0.003 -20"><span class='ocrx_word' id='word_1_111' title='bbox 422 1003 670 1068; x_wconf 81' lang='lat' dir='ltr'>insignibus</span> <span class='ocrx_word' id='word_1_112' title='bbox 705 1003 921 1067; x_wconf 84' lang='lat' dir='ltr'>imperii,</span> <span class='ocrx_word' id='word_1_113' title='bbox 968 1009 981 1039; x_wconf 86' lang='lat'><em>5</em></span> <span class='ocrx_word' id='word_1_114' title='bbox 993 1009 1009 1040; x_wconf 86' lang='grc'><em>7</em></span> <span class='ocrx_word' id='word_1_115' title='bbox 1046 1000 1308 1048; x_wconf 79' lang='lat' dir='ltr'>famularem</span> <span class='ocrx_word' id='word_1_116' title='bbox 1355 1000 1534 1047; x_wconf 89' lang='lat' dir='ltr'>cultum</span> <span class='ocrx_word' id='word_1_117' title='bbox 1577 999 1725 1046; x_wconf 89' lang='lat' dir='ltr'>induit</span> <span class='ocrx_word' id='word_1_118' title='bbox 1748 1034 1763 1059; x_wconf 82' lang='lat'>,</span> <span class='ocrx_word' id='word_1_119' title='bbox 1820 997 1862 1038; x_wconf 74' lang='lat'>53</span> <span class='ocrx_word' id='word_1_120' title='bbox 1897 1017 1950 1047; x_wconf 91' lang='lat' dir='ltr'>ac</span> <span class='ocrx_word' id='word_1_121' title='bbox 1985 1001 2295 1065; x_wconf 79' lang='lat' dir='ltr'>pabulantium</span> <span class='ocrx_word' id='word_1_122' title='bbox 2332 1007 2415 1054; x_wconf 91' lang='lat' dir='ltr'>ho-</span> 
     </span>
     <span class='ocr_line' id='line_1_16' title="bbox 421 1078 2412 1147; baseline 0.002 -19"><span class='ocrx_word' id='word_1_123' title='bbox 421 1082 555 1128; x_wconf 88' lang='lat' dir='ltr'>stium</span> <span class='ocrx_word' id='word_1_124' title='bbox 601 1083 744 1147; x_wconf 85' lang='lat' dir='ltr'>globo</span> <span class='ocrx_word' id='word_1_125' title='bbox 785 1080 867 1128; x_wconf 89' lang='lat' dir='ltr'>sese</span> <span class='ocrx_word' id='word_1_126' title='bbox 907 1081 1115 1144; x_wconf 86' lang='lat' dir='ltr'>objecit:</span> <span class='ocrx_word' id='word_1_127' title='bbox 1172 1096 1408 1143; x_wconf 87' lang='lat' dir='ltr'>unumque</span> <span class='ocrx_word' id='word_1_128' title='bbox 1449 1096 1506 1126; x_wconf 82' lang='lat' dir='ltr'>ex</span> <span class='ocrx_word' id='word_1_129' title='bbox 1548 1079 1616 1126; x_wconf 89' lang='lat' dir='ltr'>his</span> <span class='ocrx_word' id='word_1_130' title='bbox 1652 1086 1693 1116; x_wconf 85' lang='lat'>59</span> <span class='ocrx_word' id='word_1_131' title='bbox 1730 1078 1845 1126; x_wconf 80' lang='lat' dir='ltr'>falce</span> <span class='ocrx_word' id='word_1_132' title='bbox 1874 1080 2129 1144; x_wconf 80' lang='lat' dir='ltr'>percussum</span> <span class='ocrx_word' id='word_1_133' title='bbox 2156 1116 2172 1141; x_wconf 83' lang='grc'>,</span> <span class='ocrx_word' id='word_1_134' title='bbox 2223 1084 2269 1130; x_wconf 89' lang='lat' dir='ltr'>in</span> <span class='ocrx_word' id='word_1_135' title='bbox 2314 1102 2412 1132; x_wconf 90' lang='lat' dir='ltr'>cae-</span> 
     </span>
     <span class='ocr_line' id='line_1_17' title="bbox 422 1156 2413 1224; baseline 0.002 -17"><span class='ocrx_word' id='word_1_136' title='bbox 422 1162 526 1208; x_wconf 86' lang='lat' dir='ltr'>dem</span> <span class='ocrx_word' id='word_1_137' title='bbox 569 1161 690 1208; x_wconf 86' lang='lat' dir='ltr'>suam</span> <span class='ocrx_word' id='word_1_138' title='bbox 744 1159 984 1224; x_wconf 86' lang='lat' dir='ltr'>compulit.</span> <span class='ocrx_word' id='word_1_139' title='bbox 1064 1159 1210 1224; x_wconf 87' lang='lat' dir='ltr'>Cujus</span> <span class='ocrx_word' id='word_1_140' title='bbox 1260 1160 1447 1206; x_wconf 87' lang='lat' dir='ltr'>interitu</span> <span class='ocrx_word' id='word_1_141' title='bbox 1497 1156 1544 1186; x_wconf 78' lang='lat'>⁶0</span> <span class='ocrx_word' id='word_1_142' title='bbox 1589 1175 1645 1206; x_wconf 88' lang='lat' dir='ltr'>ne</span> <span class='ocrx_word' id='word_1_143' title='bbox 1689 1159 1896 1208; x_wconf 81' lang='lat' dir='ltr'>Athenae</span> <span class='ocrx_word' id='word_1_144' title='bbox 1941 1160 2204 1207; x_wconf 86' lang='lat' dir='ltr'>occiderent</span> <span class='ocrx_word' id='word_1_145' title='bbox 2234 1195 2249 1221; x_wconf 82' lang='lat'>‚</span> <span class='ocrx_word' id='word_1_146' title='bbox 2305 1161 2413 1210; x_wconf 85' lang='lat' dir='ltr'>effe-</span> 
     </span>
    </p>
   </div>
   <div class='ocr_carea' id='block_1_9' title="bbox 419 1239 2414 1365">
    <p class='ocr_par' dir='ltr' id='par_1_9' title="bbox 419 1239 2414 1365">
     <span class='ocr_line' id='line_1_18' title="bbox 419 1239 662 1289; baseline -0.012 0"><span class='ocrx_word' id='word_1_147' title='bbox 419 1240 545 1289; x_wconf 63' lang='lat' dir='ltr'>&amp;um</span> <span class='ocrx_word' id='word_1_148' title='bbox 587 1239 662 1287; x_wconf 91' lang='lat' dir='ltr'>est.</span> 
     </span>
     <span class='ocr_line' id='line_1_19' title="bbox 2337 1316 2414 1365; baseline 0 0"><span class='ocrx_word' id='word_1_149' title='bbox 2337 1316 2414 1365; x_wconf 91' lang='lat' dir='ltr'>Ab</span> 
     </span>
    </p>
   </div>
   <div class='ocr_carea' id='block_1_10' title="bbox 1441 1459 2416 1612">
    <p class='ocr_par' dir='ltr' id='par_1_10' title="bbox 1441 1459 2416 1612">
     <span class='ocr_line' id='line_1_20' title="bbox 1443 1459 2416 1510; baseline 0 -12"><span class='ocrx_word' id='word_1_150' title='bbox 1443 1459 1642 1510; x_wconf 88' lang='lat' dir='ltr'>rejicienda</span> <span class='ocrx_word' id='word_1_151' title='bbox 1670 1459 1729 1498; x_wconf 88' lang='lat' dir='ltr'>est.</span> <span class='ocrx_word' id='word_1_152' title='bbox 1764 1459 1905 1498; x_wconf 91' lang='lat' dir='ltr'>PIGH.</span> <span class='ocrx_word' id='word_1_153' title='bbox 1943 1461 2022 1497; x_wconf 80' lang='lat' dir='ltr'>Non</span> <span class='ocrx_word' id='word_1_154' title='bbox 2046 1462 2157 1509; x_wconf 83' lang='lat' dir='ltr'>solum</span> <span class='ocrx_word' id='word_1_155' title='bbox 2189 1461 2269 1498; x_wconf 82' lang='lat' dir='ltr'>totis</span> <span class='ocrx_word' id='word_1_156' title='bbox 2291 1460 2416 1502; x_wconf 63' lang='lat' dir='ltr'>&lt;Athe-</span> 
     </span>
     <span class='ocr_line' id='line_1_21' title="bbox 1441 1511 2415 1560; baseline 0.001 -11"><span class='ocrx_word' id='word_1_157' title='bbox 1441 1514 1601 1560; x_wconf 76' lang='lat' dir='ltr'>niensium</span> <span class='ocrx_word' id='word_1_158' title='bbox 1626 1514 1763 1560; x_wconf 79' lang='lat' dir='ltr'>castris,</span> <span class='ocrx_word' id='word_1_159' title='bbox 1789 1511 1850 1558; x_wconf 84' lang='lat' dir='ltr'>sed</span> <span class='ocrx_word' id='word_1_160' title='bbox 1872 1512 1973 1550; x_wconf 76' lang='lat' dir='ltr'>etim</span> <span class='ocrx_word' id='word_1_161' title='bbox 2005 1514 2190 1549; x_wconf 61' lang='lat' dir='ltr'>contrariis.</span> <span class='ocrx_word' id='word_1_162' title='bbox 2228 1512 2281 1549; x_wconf 81' lang='lat' dir='ltr'>Ita</span> <span class='ocrx_word' id='word_1_163' title='bbox 2311 1521 2415 1550; x_wconf 80' lang='lat' dir='ltr'>vete-</span> 
     </span>
     <span class='ocr_line' id='line_1_22' title="bbox 1442 1563 2408 1612; baseline 0 -11"><span class='ocrx_word' id='word_1_164' title='bbox 1442 1575 1497 1601; x_wconf 86' lang='lat' dir='ltr'>res</span> <span class='ocrx_word' id='word_1_165' title='bbox 1529 1564 1625 1612; x_wconf 85' lang='lat' dir='ltr'>typis</span> <span class='ocrx_word' id='word_1_166' title='bbox 1656 1563 1806 1611; x_wconf 79' lang='lat' dir='ltr'>expressi</span> <span class='ocrx_word' id='word_1_167' title='bbox 1826 1592 1836 1606; x_wconf 92' lang='lat'><em>,</em></span> <span class='ocrx_word' id='word_1_168' title='bbox 1872 1564 1910 1600; x_wconf 68' lang='grc' dir='ltr'>ὃ(</span> <span class='ocrx_word' id='word_1_169' title='bbox 1942 1570 2095 1611; x_wconf 87' lang='lat' dir='ltr'>uterque</span> <span class='ocrx_word' id='word_1_170' title='bbox 2134 1563 2247 1600; x_wconf 87' lang='lat' dir='ltr'>etiam</span> <span class='ocrx_word' id='word_1_171' title='bbox 2276 1563 2408 1602; x_wconf 85' lang='lat' dir='ltr'>Brand.</span> 
     </span>
    </p>
   </div>
   <div class='ocr_carea' id='block_1_11' title="bbox 425 1457 1391 1614">
    <p class='ocr_par' dir='ltr' id='par_1_11' title="bbox 425 1457 1391 1614">
     <span class='ocr_line' id='line_1_23' title="bbox 425 1457 1390 1512; baseline -0.002 -10"><span class='ocrx_word' id='word_1_172' title='bbox 425 1463 515 1512; x_wconf 64' lang='lat' dir='ltr'>misso</span> <span class='ocrx_word' id='word_1_173' title='bbox 538 1462 732 1506; x_wconf 70' lang='lat' dir='ltr'>debebatur,</span> <span class='ocrx_word' id='word_1_174' title='bbox 760 1475 870 1499; x_wconf 81' lang='lat' dir='ltr'>earum</span> <span class='ocrx_word' id='word_1_175' title='bbox 891 1460 980 1499; x_wconf 76' lang='lat' dir='ltr'>cultu</span> <span class='ocrx_word' id='word_1_176' title='bbox 1006 1463 1171 1510; x_wconf 77' lang='lat' dir='ltr'>expletum</span> <span class='ocrx_word' id='word_1_177' title='bbox 1232 1457 1365 1500; x_wconf 76' lang='lat' dir='ltr'>Malim</span> <span class='ocrx_word' id='word_1_178' title='bbox 1380 1489 1390 1507; x_wconf 90' lang='lat'><strong>,</strong></span> 
     </span>
     <span class='ocr_line' id='line_1_24' title="bbox 426 1512 1391 1565; baseline -0.002 -14"><span class='ocrx_word' id='word_1_179' title='bbox 426 1514 526 1565; x_wconf 64' lang='lat' dir='ltr'>Quod</span> <span class='ocrx_word' id='word_1_180' title='bbox 555 1516 669 1550; x_wconf 82' lang='lat' dir='ltr'>Gallis</span> <span class='ocrx_word' id='word_1_181' title='bbox 701 1526 758 1562; x_wconf 81' lang='lat' dir='ltr'>pro</span> <span class='ocrx_word' id='word_1_182' title='bbox 785 1513 945 1560; x_wconf 73' lang='lat' dir='ltr'>obsidione</span> <span class='ocrx_word' id='word_1_183' title='bbox 968 1515 1130 1560; x_wconf 77' lang='lat' dir='ltr'>Capitolii</span> <span class='ocrx_word' id='word_1_184' title='bbox 1154 1513 1266 1560; x_wconf 79' lang='lat' dir='ltr'>omiffa</span> <span class='ocrx_word' id='word_1_185' title='bbox 1297 1512 1391 1549; x_wconf 83' lang='lat' dir='ltr'>debe-</span> 
     </span>
     <span class='ocr_line' id='line_1_25' title="bbox 426 1563 1390 1614; baseline -0.001 -12"><span class='ocrx_word' id='word_1_186' title='bbox 426 1566 536 1603; x_wconf 74' lang='lat' dir='ltr'>batur.</span> <span class='ocrx_word' id='word_1_187' title='bbox 560 1564 650 1602; x_wconf 90' lang='lat' dir='ltr'>Med</span> <span class='ocrx_word' id='word_1_188' title='bbox 691 1565 796 1613; x_wconf 87' lang='lat' dir='ltr'>prim.</span> <span class='ocrx_word' id='word_1_189' title='bbox 814 1564 982 1614; x_wconf 77' lang='lat' dir='ltr'>permissa.</span> <span class='ocrx_word' id='word_1_190' title='bbox 1011 1563 1109 1601; x_wconf 87' lang='lat' dir='ltr'>delet</span> <span class='ocrx_word' id='word_1_191' title='bbox 1138 1565 1244 1602; x_wconf 89' lang='lat' dir='ltr'>Leid.</span> <span class='ocrx_word' id='word_1_192' title='bbox 1272 1572 1390 1613; x_wconf 84' lang='lat' dir='ltr'>quart.</span> 
     </span>
    </p>
   </div>
   <div class='ocr_carea' id='block_1_12' title="bbox 425 1614 1390 1765">
    <p class='ocr_par' dir='ltr' id='par_1_12' title="bbox 425 1614 1390 1765">
     <span class='ocr_line' id='line_1_26' title="bbox 479 1614 1390 1664; baseline -0.002 -11"><span class='ocrx_word' id='word_1_193' title='bbox 479 1630 535 1664; x_wconf 78' lang='lat'>51.</span> <span class='ocrx_word' id='word_1_194' title='bbox 562 1615 626 1652; x_wconf 75' lang='lat' dir='ltr'>Sed</span> <span class='ocrx_word' id='word_1_195' title='bbox 648 1624 691 1651; x_wconf 65' lang='lat'>&lt;7</span> <span class='ocrx_word' id='word_1_196' title='bbox 715 1628 851 1651; x_wconf 83' lang='lat' dir='ltr'>externa</span> <span class='ocrx_word' id='word_1_197' title='bbox 880 1614 1021 1663; x_wconf 64' lang='lat' dir='ltr'>ejusdem</span> <span class='ocrx_word' id='word_1_198' title='bbox 1051 1616 1205 1661; x_wconf 71' lang='lat' dir='ltr'>propositi</span> <span class='ocrx_word' id='word_1_199' title='bbox 1239 1617 1390 1663; x_wconf 81' lang='lat' dir='ltr'>exempla</span> 
     </span>
     <span class='ocr_line' id='line_1_27' title="bbox 425 1666 1390 1717; baseline -0.004 -14"><span class='ocrx_word' id='word_1_200' title='bbox 425 1666 611 1717; x_wconf 74' lang='lat' dir='ltr'>attingam]</span> <span class='ocrx_word' id='word_1_201' title='bbox 653 1667 758 1703; x_wconf 88' lang='lat' dir='ltr'>MSS.</span> <span class='ocrx_word' id='word_1_202' title='bbox 793 1666 970 1703; x_wconf 82' lang='lat' dir='ltr'>tredecim</span> <span class='ocrx_word' id='word_1_203' title='bbox 1002 1667 1181 1703; x_wconf 88' lang='lat' dir='ltr'>omittunt</span> <span class='ocrx_word' id='word_1_204' title='bbox 1206 1677 1390 1714; x_wconf 71' lang='lat' dir='ltr'>attzngam.</span> 
     </span>
     <span class='ocr_line' id='line_1_28' title="bbox 425 1715 1390 1765; baseline -0.003 -10"><span class='ocrx_word' id='word_1_205' title='bbox 425 1727 497 1755; x_wconf 70' lang='lat' dir='ltr'>tres</span> <span class='ocrx_word' id='word_1_206' title='bbox 515 1730 577 1765; x_wconf 78' lang='lat' dir='ltr'>age</span> <span class='ocrx_word' id='word_1_207' title='bbox 597 1728 733 1753; x_wconf 81' lang='lat' dir='ltr'>externa</span> <span class='ocrx_word' id='word_1_208' title='bbox 748 1745 758 1759; x_wconf 91' lang='lat'><em>,</em></span> <span class='ocrx_word' id='word_1_209' title='bbox 780 1716 939 1753; x_wconf 84' lang='lat' dir='ltr'>totidem</span> <span class='ocrx_word' id='word_1_210' title='bbox 961 1728 998 1751; x_wconf 81' lang='lat' dir='ltr'>at</span> <span class='ocrx_word' id='word_1_211' title='bbox 1021 1727 1157 1752; x_wconf 83' lang='lat' dir='ltr'>externa</span> <span class='ocrx_word' id='word_1_212' title='bbox 1173 1741 1183 1757; x_wconf 88' lang='lat'>,</span> <span class='ocrx_word' id='word_1_213' title='bbox 1204 1715 1271 1752; x_wconf 84' lang='lat' dir='ltr'>Ed.</span> <span class='ocrx_word' id='word_1_214' title='bbox 1284 1717 1390 1762; x_wconf 83' lang='lat' dir='ltr'>Mog.</span> 
     </span>
    </p>
   </div>
   <div class='ocr_carea' id='block_1_13' title="bbox 427 1765 1392 1865">
    <p class='ocr_par' dir='ltr' id='par_1_13' title="bbox 427 1765 1392 1865">
     <span class='ocr_line' id='line_1_29' title="bbox 427 1765 1392 1816; baseline -0.005 -11"><span class='ocrx_word' id='word_1_215' title='bbox 427 1780 513 1805; x_wconf 87' lang='lat' dir='ltr'>cum</span> <span class='ocrx_word' id='word_1_216' title='bbox 537 1767 643 1804; x_wconf 88' lang='lat' dir='ltr'>Leid.</span> <span class='ocrx_word' id='word_1_217' title='bbox 670 1768 821 1816; x_wconf 81' lang='lat' dir='ltr'>quint0‚</span> <span class='ocrx_word' id='word_1_218' title='bbox 851 1768 888 1802; x_wconf 69' lang='grc' dir='ltr'>ὃ(</span> <span class='ocrx_word' id='word_1_219' title='bbox 912 1766 1040 1813; x_wconf 82' lang='lat' dir='ltr'>Ultraj.</span> <span class='ocrx_word' id='word_1_220' title='bbox 1067 1765 1135 1802; x_wconf 87' lang='lat' dir='ltr'>sec.</span> <span class='ocrx_word' id='word_1_221' title='bbox 1155 1768 1236 1812; x_wconf 76' lang='lat' dir='ltr'>sunt</span> <span class='ocrx_word' id='word_1_222' title='bbox 1260 1772 1306 1800; x_wconf 74' lang='lat'>&lt;³7⁶</span> <span class='ocrx_word' id='word_1_223' title='bbox 1331 1780 1392 1800; x_wconf 80' lang='lat' dir='ltr'>ex-</span> 
     </span>
     <span class='ocr_line' id='line_1_30' title="bbox 428 1815 1392 1865; baseline -0.003 -10"><span class='ocrx_word' id='word_1_224' title='bbox 428 1830 522 1855; x_wconf 80' lang='lat' dir='ltr'>terna</span> <span class='ocrx_word' id='word_1_225' title='bbox 548 1818 690 1863; x_wconf 74' lang='lat' dir='ltr'>ejusdem</span> <span class='ocrx_word' id='word_1_226' title='bbox 709 1817 863 1865; x_wconf 72' lang='lat' dir='ltr'>propositi</span> <span class='ocrx_word' id='word_1_227' title='bbox 887 1817 1047 1865; x_wconf 61' lang='lat' dir='ltr'>exemplu.</span> <span class='ocrx_word' id='word_1_228' title='bbox 1074 1815 1181 1853; x_wconf 78' lang='lat' dir='ltr'>Leid.</span> <span class='ocrx_word' id='word_1_229' title='bbox 1208 1816 1294 1864; x_wconf 80' lang='lat' dir='ltr'>sept.</span> <span class='ocrx_word' id='word_1_230' title='bbox 1322 1820 1392 1855; x_wconf 57' lang='lat' dir='ltr'>es!-</span> 
     </span>
    </p>
   </div>
   <div class='ocr_carea' id='block_1_14' title="bbox 410 1866 1391 3034">
    <p class='ocr_par' dir='ltr' id='par_1_14' title="bbox 418 1866 1391 2021">
     <span class='ocr_line' id='line_1_31' title="bbox 418 1866 1391 1918; baseline -0.002 -13"><span class='ocrx_word' id='word_1_231' title='bbox 418 1883 486 1918; x_wconf 61' lang='lat' dir='ltr'>ge,</span> <span class='ocrx_word' id='word_1_232' title='bbox 503 1873 580 1916; x_wconf 73' lang='lat' dir='ltr'>sunt</span> <span class='ocrx_word' id='word_1_233' title='bbox 603 1881 737 1904; x_wconf 83' lang='lat' dir='ltr'>externa</span> <span class='ocrx_word' id='word_1_234' title='bbox 760 1866 898 1914; x_wconf 81' lang='lat' dir='ltr'>ejusdem</span> <span class='ocrx_word' id='word_1_235' title='bbox 920 1867 1075 1914; x_wconf 73' lang='lat' dir='ltr'>propositi</span> <span class='ocrx_word' id='word_1_236' title='bbox 1095 1868 1259 1914; x_wconf 70' lang='lat' dir='ltr'>exempla.</span> <span class='ocrx_word' id='word_1_237' title='bbox 1274 1866 1391 1914; x_wconf 79' lang='lat' dir='ltr'>Quid,</span> 
     </span>
     <span class='ocr_line' id='line_1_32' title="bbox 425 1916 1388 1968; baseline -0.006 -10"><span class='ocrx_word' id='word_1_238' title='bbox 425 1919 450 1957; x_wconf 87' lang='lat' dir='ltr'>fi</span> <span class='ocrx_word' id='word_1_239' title='bbox 486 1918 686 1967; x_wconf 75' lang='lat' dir='ltr'>scripserit?</span> <span class='ocrx_word' id='word_1_240' title='bbox 732 1922 826 1968; x_wconf 63' lang='grc' dir='ltr'>,Λζςε</span> <span class='ocrx_word' id='word_1_241' title='bbox 848 1943 857 1961; x_wconf 89' lang='grc'><em>,</em></span> <span class='ocrx_word' id='word_1_242' title='bbox 892 1920 974 1965; x_wconf 70' lang='lat' dir='ltr'>sunt</span> <span class='ocrx_word' id='word_1_243' title='bbox 1005 1926 1050 1953; x_wconf 56' lang='grc' dir='ltr'>(θ’</span> <span class='ocrx_word' id='word_1_244' title='bbox 1073 1929 1211 1954; x_wconf 82' lang='lat' dir='ltr'>externa</span> <span class='ocrx_word' id='word_1_245' title='bbox 1245 1916 1388 1966; x_wconf 73' lang='lat' dir='ltr'>ejusdem</span> 
     </span>
     <span class='ocr_line' id='line_1_33' title="bbox 418 1972 765 2021; baseline -0.009 -14"><span class='ocrx_word' id='word_1_246' title='bbox 418 1972 577 2021; x_wconf 79' lang='lat' dir='ltr'>propositi</span> <span class='ocrx_word' id='word_1_247' title='bbox 602 1972 765 2018; x_wconf 78' lang='lat' dir='ltr'>exempla.</span> 
     </span>
    </p>

    <p class='ocr_par' dir='ltr' id='par_1_15' title="bbox 423 2018 1389 2220">
     <span class='ocr_line' id='line_1_34' title="bbox 476 2018 1389 2070; baseline -0.003 -12"><span class='ocrx_word' id='word_1_248' title='bbox 476 2034 533 2070; x_wconf 81' lang='lat'>52.</span> <span class='ocrx_word' id='word_1_249' title='bbox 564 2020 734 2069; x_wconf 66' lang='lat' dir='ltr'>Hostium]</span> <span class='ocrx_word' id='word_1_250' title='bbox 772 2018 1083 2068; x_wconf 76' lang='lat' dir='ltr'>peloponensium</span> <span class='ocrx_word' id='word_1_251' title='bbox 1121 2019 1223 2066; x_wconf 82' lang='lat' dir='ltr'>juxta</span> <span class='ocrx_word' id='word_1_252' title='bbox 1259 2019 1389 2056; x_wconf 84' lang='lat' dir='ltr'>Pausa—</span> 
     </span>
     <span class='ocr_line' id='line_1_35' title="bbox 424 2068 1389 2110; baseline -0.003 -1"><span class='ocrx_word' id='word_1_253' title='bbox 424 2072 524 2109; x_wconf 83' lang='lat' dir='ltr'>niam</span> <span class='ocrx_word' id='word_1_254' title='bbox 549 2074 585 2110; x_wconf 87' lang='lat'>&amp;</span> <span class='ocrx_word' id='word_1_255' title='bbox 608 2071 783 2109; x_wconf 84' lang='lat' dir='ltr'>Orofium</span> <span class='ocrx_word' id='word_1_256' title='bbox 806 2071 864 2108; x_wconf 91' lang='lat' dir='ltr'>lib.</span> <span class='ocrx_word' id='word_1_257' title='bbox 894 2084 922 2108; x_wconf 84' lang='lat'>1.</span> <span class='ocrx_word' id='word_1_258' title='bbox 948 2081 966 2105; x_wconf 94' lang='lat' dir='ltr'>c</span> <span class='ocrx_word' id='word_1_259' title='bbox 1010 2070 1064 2106; x_wconf 81' lang='lat'>18.</span> <span class='ocrx_word' id='word_1_260' title='bbox 1093 2068 1298 2107; x_wconf 77' lang='lat' dir='ltr'>paterculus</span> <span class='ocrx_word' id='word_1_261' title='bbox 1327 2069 1389 2106; x_wconf 86' lang='lat' dir='ltr'>ad·</span> 
     </span>
     <span class='ocr_line' id='line_1_36' title="bbox 423 2119 1389 2160; baseline -0.002 -1"><span class='ocrx_word' id='word_1_262' title='bbox 423 2123 505 2160; x_wconf 87' lang='lat' dir='ltr'>serit</span> <span class='ocrx_word' id='word_1_263' title='bbox 541 2121 876 2160; x_wconf 63' lang='lat' dir='ltr'>Lacedaemonios.</span> <span class='ocrx_word' id='word_1_264' title='bbox 936 2119 1133 2157; x_wconf 88' lang='lat' dir='ltr'>Dorienses</span> <span class='ocrx_word' id='word_1_265' title='bbox 1168 2120 1389 2158; x_wconf 89' lang='lat' dir='ltr'>Herodotus</span> 
     </span>
     <span class='ocr_line' id='line_1_37' title="bbox 423 2171 1159 2220; baseline -0.005 -9"><span class='ocrx_word' id='word_1_266' title='bbox 423 2173 483 2211; x_wconf 74' lang='lat' dir='ltr'>lib.</span> <span class='ocrx_word' id='word_1_267' title='bbox 510 2186 530 2210; x_wconf 87' lang='lat' dir='ltr'>v</span> <span class='ocrx_word' id='word_1_268' title='bbox 576 2173 785 2220; x_wconf 75' lang='lat' dir='ltr'>&amp;justinus</span> <span class='ocrx_word' id='word_1_269' title='bbox 810 2173 868 2209; x_wconf 90' lang='lat' dir='ltr'>lib.</span> <span class='ocrx_word' id='word_1_270' title='bbox 897 2183 940 2207; x_wconf 83' lang='lat'>11.</span> <span class='ocrx_word' id='word_1_271' title='bbox 968 2171 1159 2208; x_wconf 79' lang='lat' dir='ltr'>COLER.</span> 
     </span>
    </p>

    <p class='ocr_par' dir='ltr' id='par_1_16' title="bbox 422 2221 1389 2476">
     <span class='ocr_line' id='line_1_38' title="bbox 476 2221 1388 2274; baseline -0.003 -14"><span class='ocrx_word' id='word_1_272' title='bbox 476 2237 535 2274; x_wconf 78' lang='lat'>53.</span> <span class='ocrx_word' id='word_1_273' title='bbox 564 2226 701 2264; x_wconf 62' lang='lat' dir='ltr'>„Attica</span> <span class='ocrx_word' id='word_1_274' title='bbox 736 2223 842 2274; x_wconf 79' lang='lat' dir='ltr'>regio]</span> <span class='ocrx_word' id='word_1_275' title='bbox 883 2222 964 2258; x_wconf 86' lang='lat' dir='ltr'>Lib.</span> <span class='ocrx_word' id='word_1_276' title='bbox 999 2222 1192 2258; x_wconf 76' lang='lat' dir='ltr'>Danielis:</span> <span class='ocrx_word' id='word_1_277' title='bbox 1231 2221 1388 2257; x_wconf 78' lang='lat' dir='ltr'>Matrica</span> 
     </span>
     <span class='ocr_line' id='line_1_39' title="bbox 422 2272 1388 2326; baseline -0.005 -13"><span class='ocrx_word' id='word_1_278' title='bbox 422 2278 524 2326; x_wconf 73' lang='lat' dir='ltr'>regio.</span> <span class='ocrx_word' id='word_1_279' title='bbox 549 2275 648 2325; x_wconf 88' lang='lat' dir='ltr'>quod</span> <span class='ocrx_word' id='word_1_280' title='bbox 666 2287 743 2312; x_wconf 89' lang='lat' dir='ltr'>non</span> <span class='ocrx_word' id='word_1_281' title='bbox 767 2275 884 2323; x_wconf 79' lang='lat' dir='ltr'>capio.</span> <span class='ocrx_word' id='word_1_282' title='bbox 932 2272 1065 2309; x_wconf 82' lang='lat' dir='ltr'>Cetera</span> <span class='ocrx_word' id='word_1_283' title='bbox 1086 2272 1166 2320; x_wconf 80' lang='lat' dir='ltr'>lege</span> <span class='ocrx_word' id='word_1_284' title='bbox 1190 2272 1284 2320; x_wconf 81' lang='lat' dir='ltr'>apud</span> <span class='ocrx_word' id='word_1_285' title='bbox 1308 2273 1388 2308; x_wconf 86' lang='lat' dir='ltr'>Ser—</span> 
     </span>
     <span class='ocr_line' id='line_1_40' title="bbox 423 2323 1389 2374; baseline -0.005 -11"><span class='ocrx_word' id='word_1_286' title='bbox 423 2327 526 2363; x_wconf 85' lang='lat' dir='ltr'>vium</span> <span class='ocrx_word' id='word_1_287' title='bbox 557 2326 602 2364; x_wconf 83' lang='lat' dir='ltr'>ad</span> <span class='ocrx_word' id='word_1_288' title='bbox 628 2326 714 2362; x_wconf 80' lang='lat' dir='ltr'>illud</span> <span class='ocrx_word' id='word_1_289' title='bbox 742 2326 869 2374; x_wconf 63' lang='lat' dir='ltr'>Eclog.</span> <span class='ocrx_word' id='word_1_290' title='bbox 908 2336 930 2359; x_wconf 90' lang='lat' dir='ltr'>v</span> <span class='ocrx_word' id='word_1_291' title='bbox 981 2326 1072 2361; x_wconf 65' lang='lat' dir='ltr'>,Aut</span> <span class='ocrx_word' id='word_1_292' title='bbox 1105 2325 1258 2364; x_wconf 51' lang='lat' dir='ltr'>QAlconis</span> <span class='ocrx_word' id='word_1_293' title='bbox 1290 2323 1389 2358; x_wconf 76' lang='lat' dir='ltr'>hahes</span> 
     </span>
     <span class='ocr_line' id='line_1_41' title="bbox 422 2373 1387 2425; baseline -0.003 -12"><span class='ocrx_word' id='word_1_294' title='bbox 422 2377 536 2413; x_wconf 79' lang='lat' dir='ltr'>laudes</span> <span class='ocrx_word' id='word_1_295' title='bbox 558 2402 567 2418; x_wconf 83' lang='lat'>,</span> <span class='ocrx_word' id='word_1_296' title='bbox 606 2388 665 2412; x_wconf 77' lang='lat' dir='ltr'>aut</span> <span class='ocrx_word' id='word_1_297' title='bbox 705 2379 821 2425; x_wconf 71' lang='lat' dir='ltr'>jurgia</span> <span class='ocrx_word' id='word_1_298' title='bbox 858 2374 956 2412; x_wconf 73' lang='lat' dir='ltr'>Codri</span> <span class='ocrx_word' id='word_1_299' title='bbox 995 2374 1187 2411; x_wconf 81' lang='lat' dir='ltr'>COLER.</span> <span class='ocrx_word' id='word_1_300' title='bbox 1224 2373 1387 2411; x_wconf 70' lang='lat' dir='ltr'>similiter</span> 
     </span>
     <span class='ocr_line' id='line_1_42' title="bbox 425 2425 1140 2476; baseline -0.006 -11"><span class='ocrx_word' id='word_1_301' title='bbox 425 2427 532 2465; x_wconf 87' lang='lat' dir='ltr'>Leid.</span> <span class='ocrx_word' id='word_1_302' title='bbox 559 2428 645 2476; x_wconf 89' lang='lat' dir='ltr'>sept.</span> <span class='ocrx_word' id='word_1_303' title='bbox 671 2426 729 2462; x_wconf 90' lang='lat' dir='ltr'>sed</span> <span class='ocrx_word' id='word_1_304' title='bbox 759 2441 799 2462; x_wconf 85' lang='lat' dir='ltr'>m.</span> <span class='ocrx_word' id='word_1_305' title='bbox 831 2425 1053 2473; x_wconf 67' lang='lat' dir='ltr'>expunc‘tum</span> <span class='ocrx_word' id='word_1_306' title='bbox 1081 2425 1140 2461; x_wconf 85' lang='lat' dir='ltr'>est.</span> 
     </span>
    </p>

    <p class='ocr_par' dir='ltr' id='par_1_17' title="bbox 422 2473 1386 2775">
     <span class='ocr_line' id='line_1_43' title="bbox 476 2473 1386 2528; baseline -0.004 -14"><span class='ocrx_word' id='word_1_307' title='bbox 476 2491 531 2528; x_wconf 78' lang='lat'>154.</span> <span class='ocrx_word' id='word_1_308' title='bbox 561 2481 653 2514; x_wconf 77' lang='lat' dir='ltr'>Ferro</span> <span class='ocrx_word' id='word_1_309' title='bbox 675 2478 810 2526; x_wconf 74' lang='lat' dir='ltr'>ignique</span> <span class='ocrx_word' id='word_1_310' title='bbox 832 2475 1036 2523; x_wconf 65' lang='lat' dir='ltr'>vastaretur]</span> <span class='ocrx_word' id='word_1_311' title='bbox 1078 2477 1148 2522; x_wconf 74' lang='lat' dir='ltr'>Qe</span> <span class='ocrx_word' id='word_1_312' title='bbox 1180 2473 1274 2510; x_wconf 74' lang='lat' dir='ltr'>deest</span> <span class='ocrx_word' id='word_1_313' title='bbox 1311 2475 1386 2510; x_wconf 70' lang='lat' dir='ltr'>fere</span> 
     </span>
     <span class='ocr_line' id='line_1_44' title="bbox 422 2524 1382 2572; baseline -0.006 -5"><span class='ocrx_word' id='word_1_314' title='bbox 422 2531 461 2567; x_wconf 90' lang='lat' dir='ltr'>in</span> <span class='ocrx_word' id='word_1_315' title='bbox 480 2529 650 2566; x_wconf 84' lang='lat' dir='ltr'>omnibus</span> <span class='ocrx_word' id='word_1_316' title='bbox 674 2526 871 2564; x_wconf 83' lang='lat' dir='ltr'>Codicibus</span> <span class='ocrx_word' id='word_1_317' title='bbox 891 2525 996 2561; x_wconf 73' lang='lat' dir='ltr'>MSS.</span> <span class='ocrx_word' id='word_1_318' title='bbox 1009 2536 1168 2572; x_wconf 85' lang='lat' dir='ltr'>quorum</span> <span class='ocrx_word' id='word_1_319' title='bbox 1189 2524 1299 2572; x_wconf 78' lang='lat' dir='ltr'>aliqui</span> <span class='ocrx_word' id='word_1_320' title='bbox 1319 2525 1382 2561; x_wconf 77' lang='lat' dir='ltr'>ha-</span> 
     </span>
     <span class='ocr_line' id='line_1_45' title="bbox 423 2574 1380 2627; baseline -0.008 -8"><span class='ocrx_word' id='word_1_321' title='bbox 423 2582 509 2618; x_wconf 88' lang='lat' dir='ltr'>bent</span> <span class='ocrx_word' id='word_1_322' title='bbox 529 2582 620 2625; x_wconf 83' lang='lat' dir='ltr'>ferro</span> <span class='ocrx_word' id='word_1_323' title='bbox 643 2588 687 2614; x_wconf 63' lang='lat' dir='ltr'>ty</span> <span class='ocrx_word' id='word_1_324' title='bbox 711 2580 806 2627; x_wconf 78' lang='lat' dir='ltr'>igm,</span> <span class='ocrx_word' id='word_1_325' title='bbox 835 2576 986 2626; x_wconf 81' lang='lat' dir='ltr'>quidam</span> <span class='ocrx_word' id='word_1_326' title='bbox 1016 2583 1059 2610; x_wconf 62' lang='lat'>&lt;7</span> <span class='ocrx_word' id='word_1_327' title='bbox 1083 2574 1380 2622; x_wconf 83' lang='lat' dir='ltr'>superscriptum;</span> 
     </span>
     <span class='ocr_line' id='line_1_46' title="bbox 422 2625 1382 2679; baseline -0.007 -10"><span class='ocrx_word' id='word_1_328' title='bbox 422 2632 482 2670; x_wconf 87' lang='lat' dir='ltr'>sed</span> <span class='ocrx_word' id='word_1_329' title='bbox 512 2631 630 2679; x_wconf 86' lang='lat' dir='ltr'>plures</span> <span class='ocrx_word' id='word_1_330' title='bbox 658 2629 815 2666; x_wconf 87' lang='lat' dir='ltr'>omnino</span> <span class='ocrx_word' id='word_1_331' title='bbox 845 2627 1053 2668; x_wconf 84' lang='lat' dir='ltr'>omittunt,</span> <span class='ocrx_word' id='word_1_332' title='bbox 1089 2634 1128 2661; x_wconf 87' lang='lat' dir='ltr'>ut</span> <span class='ocrx_word' id='word_1_333' title='bbox 1156 2625 1241 2660; x_wconf 86' lang='lat' dir='ltr'>facit</span> <span class='ocrx_word' id='word_1_334' title='bbox 1271 2627 1382 2662; x_wconf 79' lang='lat' dir='ltr'>etiam</span> 
     </span>
     <span class='ocr_line' id='line_1_47' title="bbox 422 2675 1384 2729; baseline -0.009 -9"><span class='ocrx_word' id='word_1_335' title='bbox 422 2683 490 2721; x_wconf 89' lang='lat' dir='ltr'>Ed.</span> <span class='ocrx_word' id='word_1_336' title='bbox 520 2683 626 2729; x_wconf 89' lang='lat' dir='ltr'>Mog.</span> <span class='ocrx_word' id='word_1_337' title='bbox 654 2681 758 2718; x_wconf 84' lang='lat' dir='ltr'>Tum</span> <span class='ocrx_word' id='word_1_338' title='bbox 788 2678 949 2726; x_wconf 86' lang='lat' dir='ltr'>plerique</span> <span class='ocrx_word' id='word_1_339' title='bbox 976 2675 1092 2722; x_wconf 80' lang='lat' dir='ltr'>scripti</span> <span class='ocrx_word' id='word_1_340' title='bbox 1121 2687 1192 2710; x_wconf 81' lang='lat' dir='ltr'>tam</span> <span class='ocrx_word' id='word_1_341' title='bbox 1210 2689 1318 2725; x_wconf 74' lang='lat' dir='ltr'>grave</span> <span class='ocrx_word' id='word_1_342' title='bbox 1341 2677 1384 2711; x_wconf 74' lang='lat' dir='ltr'>il—</span> 
     </span>
     <span class='ocr_line' id='line_1_48' title="bbox 422 2727 1112 2775; baseline -0.012 -6"><span class='ocrx_word' id='word_1_343' title='bbox 422 2733 479 2770; x_wconf 73' lang='lat' dir='ltr'>lud</span> <span class='ocrx_word' id='word_1_344' title='bbox 499 2732 642 2775; x_wconf 80' lang='lat' dir='ltr'>bellum,</span> <span class='ocrx_word' id='word_1_345' title='bbox 671 2742 755 2767; x_wconf 86' lang='lat' dir='ltr'>cum</span> <span class='ocrx_word' id='word_1_346' title='bbox 785 2729 914 2766; x_wconf 83' lang='lat' dir='ltr'>eadem</span> <span class='ocrx_word' id='word_1_347' title='bbox 938 2727 1112 2764; x_wconf 82' lang='lat' dir='ltr'>editione.</span> 
     </span>
    </p>

    <p class='ocr_par' dir='ltr' id='par_1_18' title="bbox 410 2774 1386 3034">
     <span class='ocr_line' id='line_1_49' title="bbox 471 2774 1386 2830; baseline -0.009 -11"><span class='ocrx_word' id='word_1_348' title='bbox 471 2797 526 2830; x_wconf 76' lang='lat'>55.</span> <span class='ocrx_word' id='word_1_349' title='bbox 554 2781 654 2830; x_wconf 70' lang='lat' dir='ltr'>Quod</span> <span class='ocrx_word' id='word_1_350' title='bbox 684 2780 814 2829; x_wconf 76' lang='lat' dir='ltr'>quidem</span> <span class='ocrx_word' id='word_1_351' title='bbox 843 2795 906 2815; x_wconf 80' lang='lat' dir='ltr'>non</span> <span class='ocrx_word' id='word_1_352' title='bbox 937 2779 1039 2823; x_wconf 82' lang='lat' dir='ltr'>solum</span> <span class='ocrx_word' id='word_1_353' title='bbox 1077 2778 1158 2812; x_wconf 76' lang='lat' dir='ltr'>totis</span> <span class='ocrx_word' id='word_1_354' title='bbox 1200 2774 1386 2811; x_wconf 57' lang='lat' dir='ltr'>›stl&#39;emen-</span> 
     </span>
     <span class='ocr_line' id='line_1_50' title="bbox 415 2826 1382 2880; baseline -0.007 -11"><span class='ocrx_word' id='word_1_355' title='bbox 415 2833 498 2876; x_wconf 72' lang='lat' dir='ltr'>[inm</span> <span class='ocrx_word' id='word_1_356' title='bbox 522 2835 635 2873; x_wconf 70' lang='lat' dir='ltr'>castris</span> <span class='ocrx_word' id='word_1_357' title='bbox 657 2861 667 2875; x_wconf 89' lang='lat'><em>,</em></span> <span class='ocrx_word' id='word_1_358' title='bbox 692 2831 752 2880; x_wconf 83' lang='lat' dir='ltr'>sed</span> <span class='ocrx_word' id='word_1_359' title='bbox 773 2834 873 2866; x_wconf 55' lang='lat' dir='ltr'>etiarn</span> <span class='ocrx_word' id='word_1_360' title='bbox 897 2830 1069 2865; x_wconf 67' lang='lat' dir='ltr'>contrariis</span> <span class='ocrx_word' id='word_1_361' title='bbox 1092 2826 1306 2873; x_wconf 54' lang='lat' dir='ltr'>percrebruit]</span> <span class='ocrx_word' id='word_1_362' title='bbox 1342 2828 1382 2862; x_wconf 84' lang='lat' dir='ltr'>In</span> 
     </span>
     <span class='ocr_line' id='line_1_51' title="bbox 417 2876 1383 2925; baseline -0.009 -3"><span class='ocrx_word' id='word_1_363' title='bbox 417 2883 633 2922; x_wconf 75' lang='lat' dir='ltr'>Cauchiano</span> <span class='ocrx_word' id='word_1_364' title='bbox 655 2910 665 2925; x_wconf 85' lang='lat'>‚</span> <span class='ocrx_word' id='word_1_365' title='bbox 703 2885 740 2919; x_wconf 57' lang='grc' dir='ltr'>ἃ*</span> <span class='ocrx_word' id='word_1_366' title='bbox 771 2878 1023 2918; x_wconf 70' lang='lat' dir='ltr'>Gembncenfi</span> <span class='ocrx_word' id='word_1_367' title='bbox 1048 2878 1140 2915; x_wconf 87' lang='lat' dir='ltr'>libro</span> <span class='ocrx_word' id='word_1_368' title='bbox 1170 2876 1215 2913; x_wconf 84' lang='lat' dir='ltr'>sic</span> <span class='ocrx_word' id='word_1_369' title='bbox 1238 2905 1246 2917; x_wconf 87' lang='lat'>.</span> <span class='ocrx_word' id='word_1_370' title='bbox 1289 2876 1383 2924; x_wconf 65' lang='lat' dir='ltr'>Quod</span> 
     </span>
     <span class='ocr_line' id='line_1_52' title="bbox 413 2928 1382 2983; baseline -0.008 -12"><span class='ocrx_word' id='word_1_371' title='bbox 413 2933 546 2983; x_wconf 77' lang='lat' dir='ltr'>quidem</span> <span class='ocrx_word' id='word_1_372' title='bbox 574 2948 638 2969; x_wconf 81' lang='lat' dir='ltr'>non</span> <span class='ocrx_word' id='word_1_373' title='bbox 655 2935 764 2980; x_wconf 84' lang='lat' dir='ltr'>solum</span> <span class='ocrx_word' id='word_1_374' title='bbox 789 2935 869 2969; x_wconf 84' lang='lat' dir='ltr'>totis</span> <span class='ocrx_word' id='word_1_375' title='bbox 894 2932 1053 2973; x_wconf 52' lang='lat' dir='ltr'>stilaenis</span> <span class='ocrx_word' id='word_1_376' title='bbox 1072 2958 1081 2971; x_wconf 93' lang='lat'><em>,</em></span> <span class='ocrx_word' id='word_1_377' title='bbox 1109 2928 1168 2975; x_wconf 82' lang='lat' dir='ltr'>sed</span> <span class='ocrx_word' id='word_1_378' title='bbox 1201 2930 1382 2983; x_wconf 23' lang='lat' dir='ltr'>in‘cassris</span> 
     </span>
     <span class='ocr_line' id='line_1_53' title="bbox 410 2978 1385 3034; baseline -0.007 -11"><span class='ocrx_word' id='word_1_379' title='bbox 410 2987 516 3023; x_wconf 59' lang='lat' dir='ltr'>etiam</span> <span class='ocrx_word' id='word_1_380' title='bbox 543 2985 716 3024; x_wconf 75' lang='lat' dir='ltr'>contrariis</span> <span class='ocrx_word' id='word_1_381' title='bbox 743 2984 950 3034; x_wconf 73' lang='lat' dir='ltr'>percrebruit.</span> <span class='ocrx_word' id='word_1_382' title='bbox 1019 2984 1127 3030; x_wconf 80' lang='lat' dir='ltr'>Quae</span> <span class='ocrx_word' id='word_1_383' title='bbox 1168 2978 1279 3018; x_wconf 66' lang='lat' dir='ltr'>lettio</span> <span class='ocrx_word' id='word_1_384' title='bbox 1308 2991 1385 3017; x_wconf 88' lang='lat' dir='ltr'>non</span> 
     </span>
    </p>
   </div>
   <div class='ocr_carea' id='block_1_15' title="bbox 1432 1613 2414 2371">
    <p class='ocr_par' dir='ltr' id='par_1_19' title="bbox 1432 1613 2414 1904">
     <span class='ocr_line' id='line_1_54' title="bbox 1442 1613 2412 1662; baseline 0 -11"><span class='ocrx_word' id='word_1_385' title='bbox 1442 1614 1524 1652; x_wconf 91' lang='lat' dir='ltr'>MS.</span> <span class='ocrx_word' id='word_1_386' title='bbox 1553 1614 1700 1662; x_wconf 85' lang='lat' dir='ltr'>Pighius</span> <span class='ocrx_word' id='word_1_387' title='bbox 1735 1613 1754 1651; x_wconf 79' lang='lat' dir='ltr'>e</span> <span class='ocrx_word' id='word_1_388' title='bbox 1784 1613 1926 1651; x_wconf 89' lang='lat' dir='ltr'>duobus</span> <span class='ocrx_word' id='word_1_389' title='bbox 1955 1613 2065 1650; x_wconf 88' lang='lat' dir='ltr'>codd.</span> <span class='ocrx_word' id='word_1_390' title='bbox 2100 1614 2303 1662; x_wconf 80' lang='lat' dir='ltr'>scripserat,</span> <span class='ocrx_word' id='word_1_391' title='bbox 2333 1616 2412 1651; x_wconf 81' lang='lat' dir='ltr'>Non</span> 
     </span>
     <span class='ocr_line' id='line_1_55' title="bbox 1432 1663 2414 1713; baseline 0.001 -13"><span class='ocrx_word' id='word_1_392' title='bbox 1432 1667 1544 1713; x_wconf 86' lang='lat' dir='ltr'>solum</span> <span class='ocrx_word' id='word_1_393' title='bbox 1569 1668 1649 1701; x_wconf 85' lang='lat' dir='ltr'>totis</span> <span class='ocrx_word' id='word_1_394' title='bbox 1679 1663 1839 1705; x_wconf 47' lang='lat' dir='ltr'>„Athenis</span> <span class='ocrx_word' id='word_1_395' title='bbox 1866 1690 1875 1707; x_wconf 90' lang='lat'><strong>‚</strong></span> <span class='ocrx_word' id='word_1_396' title='bbox 1908 1663 1970 1711; x_wconf 84' lang='lat' dir='ltr'>sed</span> <span class='ocrx_word' id='word_1_397' title='bbox 2004 1666 2040 1700; x_wconf 80' lang='lat' dir='ltr'>in</span> <span class='ocrx_word' id='word_1_398' title='bbox 2067 1667 2182 1709; x_wconf 75' lang='lat' dir='ltr'>castris</span> <span class='ocrx_word' id='word_1_399' title='bbox 2212 1676 2313 1701; x_wconf 70' lang='lat' dir='ltr'>ettam</span> <span class='ocrx_word' id='word_1_400' title='bbox 2338 1679 2414 1701; x_wconf 75' lang='lat' dir='ltr'>con-</span> 
     </span>
     <span class='ocr_line' id='line_1_56' title="bbox 1442 1714 2409 1763; baseline 0.004 -13"><span class='ocrx_word' id='word_1_401' title='bbox 1442 1717 1569 1752; x_wconf 77' lang='lat' dir='ltr'>trariis.</span> <span class='ocrx_word' id='word_1_402' title='bbox 1602 1716 1795 1754; x_wconf 85' lang='lat' dir='ltr'>VORST.</span> <span class='ocrx_word' id='word_1_403' title='bbox 1825 1714 1943 1763; x_wconf 89' lang='lat' dir='ltr'>Quod</span> <span class='ocrx_word' id='word_1_404' title='bbox 1971 1714 2117 1762; x_wconf 81' lang='lat' dir='ltr'>Pighius</span> <span class='ocrx_word' id='word_1_405' title='bbox 2146 1714 2332 1758; x_wconf 86' lang='lat' dir='ltr'>ediderat,</span> <span class='ocrx_word' id='word_1_406' title='bbox 2371 1716 2409 1754; x_wconf 90' lang='lat' dir='ltr'>id</span> 
     </span>
     <span class='ocr_line' id='line_1_57' title="bbox 1442 1765 2411 1814; baseline 0.001 -12"><span class='ocrx_word' id='word_1_407' title='bbox 1442 1765 1551 1802; x_wconf 87' lang='lat' dir='ltr'>habet</span> <span class='ocrx_word' id='word_1_408' title='bbox 1568 1766 1662 1804; x_wconf 84' lang='lat' dir='ltr'>solus</span> <span class='ocrx_word' id='word_1_409' title='bbox 1686 1766 1816 1814; x_wconf 80' lang='lat' dir='ltr'>Ultraj.</span> <span class='ocrx_word' id='word_1_410' title='bbox 1842 1765 1949 1814; x_wconf 90' lang='lat' dir='ltr'>prim.</span> <span class='ocrx_word' id='word_1_411' title='bbox 1978 1765 2088 1801; x_wconf 90' lang='lat' dir='ltr'>ceteri</span> <span class='ocrx_word' id='word_1_412' title='bbox 2106 1769 2186 1800; x_wconf 79' lang='lat' dir='ltr'>totis</span> <span class='ocrx_word' id='word_1_413' title='bbox 2206 1766 2411 1805; x_wconf 63' lang='lat' dir='ltr'>tAthenien·</span> 
     </span>
     <span class='ocr_line' id='line_1_58' title="bbox 1436 1815 2412 1863; baseline 0.002 -12"><span class='ocrx_word' id='word_1_414' title='bbox 1436 1816 1525 1862; x_wconf 78' lang='lat' dir='ltr'>stum</span> <span class='ocrx_word' id='word_1_415' title='bbox 1547 1818 1659 1862; x_wconf 75' lang='lat' dir='ltr'>castris</span> <span class='ocrx_word' id='word_1_416' title='bbox 1685 1815 1768 1863; x_wconf 86' lang='lat' dir='ltr'>(vel</span> <span class='ocrx_word' id='word_1_417' title='bbox 1795 1819 1832 1852; x_wconf 73' lang='lat' dir='ltr'>in</span> <span class='ocrx_word' id='word_1_418' title='bbox 1857 1815 2070 1863; x_wconf 80' lang='lat' dir='ltr'>castris)sed</span> <span class='ocrx_word' id='word_1_419' title='bbox 2101 1817 2200 1852; x_wconf 77' lang='lat' dir='ltr'>etiam</span> <span class='ocrx_word' id='word_1_420' title='bbox 2222 1818 2412 1856; x_wconf 76' lang='lat' dir='ltr'>contrariis.</span> 
     </span>
     <span class='ocr_line' id='line_1_59' title="bbox 1446 1865 1860 1904; baseline -0.002 -1"><span class='ocrx_word' id='word_1_421' title='bbox 1446 1877 1530 1903; x_wconf 88' lang='lat' dir='ltr'>cum</span> <span class='ocrx_word' id='word_1_422' title='bbox 1555 1866 1727 1904; x_wconf 89' lang='lat' dir='ltr'>omnibus</span> <span class='ocrx_word' id='word_1_423' title='bbox 1747 1865 1860 1903; x_wconf 85' lang='lat' dir='ltr'>editis.</span> 
     </span>
    </p>

    <p class='ocr_par' dir='ltr' id='par_1_20' title="bbox 1439 1915 2409 2067">
     <span class='ocr_line' id='line_1_60' title="bbox 1492 1915 2409 1966; baseline 0.001 -13"><span class='ocrx_word' id='word_1_424' title='bbox 1492 1917 1548 1965; x_wconf 78' lang='lat'>56.</span> <span class='ocrx_word' id='word_1_425' title='bbox 1576 1917 1673 1953; x_wconf 83' lang='lat' dir='ltr'>Codri</span> <span class='ocrx_word' id='word_1_426' title='bbox 1697 1929 1808 1966; x_wconf 76' lang='lat' dir='ltr'>corpus</span> <span class='ocrx_word' id='word_1_427' title='bbox 1831 1915 2042 1965; x_wconf 59' lang='lat' dir='ltr'>vulneraret]</span> <span class='ocrx_word' id='word_1_428' title='bbox 2072 1916 2203 1963; x_wconf 85' lang='lat' dir='ltr'>Ultraj.</span> <span class='ocrx_word' id='word_1_429' title='bbox 2233 1918 2303 1955; x_wconf 83' lang='lat' dir='ltr'>sec.</span> <span class='ocrx_word' id='word_1_430' title='bbox 2333 1919 2409 1954; x_wconf 69' lang='lat' dir='ltr'>&#39;vio—</span> 
     </span>
     <span class='ocr_line' id='line_1_61' title="bbox 1439 1967 2406 2017; baseline 0.005 -14"><span class='ocrx_word' id='word_1_431' title='bbox 1439 1970 1545 2011; x_wconf 77' lang='lat' dir='ltr'>laret,</span> <span class='ocrx_word' id='word_1_432' title='bbox 1574 1967 1677 2017; x_wconf 89' lang='lat' dir='ltr'>quod</span> <span class='ocrx_word' id='word_1_433' title='bbox 1700 1967 1828 2015; x_wconf 76' lang='lat' dir='ltr'>probat</span> <span class='ocrx_word' id='word_1_434' title='bbox 1851 1967 1905 2004; x_wconf 90' lang='lat' dir='ltr'>Cl.</span> <span class='ocrx_word' id='word_1_435' title='bbox 1934 1967 2259 2005; x_wconf 76' lang='lat' dir='ltr'>Drakenborchius</span> <span class='ocrx_word' id='word_1_436' title='bbox 2278 1970 2324 2007; x_wconf 89' lang='lat' dir='ltr'>ad</span> <span class='ocrx_word' id='word_1_437' title='bbox 2347 1970 2406 2008; x_wconf 90' lang='lat' dir='ltr'>Sil.</span> 
     </span>
     <span class='ocr_line' id='line_1_62' title="bbox 1440 2017 2269 2067; baseline 0.001 -12"><span class='ocrx_word' id='word_1_438' title='bbox 1440 2019 1486 2055; x_wconf 90' lang='lat' dir='ltr'>L.</span> <span class='ocrx_word' id='word_1_439' title='bbox 1514 2030 1546 2055; x_wconf 87' lang='lat' dir='ltr'>x.</span> <span class='ocrx_word' id='word_1_440' title='bbox 1576 2019 1658 2055; x_wconf 80' lang='lat'>261.</span> <span class='ocrx_word' id='word_1_441' title='bbox 1687 2019 1725 2054; x_wconf 72' lang='grc' dir='ltr'>δε</span> <span class='ocrx_word' id='word_1_442' title='bbox 1743 2017 1789 2053; x_wconf 87' lang='lat' dir='ltr'>fic</span> <span class='ocrx_word' id='word_1_443' title='bbox 1806 2017 1915 2054; x_wconf 84' lang='lat' dir='ltr'>habet</span> <span class='ocrx_word' id='word_1_444' title='bbox 1938 2018 2048 2055; x_wconf 80' lang='lat' dir='ltr'>etiam</span> <span class='ocrx_word' id='word_1_445' title='bbox 2068 2018 2135 2054; x_wconf 88' lang='lat' dir='ltr'>Ed.</span> <span class='ocrx_word' id='word_1_446' title='bbox 2164 2020 2269 2067; x_wconf 86' lang='lat' dir='ltr'>Mog.</span> 
     </span>
    </p>

    <p class='ocr_par' dir='ltr' id='par_1_21' title="bbox 1440 2067 2409 2371">
     <span class='ocr_line' id='line_1_63' title="bbox 1493 2067 2408 2117; baseline 0.003 -12"><span class='ocrx_word' id='word_1_447' title='bbox 1493 2080 1550 2117; x_wconf 79' lang='lat'>57.</span> <span class='ocrx_word' id='word_1_448' title='bbox 1577 2069 1793 2105; x_wconf 72' lang='lat' dir='ltr'>Familiarem</span> <span class='ocrx_word' id='word_1_449' title='bbox 1821 2067 1961 2117; x_wconf 83' lang='lat' dir='ltr'>cultum]</span> <span class='ocrx_word' id='word_1_450' title='bbox 2010 2068 2218 2106; x_wconf 68' lang='lat' dir='ltr'>Reffiffime</span> <span class='ocrx_word' id='word_1_451' title='bbox 2246 2070 2408 2108; x_wconf 84' lang='lat' dir='ltr'>scribitur</span> 
     </span>
     <span class='ocr_line' id='line_1_64' title="bbox 1440 2119 2409 2165; baseline 0.003 -9"><span class='ocrx_word' id='word_1_452' title='bbox 1440 2119 1478 2155; x_wconf 82' lang='lat' dir='ltr'>in</span> <span class='ocrx_word' id='word_1_453' title='bbox 1497 2120 1589 2156; x_wconf 81' lang='lat' dir='ltr'>libro</span> <span class='ocrx_word' id='word_1_454' title='bbox 1613 2119 1758 2156; x_wconf 82' lang='lat' dir='ltr'>Daniel.</span> <span class='ocrx_word' id='word_1_455' title='bbox 1781 2120 1987 2155; x_wconf 74' lang='lat' dir='ltr'>famularem</span> <span class='ocrx_word' id='word_1_456' title='bbox 2014 2121 2158 2164; x_wconf 81' lang='lat' dir='ltr'>cultum,</span> <span class='ocrx_word' id='word_1_457' title='bbox 2186 2120 2222 2157; x_wconf 86' lang='lat' dir='ltr'>id</span> <span class='ocrx_word' id='word_1_458' title='bbox 2246 2120 2316 2165; x_wconf 82' lang='lat' dir='ltr'>est,</span> <span class='ocrx_word' id='word_1_459' title='bbox 2338 2122 2409 2159; x_wconf 82' lang='lat' dir='ltr'>ser-</span> 
     </span>
     <span class='ocr_line' id='line_1_65' title="bbox 1441 2169 2408 2220; baseline 0.003 -13"><span class='ocrx_word' id='word_1_460' title='bbox 1441 2169 1576 2213; x_wconf 86' lang='lat' dir='ltr'>vilem,</span> <span class='ocrx_word' id='word_1_461' title='bbox 1606 2169 1837 2214; x_wconf 88' lang='lat' dir='ltr'>obsoletum,</span> <span class='ocrx_word' id='word_1_462' title='bbox 1866 2171 1903 2206; x_wconf 85' lang='lat'>&amp;</span> <span class='ocrx_word' id='word_1_463' title='bbox 1931 2179 1970 2207; x_wconf 87' lang='lat' dir='ltr'>ut</span> <span class='ocrx_word' id='word_1_464' title='bbox 1993 2171 2144 2214; x_wconf 81' lang='lat' dir='ltr'>lustinus</span> <span class='ocrx_word' id='word_1_465' title='bbox 2172 2172 2209 2208; x_wconf 93' lang='lat' dir='ltr'>in</span> <span class='ocrx_word' id='word_1_466' title='bbox 2238 2172 2306 2208; x_wconf 87' lang='lat' dir='ltr'>hac</span> <span class='ocrx_word' id='word_1_467' title='bbox 2335 2172 2408 2220; x_wconf 88' lang='lat' dir='ltr'>ipsa</span> 
     </span>
     <span class='ocr_line' id='line_1_66' title="bbox 1441 2220 2406 2270; baseline 0.005 -14"><span class='ocrx_word' id='word_1_468' title='bbox 1441 2232 1479 2257; x_wconf 94' lang='lat' dir='ltr'>re</span> <span class='ocrx_word' id='word_1_469' title='bbox 1509 2223 1703 2267; x_wconf 81' lang='lat' dir='ltr'>pannosum&#39;.</span> <span class='ocrx_word' id='word_1_470' title='bbox 1751 2220 1808 2257; x_wconf 89' lang='lat' dir='ltr'>Sic</span> <span class='ocrx_word' id='word_1_471' title='bbox 1836 2221 1930 2258; x_wconf 89' lang='lat' dir='ltr'>infra</span> <span class='ocrx_word' id='word_1_472' title='bbox 1962 2220 2008 2258; x_wconf 91' lang='lat' dir='ltr'>de</span> <span class='ocrx_word' id='word_1_473' title='bbox 2041 2221 2189 2270; x_wconf 81' lang='lat' dir='ltr'>Sulpitia</span> <span class='ocrx_word' id='word_1_474' title='bbox 2218 2222 2406 2262; x_wconf 84' lang='lat' dir='ltr'>Valerius:</span> 
     </span>
     <span class='ocr_line' id='line_1_67' title="bbox 1440 2272 2404 2319; baseline 0.005 -13"><span class='ocrx_word' id='word_1_475' title='bbox 1440 2272 1674 2307; x_wconf 77' lang='lat' dir='ltr'>Nihilominus</span> <span class='ocrx_word' id='word_1_476' title='bbox 1688 2272 1855 2317; x_wconf 76' lang='lat' dir='ltr'>famulari</span> <span class='ocrx_word' id='word_1_477' title='bbox 1874 2274 1962 2319; x_wconf 73' lang='lat' dir='ltr'>‘veste</span> <span class='ocrx_word' id='word_1_478' title='bbox 1974 2274 2119 2318; x_wconf 79' lang='lat' dir='ltr'>sumpta.</span> <span class='ocrx_word' id='word_1_479' title='bbox 2175 2274 2221 2309; x_wconf 87' lang='lat' dir='ltr'>Et</span> <span class='ocrx_word' id='word_1_480' title='bbox 2241 2273 2333 2310; x_wconf 76' lang='lat' dir='ltr'>libro</span> <span class='ocrx_word' id='word_1_481' title='bbox 2352 2286 2404 2313; x_wconf 76' lang='lat' dir='ltr'>IX.</span> 
     </span>
     <span class='ocr_line' id='line_1_68' title="bbox 1441 2322 2408 2371; baseline 0.002 -11"><span class='ocrx_word' id='word_1_482' title='bbox 1441 2334 1519 2371; x_wconf 82' lang='lat' dir='ltr'>Cap.</span> <span class='ocrx_word' id='word_1_483' title='bbox 1549 2323 1582 2360; x_wconf 79' lang='grc'>8.</span> <span class='ocrx_word' id='word_1_484' title='bbox 1610 2324 1773 2359; x_wconf 64' lang='lat' dir='ltr'>Servilem</span> <span class='ocrx_word' id='word_1_485' title='bbox 1794 2325 1922 2367; x_wconf 67' lang='lat' dir='ltr'>vestem.</span> <span class='ocrx_word' id='word_1_486' title='bbox 1953 2322 2066 2360; x_wconf 82' lang='lat' dir='ltr'>Ovid.</span> <span class='ocrx_word' id='word_1_487' title='bbox 2094 2322 2154 2360; x_wconf 85' lang='lat' dir='ltr'>lib.</span> <span class='ocrx_word' id='word_1_488' title='bbox 2185 2335 2244 2360; x_wconf 83' lang='lat' dir='ltr'>XV.</span> <span class='ocrx_word' id='word_1_489' title='bbox 2284 2325 2408 2362; x_wconf 86' lang='lat' dir='ltr'>Meta—</span> 
     </span>
    </p>
   </div>
   <div class='ocr_carea' id='block_1_16' title="bbox 1440 2373 2483 2422">
    <p class='ocr_par' dir='ltr' id='par_1_22' title="bbox 1440 2373 2483 2422">
     <span class='ocr_line' id='line_1_69' title="bbox 1440 2373 2483 2422; baseline 0.001 -12"><span class='ocrx_word' id='word_1_490' title='bbox 1440 2374 1585 2422; x_wconf 87' lang='lat' dir='ltr'>morph.</span> <span class='ocrx_word' id='word_1_491' title='bbox 1612 2375 1802 2410; x_wconf 72' lang='lat' dir='ltr'>famularia</span> <span class='ocrx_word' id='word_1_492' title='bbox 1824 2378 1921 2417; x_wconf 66' lang='lat' dir='ltr'>jura:</span> <span class='ocrx_word' id='word_1_493' title='bbox 1950 2375 1988 2410; x_wconf 69' lang='grc' dir='ltr'>ὃ(</span> <span class='ocrx_word' id='word_1_494' title='bbox 2008 2373 2140 2410; x_wconf 84' lang='lat' dir='ltr'>Sallust.</span> <span class='ocrx_word' id='word_1_495' title='bbox 2154 2376 2339 2420; x_wconf 84' lang='lat' dir='ltr'>famulares</span> <span class='ocrx_word' id='word_1_496' title='bbox 2357 2390 2410 2411; x_wconf 85' lang='lat' dir='ltr'>co·</span> <span class='ocrx_word' id='word_1_497' title='bbox 2476 2408 2483 2414; x_wconf 88' lang='grc'><em>,</em></span> 
     </span>
    </p>
   </div>
   <div class='ocr_carea' id='block_1_17' title="bbox 1432 2423 2409 3021">
    <p class='ocr_par' dir='ltr' id='par_1_23' title="bbox 1432 2423 2409 3021">
     <span class='ocr_line' id='line_1_70' title="bbox 1432 2423 2408 2474; baseline 0.006 -15"><span class='ocrx_word' id='word_1_498' title='bbox 1432 2427 1512 2474; x_wconf 84' lang='lat' dir='ltr'>pias</span> <span class='ocrx_word' id='word_1_499' title='bbox 1543 2425 1700 2467; x_wconf 83' lang='lat' dir='ltr'>extulit,</span> <span class='ocrx_word' id='word_1_500' title='bbox 1737 2423 1761 2460; x_wconf 90' lang='lat' dir='ltr'>fi</span> <span class='ocrx_word' id='word_1_501' title='bbox 1790 2423 1915 2461; x_wconf 84' lang='lat' dir='ltr'>dextre</span> <span class='ocrx_word' id='word_1_502' title='bbox 1955 2423 2004 2460; x_wconf 86' lang='lat' dir='ltr'>ibi</span> <span class='ocrx_word' id='word_1_503' title='bbox 2034 2425 2166 2462; x_wconf 89' lang='lat' dir='ltr'>censui.</span> <span class='ocrx_word' id='word_1_504' title='bbox 2214 2425 2408 2465; x_wconf 87' lang='lat' dir='ltr'>COLER.</span> 
     </span>
     <span class='ocr_line' id='line_1_71' title="bbox 1438 2473 2408 2524; baseline 0.004 -13"><span class='ocrx_word' id='word_1_505' title='bbox 1438 2477 1649 2511; x_wconf 73' lang='lat' dir='ltr'>Famularem</span> <span class='ocrx_word' id='word_1_506' title='bbox 1670 2476 1792 2510; x_wconf 70' lang='lat' dir='ltr'>cultum</span> <span class='ocrx_word' id='word_1_507' title='bbox 1819 2473 1938 2510; x_wconf 72' lang='lat' dir='ltr'>induit.</span> <span class='ocrx_word' id='word_1_508' title='bbox 1978 2475 2031 2511; x_wconf 84' lang='lat' dir='ltr'>Ita</span> <span class='ocrx_word' id='word_1_509' title='bbox 2060 2475 2232 2524; x_wconf 82' lang='lat' dir='ltr'>rescripsit</span> <span class='ocrx_word' id='word_1_510' title='bbox 2253 2476 2408 2515; x_wconf 83' lang='lat' dir='ltr'>Colerus</span> 
     </span>
     <span class='ocr_line' id='line_1_72' title="bbox 1435 2525 2409 2577; baseline 0.004 -15"><span class='ocrx_word' id='word_1_511' title='bbox 1435 2537 1480 2562; x_wconf 76' lang='lat' dir='ltr'>ex</span> <span class='ocrx_word' id='word_1_512' title='bbox 1510 2526 1594 2564; x_wconf 90' lang='lat' dir='ltr'>cod.</span> <span class='ocrx_word' id='word_1_513' title='bbox 1633 2527 1672 2563; x_wconf 89' lang='lat' dir='ltr'>P.</span> <span class='ocrx_word' id='word_1_514' title='bbox 1703 2525 1879 2562; x_wconf 77' lang='lat' dir='ltr'>Danielis.</span> <span class='ocrx_word' id='word_1_515' title='bbox 1941 2525 2075 2574; x_wconf 88' lang='lat' dir='ltr'>Estque</span> <span class='ocrx_word' id='word_1_516' title='bbox 2102 2526 2150 2563; x_wconf 85' lang='lat' dir='ltr'>ita</span> <span class='ocrx_word' id='word_1_517' title='bbox 2180 2528 2216 2564; x_wconf 90' lang='lat' dir='ltr'>in</span> <span class='ocrx_word' id='word_1_518' title='bbox 2249 2536 2409 2577; x_wconf 89' lang='lat' dir='ltr'>utroque</span> 
     </span>
     <span class='ocr_line' id='line_1_73' title="bbox 1434 2575 2404 2621; baseline 0.003 -7"><span class='ocrx_word' id='word_1_519' title='bbox 1434 2578 1544 2614; x_wconf 84' lang='lat' dir='ltr'>etiam</span> <span class='ocrx_word' id='word_1_520' title='bbox 1567 2576 1647 2614; x_wconf 82' lang='lat' dir='ltr'>cod.</span> <span class='ocrx_word' id='word_1_521' title='bbox 1672 2576 1851 2613; x_wconf 81' lang='lat' dir='ltr'>Brandeb.</span> <span class='ocrx_word' id='word_1_522' title='bbox 1868 2575 1982 2613; x_wconf 84' lang='lat' dir='ltr'>Aldus</span> <span class='ocrx_word' id='word_1_523' title='bbox 2003 2575 2167 2613; x_wconf 80' lang='lat' dir='ltr'>ediderat</span> <span class='ocrx_word' id='word_1_524' title='bbox 2185 2580 2404 2621; x_wconf 73' lang='lat' dir='ltr'>familiarem.</span> 
     </span>
     <span class='ocr_line' id='line_1_74' title="bbox 1437 2626 2406 2676; baseline 0.002 -12"><span class='ocrx_word' id='word_1_525' title='bbox 1437 2627 1554 2675; x_wconf 89' lang='lat' dir='ltr'>Quod</span> <span class='ocrx_word' id='word_1_526' title='bbox 1583 2627 1727 2676; x_wconf 84' lang='lat' dir='ltr'>Pighius</span> <span class='ocrx_word' id='word_1_527' title='bbox 1757 2629 1795 2664; x_wconf 66' lang='grc' dir='ltr'>ὃ(</span> <span class='ocrx_word' id='word_1_528' title='bbox 1822 2626 1981 2664; x_wconf 88' lang='lat' dir='ltr'>retinuit.</span> <span class='ocrx_word' id='word_1_529' title='bbox 2035 2627 2212 2665; x_wconf 86' lang='lat' dir='ltr'>Ceterum</span> <span class='ocrx_word' id='word_1_530' title='bbox 2246 2631 2282 2665; x_wconf 67' lang='grc' dir='ltr'>ὃς</span> <span class='ocrx_word' id='word_1_531' title='bbox 2312 2629 2406 2667; x_wconf 81' lang='lat' dir='ltr'>infra</span> 
     </span>
     <span class='ocr_line' id='line_1_75' title="bbox 1437 2677 2403 2727; baseline -0.002 -12"><span class='ocrx_word' id='word_1_532' title='bbox 1437 2690 1496 2715; x_wconf 79' lang='lat' dir='ltr'>VI.</span> <span class='ocrx_word' id='word_1_533' title='bbox 1527 2691 1559 2723; x_wconf 89' lang='lat'>7.</span> <span class='ocrx_word' id='word_1_534' title='bbox 1588 2691 1619 2715; x_wconf 82' lang='lat'>2.</span> <span class='ocrx_word' id='word_1_535' title='bbox 1651 2677 1771 2715; x_wconf 82' lang='lat' dir='ltr'>noster</span> <span class='ocrx_word' id='word_1_536' title='bbox 1801 2677 1920 2719; x_wconf 87' lang='lat' dir='ltr'>dicit,</span> <span class='ocrx_word' id='word_1_537' title='bbox 1953 2680 2118 2723; x_wconf 82' lang='lat' dir='ltr'>famulari</span> <span class='ocrx_word' id='word_1_538' title='bbox 2147 2682 2233 2725; x_wconf 67' lang='lat' dir='ltr'>veste</span> <span class='ocrx_word' id='word_1_539' title='bbox 2255 2681 2403 2727; x_wconf 70' lang='lat' dir='ltr'>sumpta,</span> 
     </span>
     <span class='ocr_line' id='line_1_76' title="bbox 1439 2728 2404 2771; baseline 0.004 -7"><span class='ocrx_word' id='word_1_540' title='bbox 1439 2729 1485 2764; x_wconf 86' lang='lat' dir='ltr'>Et</span> <span class='ocrx_word' id='word_1_541' title='bbox 1518 2728 1675 2766; x_wconf 83' lang='lat' dir='ltr'>Ovidius</span> <span class='ocrx_word' id='word_1_542' title='bbox 1710 2728 1732 2764; x_wconf 94' lang='lat' dir='ltr'>l.</span> <span class='ocrx_word' id='word_1_543' title='bbox 1772 2741 1831 2765; x_wconf 88' lang='lat' dir='ltr'>xv.</span> <span class='ocrx_word' id='word_1_544' title='bbox 1877 2729 2035 2766; x_wconf 85' lang='lat' dir='ltr'>Metam.</span> <span class='ocrx_word' id='word_1_545' title='bbox 2084 2731 2273 2765; x_wconf 74' lang='lat' dir='ltr'>famularia</span> <span class='ocrx_word' id='word_1_546' title='bbox 2313 2735 2404 2771; x_wconf 71' lang='lat' dir='ltr'>iura.</span> 
     </span>
     <span class='ocr_line' id='line_1_77' title="bbox 1437 2779 2406 2829; baseline 0.008 -15"><span class='ocrx_word' id='word_1_547' title='bbox 1437 2779 1630 2816; x_wconf 78' lang='lat' dir='ltr'>VORST.</span> <span class='ocrx_word' id='word_1_548' title='bbox 1658 2781 1867 2815; x_wconf 78' lang='lat' dir='ltr'>famularem</span> <span class='ocrx_word' id='word_1_549' title='bbox 1898 2780 2050 2817; x_wconf 86' lang='lat' dir='ltr'>invenio</span> <span class='ocrx_word' id='word_1_550' title='bbox 2081 2781 2117 2817; x_wconf 90' lang='lat' dir='ltr'>in</span> <span class='ocrx_word' id='word_1_551' title='bbox 2143 2780 2272 2829; x_wconf 73' lang='lat' dir='ltr'>Ultraj.</span> <span class='ocrx_word' id='word_1_552' title='bbox 2299 2784 2406 2829; x_wconf 89' lang='lat' dir='ltr'>prim.</span> 
     </span>
     <span class='ocr_line' id='line_1_78' title="bbox 1436 2829 2405 2878; baseline 0.005 -13"><span class='ocrx_word' id='word_1_553' title='bbox 1436 2829 1473 2864; x_wconf 86' lang='lat' dir='ltr'>in</span> <span class='ocrx_word' id='word_1_554' title='bbox 1505 2831 1669 2878; x_wconf 81' lang='lat' dir='ltr'>margine</span> <span class='ocrx_word' id='word_1_555' title='bbox 1702 2829 1806 2867; x_wconf 86' lang='lat' dir='ltr'>Leid.</span> <span class='ocrx_word' id='word_1_556' title='bbox 1836 2830 1922 2878; x_wconf 87' lang='lat' dir='ltr'>sept.</span> <span class='ocrx_word' id='word_1_557' title='bbox 1950 2832 1988 2867; x_wconf 65' lang='grc' dir='ltr'>ὃς</span> <span class='ocrx_word' id='word_1_558' title='bbox 2016 2829 2062 2866; x_wconf 88' lang='lat' dir='ltr'>fic</span> <span class='ocrx_word' id='word_1_559' title='bbox 2095 2831 2337 2869; x_wconf 85' lang='lat' dir='ltr'>emendatum</span> <span class='ocrx_word' id='word_1_560' title='bbox 2368 2835 2405 2871; x_wconf 90' lang='lat' dir='ltr'>in</span> 
     </span>
     <span class='ocr_line' id='line_1_79' title="bbox 1440 2879 2404 2930; baseline 0.008 -17"><span class='ocrx_word' id='word_1_561' title='bbox 1440 2879 1543 2914; x_wconf 89' lang='lat' dir='ltr'>Leid.</span> <span class='ocrx_word' id='word_1_562' title='bbox 1582 2882 1698 2929; x_wconf 89' lang='lat' dir='ltr'>quint.</span> <span class='ocrx_word' id='word_1_563' title='bbox 1735 2880 1863 2930; x_wconf 90' lang='lat' dir='ltr'>reliqui</span> <span class='ocrx_word' id='word_1_564' title='bbox 1890 2880 2025 2917; x_wconf 81' lang='lat' dir='ltr'>habent</span> <span class='ocrx_word' id='word_1_565' title='bbox 2054 2883 2298 2926; x_wconf 74' lang='lat' dir='ltr'>familiarem;</span> <span class='ocrx_word' id='word_1_566' title='bbox 2337 2895 2404 2929; x_wconf 87' lang='lat' dir='ltr'>pro</span> 
     </span>
     <span class='ocr_line' id='line_1_80' title="bbox 1438 2929 2407 2979; baseline 0.005 -15"><span class='ocrx_word' id='word_1_567' title='bbox 1438 2941 1515 2977; x_wconf 89' lang='lat' dir='ltr'>quo</span> <span class='ocrx_word' id='word_1_568' title='bbox 1541 2929 1595 2966; x_wconf 91' lang='lat' dir='ltr'>Cl.</span> <span class='ocrx_word' id='word_1_569' title='bbox 1624 2932 1853 2968; x_wconf 86' lang='lat' dir='ltr'>Burmannus</span> <span class='ocrx_word' id='word_1_570' title='bbox 1881 2930 1984 2968; x_wconf 81' lang='lat' dir='ltr'>malit</span> <span class='ocrx_word' id='word_1_571' title='bbox 2007 2931 2131 2979; x_wconf 84' lang='lat' dir='ltr'>legere</span> <span class='ocrx_word' id='word_1_572' title='bbox 2151 2934 2407 2978; x_wconf 76' lang='lat' dir='ltr'>manipularem,</span> 
     </span>
     <span class='ocr_line' id='line_1_81' title="bbox 1439 2979 2408 3021; baseline 0.005 -5"><span class='ocrx_word' id='word_1_573' title='bbox 1439 2979 1485 3017; x_wconf 86' lang='lat' dir='ltr'>ad</span> <span class='ocrx_word' id='word_1_574' title='bbox 1507 2980 1604 3019; x_wconf 90' lang='lat' dir='ltr'>Vell.</span> <span class='ocrx_word' id='word_1_575' title='bbox 1632 2981 1677 3020; x_wconf 86' lang='lat' dir='ltr'>L.</span> <span class='ocrx_word' id='word_1_576' title='bbox 1709 2994 1738 3020; x_wconf 84' lang='lat'>1.</span> <span class='ocrx_word' id='word_1_577' title='bbox 1770 2995 1802 3020; x_wconf 84' lang='lat'>2.</span> <span class='ocrx_word' id='word_1_578' title='bbox 1830 2994 1863 3020; x_wconf 66' lang='grc' dir='ltr'>ι,</span> <span class='ocrx_word' id='word_1_579' title='bbox 1891 2981 2055 3021; x_wconf 84' lang='lat' dir='ltr'>Diversis</span> <span class='ocrx_word' id='word_1_580' title='bbox 2075 2982 2197 3021; x_wconf 83' lang='lat' dir='ltr'>modis</span> <span class='ocrx_word' id='word_1_581' title='bbox 2226 2993 2303 3020; x_wconf 87' lang='lat' dir='ltr'>rem</span> <span class='ocrx_word' id='word_1_582' title='bbox 2324 2995 2408 3021; x_wconf 87' lang='lat' dir='ltr'>nar-</span> 
     </span>
    </p>
   </div>
   <div class='ocr_carea' id='block_1_18' title="bbox 2332 3045 2415 3076">
    <p class='ocr_par' dir='ltr' id='par_1_24' title="bbox 2332 3045 2415 3076">
     <span class='ocr_line' id='line_1_82' title="bbox 2332 3045 2415 3076; baseline -0.012 0"><span class='ocrx_word' id='word_1_583' title='bbox 2332 3045 2415 3076; x_wconf 75' lang='lat' dir='ltr'>rant</span> 
     </span>
    </p>
   </div>
   <div class='ocr_carea' id='block_1_19' title="bbox 2504 2910 2511 3082">
    <p class='ocr_par' dir='ltr' id='par_1_25' title="bbox 2504 2910 2511 3082">
     <span class='ocr_line' id='line_1_83' title="bbox 2504 2910 2511 3082; baseline 0 0"><span class='ocrx_word' id='word_1_584' title='bbox 2504 2910 2511 3082; x_wconf 71' lang='lat' dir='ltr'>l</span> 
     </span>
    </p>
   </div>
   <div class='ocr_carea' id='block_1_20' title="bbox 2493 3335 2500 3509">
    <p class='ocr_par' dir='ltr' id='par_1_26' title="bbox 2493 3335 2500 3509">
     <span class='ocr_line' id='line_1_84' title="bbox 2493 3335 2500 3509; baseline 0 0"><span class='ocrx_word' id='word_1_585' title='bbox 2493 3335 2500 3509; x_wconf 71' lang='grc' dir='ltr'><em>Ι</em></span> 
     </span>
    </p>
   </div>
  </div>
 </body>
</html>
