2516 3509
659 112 1663 177 DE‚REL1G10NE.

2110 148 2174 201 23

152 240 287 285 cum,
321 219 609 284 totidemque
639 218 807 267 Graeci
835 218 891 266 de
918 217 1152 284 disciplina
1179 220 1448 286 sapientiae:
1496 223 1687 270 Latinos
1730 239 1895 289 magna
1937 225 2178 294 diligentia.

149 298 424 350 affervaiidos
450 310 742 344 curaverunt:
782 296 1011 357 Graecos,
1047 298 1152 362 quia
1185 299 1332 362 aliqua
1361 315 1419 346 ex
1450 310 1578 362 parte
1614 295 1658 326 80
1686 300 1742 346 ad
1775 301 2031 353 solvendam
2064 309 2167 356 reli-

147 384 333 449 gionem
355 381 579 446 pertinere
610 379 1007 440 existimabantur,
1045 380 1081 408 8¹
1111 379 1186 443 Q
1200 380 1387 428 Petilius
1408 392 1591 444 praetor
1614 379 1827 428 Urbanus
1845 400 1901 431 ex
1922 387 2165 437 auetorita-

149 475 196 509 te
229 462 399 509 senatus
422 457 464 487 8²
484 477 564 526 per
581 460 858 508 victimarios
882 459 920 497 83
955 460 1064 524 igne
1083 459 1229 519 tusto„
1264 461 1312 506 in
1333 458 1578 522 conspectu
1605 459 1766 522 populi
1787 467 2016 512 cremavit.
2054 469 2163 515 No..

147 540 331 587 luerunt
349 541 470 586 enim
490 537 624 604 prisci
644 540 728 586 viri
750 539 997 603 quicquam
1019 539 1066 586 in
1083 539 1166 585 hac
1187 537 1389 584 affe-rvari
1413 537 1623 596 civitate,
1648 554 1741 601 quo
1766 539 1903 587 animi
1925 543 2166 599 hominum

150 622 176 669 a
195 623 386 671 deomm
409 624 539 671 cultu
561 636 870 671 avocarentur.

214 704 494 768 Tarquinius
520 717 672 751 autem
689 720 770 751 rex
806 705 850 743 84
872 707 946 748 M.
966 704 1153 751 Tullium
1187 704 1510 760 Duumvirum,
1549 702 1674 767 quod
1705 702 1873 750 librum
1902 703 2068 753 secreta
2100 710 2164 754 ci-
2216 732 2311 772 .¹³·,

149 782 311 829 vilium
330 783 558 830 sacrorum
578 784 916 844 continentem,
953 783 1182 830 custodiae
1201 782 1299 830 suae
1318 783 1609 830 commiss'um
1625 818 1640 843 ‚
1679 784 1924 848 corruptus
1943 786 2164 851 Petronio
2182 762 2318 843 ffkfrgs'

87 880 93 887 ’
148 863 316 911 Sabino
337 863 679 911 describendum
698 863 882 909 dc‘disset
896 897 911 921 ,
946 866 1052 909 culeo
1071 863 1254 923 insutum
1277 867 1322 908 in
1341 878 1456 908 mare
1475 864 1602 924 abjici
1617 863 1743 927 juffit
1758 882 1766 911 :
1783 865 1822 903 85
1838 864 1974 929 idque
1993 864 2163 932 suppli-

146 1071 285 1123 trajec't.
304 1070 470 1108 &tribus
490 1069 660 1107 Leidens.
679 1068 802 1118 legere
819 1077 952 1118 propter
972 1067 1127 1107 divinam

141 1124 408 1166 venerationem,
440 1122 463 1158 i.
492 1133 523 1158 e.
552 1121 637 1171 quia
665 1121 823 1158 viftores
851 1119 946 1157 Galli
975 1132 1129 1158 venera-

145 1175 277 1212 bantur
304 1184 445 1210 numen
472 1173 671 1218 Deorum,
710 1174 748 1210 ὅ(
775 1172 862 1210 ideo
892 1170 1031 1210 violare
1060 1173 1129 1209 Fa-

145 1225 249 1263 bium
277 1236 355 1262 non
384 1223 576 1261 audebant.

200 1288 257 1323 77.
270 1276 388 1312 Baebio
409 1273 601 1325 Tamplnlo]
633 1275 676 1312 In
696 1274 1010 1323 multiscorrupte
1023 1276 1127 1309 Pam-

135 1326 230 1378 philo
248 1326 307 1365 vel
324 1325 530 1375 Pamphilio.
581 1326 700 1376 Quod
718 1328 890 1377 frequens
911 1326 982 1364 effe
999 1328 1036 1364 in
1054 1324 1129 1361 hoc

147 1379 306 1416 nomine
341 1377 579 1415 observarunt
624 1378 777 1416 Eruditi.
825 1379 963 1427 Guyet.
997 1386 1126 1416 tamen

152 1438 285 1467 monet
305 1429 476 1475 Pamphilo
499 1429 700 1478 legendum
721 1428 803 1466 eisc.
857 1429 928 1467 Scd
949 1429 1034 1467 vide
1063 1440 1129 1465 co-

144 1490 301 1528 gnatum
321 1481 485 1519 nostrum
499 1480 816 1530 Oudendorpium
838 1480 884 1518 ad
898 1480 1127 1531 Obsequent.

141 1543 181 1570 ca
213 1563 220 1570 .
274 1546 310 1570 o.

186 1545 268 1630 F378.3
284 1588 327 1621 L.
349 1583 483 1633 Petilii]
514 1583 597 1621 Lib.
619 1585 804 1621 Dannon
821 1584 987 1632 geminat
1005 1583 1025 1621 1.
1046 1597 1126 1622 me-

139 1634 218 1672 lius.
275 1635 330 1671 Ita
357 1635 477 1672 tabula
500 1635 731 1683 Capitolina:
761 1636 1015 1684 Q.PEr11.1vs
1035 1648 1068 1672 c.
1093 1649 1124 1673 F.

142 1700 183 1732 Q
207 1699 244 1723 N.
297 1686 357 1723 Est
375 1686 476 1723 enim
497 1685 516 1723 a
537 1698 634 1723 voce
654 1686 809 1730 Petilus,
839 1698 952 1736 quam
976 1688 1123 1725 Nonius

141 1746 255 1776 tenue
277 1737 315 1775 ὃς
336 1737 430 1773 exile
449 1738 612 1786 exponit.
639 1737 823 1774 Lucilius:
853 1738 997 1788 lnfignis
1015 1740 1124 1776 variis

105 1787 284 1826 ‘cruribus
306 1796 351 1824 (7
364 1790 493 1838 petilis.
517 1789 613 1837 apud
634 1789 780 1826 Festum
797 1789 905 1838 petila
917 1795 1013 1836 jura.
1038 1790 1124 1828 Ho-

140 1840 250 1878 ratius
261 1847 389 1877 tamen
399 1840 554 1888 gemino
574 1840 597 1877 11
616 1840 879 1890 pronunciavit
897 1841 1007 1878 metri
1026 1842 1126 1879 caus-

138 1891 174 1930 sa
197 1890 258 1930 lib.
290 1904 321 1930 1.
350 1891 422 1929 Sat.
448 1904 480 1938 4.

288 1993 422 2006 ...-—-
450 1973 572 2009 mentio
588 1974 623 2022 si
647 1987 716 2024 qua

213 2028 274 2062 De
293 2024 600 2074 Capitolinisurtis
617 2025 740 2072 injec'la
759 2023 897 2064 Petilli.

148 2104 340 2143 COLER.
393 2106 449 2144 Ita
476 2106 584 2145 codd.
613 2107 792 2145 Brandeb.
820 2108 966 2157 Pighius
994 2107 1125 2147 maluit

143 2157 291 2192 Petillii.
326 2157 486 2206 Lapides
505 2166 702 2209 utramque
720 2159 957 2208 scriptionem
976 2159 1124 2199 habent.

142 2206 338 2244 VORST.
390 2213 434 2246 L.
464 2211 582 2246 Petilii
617 2211 712 2247 clare
742 2211 916 2248 exhibent
942 2211 1123 2260 aliquot&

140 2256 249 2294 MSS.
276 2257 415 2295 nostris.
450 2259 489 2295 ὅ(
515 2259 563 2296 fic
589 2262 692 2297 Vett.
719 2261 814 2299 Edd.
841 2264 975 2299 Petillii
1004 2261 1123 2300 editur

138 2314 267 2345 tamen
293 2307 332 2344 in
360 2308 485 2345 Livio.

191 2371 251 2408 79.
279 2360 414 2394 Numae
433 2358 604 2408 Pomponii
620 2356 706 2405 filii]
737 2358 1121 2406 Lege‚NumaePom-

136 2410 218 2461 pilii
240 2410 416 2458 Pomponis
426 2408 512 2455 filii.
564 2408 622 2444 Sic
649 2408 750 2444 enim
778 2409 908 2446 Livius
941 2409 1034 2446 libro
1062 2423 1120 2448 xt.

144 2461 247 2509 cujus
267 2459 400 2497 eadem
421 2460 498 2497 fere
523 2458 634 2496 verba
661 2459 773 2495 refert
789 2459 980 2498 Valerius:
1009 2462 1120 2509 Quae

142 2510 348 2549 formulam
375 2510 476 2559 quafi
502 2510 607 2547 nobis
640 2510 911 2558 repraesentant
946 2512 1121 2561 epitaphii

140 2562 282 2599 vetusti.
308 2561 451 2599 PIGH.
511 2560 613 2598 Nihil
639 2560 754 2598 aufim
780 2561 996 2608 adfirmare,
1024 2576 1121 2613 quo-

142 2614 245 2651 niam
271 2612 360 2649 iilud
380 2615 553 2660 Pomponis
560 2613 636 2660 filii
653 2611 797 2651 additur
824 2614 921 2662 apud
941 2615 1094 2653 Livium
1108 2644 1120 2660 ,

140 2663 246 2713 quod
263 2672 392 2701 tamen
409 2663 523 2702 video
539 2660 656 2700 abeffe
674 2663 720 2703 ab
738 2665 911 2704 omnibus
930 2665 1122 2704 Leidenfi-

142 2716 232 2759 bus,
260 2715 392 2763 Copes.
415 2715 548 2764 Uitraj.
568 2716 606 2752 &
624 2710 803 2805 1³1&inoe
823 2717 908 2754 aliis.
962 2717 1052 2755 Satis
1078 2717 1121 2757 11·-

144 2774 236 2816 quet
254 2766 366 2803 etiam
378 2765 551 2815 Pighium
570 2777 649 2803 non
665 2766 750 2803 inve
779 2766 841 2805 iffe
858 2768 896 2805 in
913 2768 990 2806 suis.
1017 2770 1119 2807 Ante

145 2818 264 2866 ipsum
284 2816 458 2854 edebatur
479 2818 611 2854 Numae
634 2819 804 2866 Pomponii
814 2819 908 2863 filii,
932 2820 1036 2869 quod
1054 2833 1120 2859 an-

147 2875 322 2906 notatum
341 2868 455 2906 video
483 2879 528 2906 ex
547 2881 623 2906 uno
638 2897 648 2913 ‚
675 2868 736 2905 sed
755 2870 793 2906 δε
809 2869 883 2907 hoc
904 2871 1118 2919 profectum

145 2918 293 2956 videtur
319 2918 362 2956 ab
389 2919 513 2965 Aldo,
549 2932 637 2957 nam
664 2919 702 2956 in
728 2920 981 2960 vetustioribus
1009 2923 1121 2961 exstat

148 2969 268 3009 modo
297 2971 429 3007 Numae
449 2973 624 3021 Pompilii.

202 3020 262 3060 80.
289 3019 366 3063 fid
380 3021 578 3071 solvendam
597 3020 807 3076 religionem]
831 3022 1032 3065 Sobendam
1055 3037 1124 3076 pro

2101 966 2163 998 cll

1176 1068 1426 1116 destruendam,
1452 1069 1691 1123 abrogandam.
1732 1072 1882 1111 Graecis
1902 1086 2056 1126 quoque
2078 1079 2166 1118 λύειν

1178 1120 1205 1158 ’ἳ-
1231 1119 1317 1156 νέιιον
1352 1122 1455 1159 idem
1486 1123 1534 1159 est
1555 1122 1659 1172 quod
1684 1122 1844 1175 abrogare
1873 1127 1988 1175 legem.
2028 1130 2166 1169 VOR—

1181 1171 1344 1210 STIUS.
1399 1173 1458 1210 Sic
1480 1173 1564 1211 LiV.
1588 1175 1633 1211 L.
1656 1187 1685 1212 1.
1707 1174 1821 1224 C.49.
1843 1179 1982 1213 Morem
2001 1177 2041 1215 de
2059 1185 2168 1218 omni-

1178 1222 1238 1258 bus
1259 1228 1419 1260 Senatum
1443 1224 1631 1273 consulendi
1644 1226 1768 1273 solvit.
1803 1227 1906 1265 Curi.
1935 1229 1980 1266 L.
2009 1242 2042 1267 X.
2072 1244 2103 1269 z.
2134 1246 2167 1280 ς’,

1178 1277 1398 1326 Quamquam
1418 1274 1660 1323 solvendarum
1688 1277 1798 1327 legum
1825 1276 1863 1314 id
1883 1280 2078 1330 principium
2104 1278 2165 1332 eſje

1178 1324 1360 1373 censebant.
1858 1339 1862 1343 ’

1229 1377 1287 1414 81.
1316 1381 1356 1415 L.
1376 1378 1523 1413 Petilius
1541 1388 1674 1427 praetor
1698 1378 1868 1428 Urbanus]
1903 1382 1985 1418 MS.
2013 1384 2169 1433 Qintus

1176 1430 1331 1464 Petilius.
1382 1428 1606 1466 Rectissime.
1632 1430 1680 1467 ita
1700 1431 1800 1467 enim
1828 1443 1981 1481 quoque
2010 1434 2163 1481 Livius,

1180 1479 1279 1517 unde
1299 1480 1392 1517 haec
1411 1479 1593 1530 descripsit
1611 1480 1791 1518 Valerius.
1827 1483 1925 1520 Mox
1935 1495 2012 1532 -pro
2038 1500 2163 1523 crema-

1178 1532 1231 1566 vit
1254 1532 1367 1569 etiam
1385 1534 1615 1569 concremavit.
1633 1532 1719 1569 licet
1729 1533 1859 1570 Livius
1877 1535 1990 1572 etiam
2010 1534 2165 1586 fimplici

1180 1582 1295 1620 vcrbo
1324 1590 1458 1620 utatur.
1492 1582 1739 1621 PERIZON.
1792 1584 2027 1624 Praenomen
2065 1591 2165 1626 Lucii

1179 1633 1319 1671 addidit
1344 1634 1447 1682 Pigh.
1478 1646 1566 1671 nam
1594 1642 1680 1671 ante
1709 1646 1793 1672 eum
1825 1635 1913 1673 editi
1932 1637 1994 1674 illo
2014 1648 2164 1685 carent,

1179 1692 1218 1722 ut
1239 1686 1276 1722 &
1296 1685 1447 1735 quidam
1461 1685 1569 1722 MSS.
1588 1687 1637 1734 Q.
1658 1685 1770 1723 exstat
1787 1687 1823 1723 in
1843 1687 1918 1724 aliis
1936 1691 2166 1737 quatuorde-

1178 1736 1251 1773 cim
1265 1748 1399 1786 ‚quare
1416 1735 1506 1773 illud
1524 1736 1785 1786 reponendum
1807 1737 2038 1778 duxi.VatiC.
2050 1743 2164 1790 prim,

1176 1790 1271 1839 Qos
1291 1788 1440 1824 Petilius
1453 1812 1463 1829 ,
1492 1788 1560 1825 sec.
1587 1803 1639 1824 eos
1659 1790 1769 1825 ‘virtus
1787 1797 1833 1824 <9³
1847 1791 2004 1828 Petilius.
2030 1807 2083 1829 eos
2102 1796 2167 1829 Pe-

1174 1842 1280 1876 tilius.
1313 1838 1458 1876 Barber.
1478 1839 1586 1887 prim.
1607 1840 1646 1877 ὃς
1664 1839 1732 1877 sec.
1750 1840 1814 1878 An
1833 1840 1992 1890 scripsit?
2030 1847 2092 1880 Eos
2111 1845 2160 1896 Q

1176 1891 1336 1978 Peltilius.
1378 1889 1464 1929 vide
1481 1890 1586 1940 supra
1605 1902 1661 1928 ex,
1682 1903 1716 1939 4.
1734 1891 1796 1929 ubi
1815 1891 1980 1931 simfliter
1998 1894 2163 1935 abundat.

1179 1956 1207 1977 el
1234 1957 1294 1979 em.

1231 2007 1289 2044 82.
1319 2009 1382 2044 Per
1407 2006 1633 2057 winimarios]
1675 2007 1863 2046 Welimarii
1887 2008 1968 2047 sunt
1995 2010 2170 2050 Vistimass

1179 2070 1263 2096 rum
1283 2059 1456 2103 ministri,
1484 2060 1549 2108 qui
1575 2059 1742 2096 victimas
1768 2059 1950 2107 ligabant,
1978 2061 2162 2107 cultrum,

1174 2121 1311 2160 aquam
1334 2112 1373 2148 &
1393 2109 1536 2147 molam
1555 2110 1753 2159 parabant,
1780 2111 1923 2160 aliaque
1944 2112 1989 2149 ad
2018 2112 2159 2151 immo-

1174 2161 1326 2199 landum
1345 2161 1567 2210 pertinentia
1586 2161 1823 2210 praestabant.
1851 2163 2047 2201 VORST.

1229 2212 1288 2263 83.
1312 2215 1393 2263 Igne
1405 2211 1513 2261 saffo]
1553 2213 1597 2249 In
1616 2212 1739 2250 multis
1757 2213 1863 2250 MSS.
1890 2216 1964 2265 igni
1975 2216 2085 2260 saffo,
2107 2216 2159 2253 ita

1175 2275 1287 2311 porro
1326 2275 1479 2313 quoque
1514 2257 1644 2312 scripta
1668 2263 1896 2312 Protagorae
1923 2265 1972 2302 ob
1998 2265 2160 2304 eandem

1177 2312 1337 2350 cauffam
1373 2314 1616 2350 Athenienses
1657 2313 1696 2350 in
1732 2316 1917 2352 concione
1951 2316 2161 2355 combusse-⁴

1174 2370 1270 2399 runt.
1297 2363 1393 2400 Min.
1413 2362 1488 2400 Fel.
1509 2363 1601 2412 Cap.
1622 2363 1657 2401 8.
1686 2364 1745 2401 ubi
1763 2364 1865 2413 plura
1885 2367 1930 2403 de
1956 2367 2032 2405 hoc
2050 2379 2158 2406 more

1175 2412 1404 2461 collegerunt
1423 2415 1652 2451 Wouwerus
1673 2415 1711 2452 &
1730 2415 2031 2456 Elmenhorstius.

1225 2463 1283 2510 84.
1311 2467 1373 2501 M.
1394 2465 1546 2501 Tullium
1571 2466 1819 2514 Duumvirum]
1850 2469 2053 2518 Dionysius
2074 2471 2154 2506 Ha-

1171 2513 1229 2551 lic.
1246 2514 1269 2551 1.
1293 2527 1349 2552 1v.
1378 2516 1434 2553 Μ.
1461 2515 1619 2554 Atilium
1647 2525 1761 2555 vocat
1783 2532 1790 2556 :
1824 2520 2018 2570 scribitque
2043 2521 2153 2568 patri*

1173 2565 1274 2603 cium
1301 2564 1417 2604 fuiffe.
1445 2567 1641 2606 VORST.

1226 2617 1284 2666 85.
1321 2617 1568 2669 quuesupplii
1580 2634 1688 2671 genus
1713 2636 1778 2658 non
1801 2623 1905 2657 multo
1929 2619 2024 2670 post]
2061 2619 2153 2658 Era-

1174 2667 1296 2706 denda
1314 2681 1391 2707 vox
1419 2671 1614 2719 negativa,
1641 2686 1728 2717 non,
1755 2684 1851 2722 quae
1875 2673 1912 2708 in
1940 2670 2041 2707 nuHo
2070 2682 2151 2708 ma-

1170 2720 1443 2769 nuscriptorum
1463 2721 1628 2760 habetur.
1656 2722 1927 2771 Quadringenti
1948 2721 2049 2758 enim
2069 2733 2154 2758 ain-

1171 2770 1262 2820 plius
1290 2773 1376 2810 anni
1403 2773 1507 2810 fuere
1525 2773 1604 2822 post
1632 2785 1760 2822 regum
1780 2783 1972 2821 tempora,
1999 2772 2153 2822 quando

1171 2823 1311 2870 primus
1333 2836 1376 2862 ea
1404 2836 1527 2872 poena
1553 2825 1661 2873 periit
1680 2826 1826 2861 Romae
1845 2823 2034 2861 matricida
2054 2823 2153 2860 Mal-

1171 2872 1299 2912 leolus.
1325 2875 1466 2913 PIGH.
1518 2875 1603 2912 Post
1629 2874 1764 2911 bellum
1786 2875 2016 2912 Cimbricum
2039 2876 2077 2911 ὃ(
2097 2874 2153 2911 vi-

1174 2924 1329 2963 storiam
1357 2928 1478 2964 Marii.
1507 2925 1635 2963 auctor
1664 2926 1814 2971 Florus,
1843 2927 1880 2964 &
1909 2924 2062 2963 Orosius
2088 2924 2150 2961 lib-

1173 2988 1210 3013 V.
1238 2987 1268 3013 C.
1299 2977 1353 3014 16.
1383 2978 1575 3016 COLER.
1638 2976 1742 3027 quue
1764 2977 1921 3027 supplicii
1944 2990 2051 3026 genus
2086 2991 2152 3011 non

1174 3028 1279 3065 multo
1292 3032 1364 3078 post
1378 3028 1556 3080 parricidis
1573 3029 1645 3082 lege
1662 3031 1856 3081 irrogatum.
1881 3028 1934 3065 Ita
1956 3026 2157 3115 reetededi=

2081 3086 2159 3116 erat
