2516 3509
361 139 465 211 758
562 130 971 189 VALERH
1045 129 1434 189 MAXIMI
1507 129 2184 192 L13.v111.cip.xrr.·

357 235 424 280 his
455 231 503 277 id
534 230 778 294 negotium
813 230 961 294 aptius
993 229 1211 294 explicari
1248 229 1373 295 posse
1397 227 1696 292 confitendo,
1733 228 1753 258 ⁸
1777 232 1855 295 qui
1881 230 2149 296 quotidiano
2173 232 2268 296 ejus
2293 231 2373 280 usu

359 310 598 357 callebant.
664 308 985 373 Sapientiffimi
1021 311 1165 376 igitur
1197 311 1302 356 artis
1337 308 1437 355 suae
1472 308 1742 373 professores
1780 310 1908 371 sunt,
1945 311 1970 358 ὲ.
2002 311 2165 375 quibus
2189 312 2238 360 &
2261 330 2370 379 pro-

360 392 456 456 pria
492 390 635 438 studia
670 391 925 439 verecunde
945 425 960 451 ,
992 391 1040 439 ὃς
1075 392 1214 439 aliena
1246 390 1406 438 callide
1439 390 1742 439 aestimantur.

1132 532 1607 578 EXTERNA.

234 679 267 706 Ι,
427 645 628 693 Platonis
663 662 847 710 quoque
878 644 1230 692 eruditiffimum
1266 645 1423 710 pectus
1461 644 1572 691 haec
1608 644 1833 708 cogitatio
1869 643 2049 708 attigit:
2087 654 2108 684 9
2144 649 2222 711 qui
2257 665 2369 698 con-

370 725 580 772 duc'tores
626 725 768 772 sacrae
811 741 908 771 arae
955 730 995 751 ¹0
1032 725 1088 770 de
1122 725 1264 771 modo
1301 724 1348 771 ἃ
1383 724 1530 770 forma
1565 726 1659 787 ejus
1694 723 1844 770 secum
1878 724 2128 772 sermonem
2164 718 2370 776 conferre

365 816 583 862 conat03‚
626 810 660 829 ¹¹
688 804 742 850 ad
775 802 1020 850 Euclidem
1058 802 1359 849 Geometram
1396 802 1460 848 ire
1488 800 1640 866 jussit,
1676 800 1886 848 scientiae
1920 804 2015 867 ejus
2052 804 2240 864 cedens,
2275 807 2370 853 imo

364 880 642 943 profeffioni.

233 1015 265 1022 ω
429 964 703 1009 Gloriantur
738 964 948 1009 Athenae
994 962 1342 1009 armamentario
1388 960 1500 1007 suo:
1557 976 1640 1007 nec
1675 959 1766 1007 fine
1801 961 1957 1008 caussa.
2002 961 2067 1009 est
2100 964 2222 1010 enim
2256 962 2370 1011 illud

142 1036 317 1116 3ξῇᾕῲ
362 1059 476 1106 opus
514 1042 561 1089 ἄ
597 1042 795 1107 impensa
839 1042 886 1090 &
918 1042 1142 1106 elegantia
1187 1040 1434 1089 visendum.
1505 1039 1652 1099 Cuius
1686 1039 1989 1088 architectum
2024 1042 2270 1091 Philonem
2304 1046 2368 1093 ita

142 1120 222 1197 {lm
247 1129 316 1151 VH·
362 1122 554 1170 facunde
586 1123 806 1168 rationem
842 1122 1138 1168 institutionis
1175 1119 1273 1167 suae
1308 1121 1355 1168 in
1388 1120 1568 1167 theatro
1606 1118 1842 1165 reddidiffe
1874 1120 2049 1167 constat
2076 1155 2091 1180 ³
2146 1134 2199 1169 ut
2235 1122 2370 1170 diser-

421 1330 454 1365 7.
488 1316 694 1368 Minuebat]
744 1319 852 1368 Lego
891 1330 936 1355 ex
977 1317 1060 1354 Lib.
1100 1318 1199 1356 Dan.
1238 1331 1340 1367 quam

366 1371 597 1406 aufferitatem
625 1370 804 1408 muniebat.
837 1369 1063 1406 COLER.
1110 1369 1261 1408 Frustra.

420 1422 453 1459 8.
482 1423 556 1473 Qi
587 1421 783 1471 quotidiano
811 1425 882 1468 ejus
909 1424 968 1468 usu
994 1420 1179 1470 callebant]
1226 1422 1341 1457 Calle-

367 1487 401 1508 re
424 1484 491 1521 pto
509 1474 632 1508 callum
652 1472 860 1508 contrahere:
888 1471 949 1509 sed
967 1483 1031 1519 per
1051 1472 1312 1520 metaphoram
1330 1487 1341 1515 ;

367 1532 407 1560 ut
437 1523 662 1571 experientia
691 1525 728 1560 ἃ
761 1522 898 1560 multus
937 1534 1061 1560 rerum
1103 1524 1182 1560 usus
1211 1522 1338 1572 fignifi-

368 1583 482 1611 cetur.
536 1574 694 1620 *lustinus
744 1586 855 1611 xxm.
889 1585 923 1619 4.
977 1573 1197 1624 eAugurum&
1226 1573 1340 1622 studio

367 1627 467 1661 Galli
503 1637 634 1673 praeter
670 1634 788 1661 ceteros
822 1625 958 1661 callent.
1020 1625 1096 1661 Ubi
1143 1637 1221 1662 non
1264 1633 1341 1662 erat

367 1676 472 1725 quod
508 1674 725 1723 Bongarfius
774 1674 974 1724 legendum
1025 1676 1230 1724 conjiceret
1275 1678 1344 1712 cla-

367 1738 452 1765 rent.
480 1727 676 1765 VORST.
723 1726 808 1764 Liv.
842 1726 923 1763 Lib.
955 1738 1064 1763 xxxv.
1093 1727 1151 1763 26.
1195 1730 1240 1762 Eo
1267 1729 1344 1773 plus

367 1780 404 1814 in
431 1792 492 1820 ea,
516 1791 655 1827 quorum
683 1779 743 1825 usu
765 1778 899 1813 calleret
917 1779 991 1825 spei
1020 1779 1159 1821 naam,
1192 1777 1290 1813 breve
1309 1779 1346 1813 id

367 1841 508 1876 tyranno
522 1827 688 1877 gaudium
703 1830 741 1874 se
759 1826 951 1878 effee‘lurum
970 1827 1170 1873 affirmabat.
1185 1827 1298 1864 Solin.
1315 1841 1344 1865 1.

373 1891 428 1924 14.
455 1881 573 1916 callere
588 1890 661 1916 arte
673 1881 874 1929 sagittaria.
908 1878 1010 1927 plura
1039 1878 1120 1916 loca
1140 1877 1202 1916 dat
1229 1878 1342 1916 DOQ.

369 1931 577 1968 Munlierus
614 1929 660 1967 ad
700 1931 841 1978 Hygin.
890 1929 977 1966 Fab.
1015 1931 1096 1967 126.
1136 1938 1177 1966 ut
1219 1929 1344 1968 trustra

370 1982 465 2018 inter
499 1982 678 2018 variantes
701 1981 815 2018 Gudii
841 1987 1014 2023 notetur,
1051 1984 1088 2017 F.
1108 1979 1290 2027 pollebant.

421 2045 456 2079 9.
484 2034 553 2080 Qui
577 2030 782 2068 conductores
801 2034 917 2078 sacrae
945 2045 1026 2067 arae
1053 2028 1182 2067 modum
1210 2045 1248 2067 ac
1270 2034 1343 2077 for—

371 2097 459 2118 mam
490 2097 559 2121 etus
591 2087 701 2129 secum
730 2084 879 2128 sermone
917 2087 1059 2128 conferre
1094 2081 1245 2130 conatos]
1300 2082 1341 2119 ln

373 2132 606 2170 Atrebatensi
629 2161 639 2177 ,
676 2133 943 2170 Wincheliano
975 2133 1014 2170 ὅ(
1042 2133 1341 2177 Pulmannian03

372 2187 431 2219 De
460 2183 552 2219 modo
577 2198 615 2220 ac
635 2185 747 2228 forma
777 2189 847 2230 ejus
876 2186 987 2231 sectmz
1009 2185 1192 2231 sermonem
1219 2186 1343 2230 confer—

371 2250 408 2271 re
438 2247 581 2272 conatos.
611 2234 680 2271 Sed
713 2246 899 2284 quaenam
928 2235 1020 2271 haec
1050 2246 1110 2272 ara
1135 2236 1228 2272 tanti
1259 2247 1343 2272 mo-

325 2290 328 2292 ’
372 2286 508 2323 liminis
539 2297 582 2323 ac
608 2286 728 2334 operis
749 2314 758 2329 ‚
796 2295 834 2323 ut
866 2284 910 2322 de
941 2286 1018 2334 ejus
1049 2284 1221 2323 struc'tura
1252 2297 1343 2323 con-

376 2337 543 2385 cipienda
566 2345 622 2374 tot
644 2336 798 2374 consiliis
826 2335 936 2373 fuerit
964 2335 1084 2384 opus?
1115 2337 1242 2374 Locus
1267 2337 1345 2374 val-

376 2388 422 2425 de
452 2387 544 2425 mihi
572 2387 751 2436 suspectus
781 2388 840 2424 est.
891 2388 933 2424 In
953 2388 1242 2431 Wincheliano,
1269 2403 1344 2424 con-

376 2439 521 2475 duriores
539 2440 617 2475 viae
628 2439 768 2485 sanfiae
784 2438 940 2485 legitur,
963 2447 1074 2488 atque
1101 2439 1212 2476 etiarn
1236 2451 1343 2476 men-

378 2489 466 2527 dose
490 2518 499 2534 ‚
541 2490 579 2526 ni
609 2489 744 2534 fallor3
781 2500 869 2525 nam
898 2497 989 2536 puto
1021 2489 1222 2537 legendum
1249 2489 1344 2535 effe,

375 2540 581 2577 conduc‘lores
601 2543 718 2588 sacrae
746 2541 853 2582 arcis,
882 2548 922 2575 ut
946 2540 1191 2589 intelligamus
1221 2542 1345 2578 aueto-

378 2604 457 2629 rem
492 2591 599 2641 loqui
630 2591 675 2628 de
711 2602 794 2628 arce
829 2590 1025 2627 Minervae
1047 2618 1057 2634 ‚
1103 2590 1345 2629 celeberrimo

377 2652 490 2693 atque
518 2641 879 2690 magnificentissimo
900 2641 1135 2678 Athenarum
1159 2641 1348 2687 aedificio,

380 2696 482 2743 cujus
511 2695 616 2742 saepe
650 2693 822 2730 meminit
849 2692 1040 2729 Pausanias
1070 2692 1107 2728 in
1138 2693 1284 2736 Attica,
1310 2695 1346 2730 in

381 2757 423 2782 ea
461 2746 634 2782 omnium
670 2743 929 2782 sanetiffimum
972 2744 1167 2780 Minervae
1204 2743 1346 2791 {ignum

379 2796 425 2832 de
456 2796 565 2833 coelo
592 2794 778 2844 delapsum
807 2794 1017 2832 dedicatum
1051 2792 1154 2831 fuiffe
1184 2795 1349 2833 scribenS.

380 2847 559 2883 Meminit
594 2847 670 2893 ejus
704 2847 796 2883 item
839 2845 960 2883 noster
999 2845 1169 2882 Valerius
1199 2846 1282 2883 Lib.
1314 2859 1351 2883 v.

381 2908 459 2945 cap.
484 2909 514 2945 3.
547 2898 584 2933 ὅ(
612 2897 696 2933 Lib.
720 2910 782 2935 111.
811 2908 889 2946 cap.
916 2910 946 2934 Ι.
971 2896 1112 2933 PIGH.
1144 2901 1264 2932 scurae
1294 2912 1349 2933 ar-

377 2950 434 2985 cis.
466 2948 572 2984 Erasa
603 2960 687 2984 vera
714 2948 825 2986 lectio
846 2949 883 2985 in
912 2947 996 2984 Lib.
1024 2947 1122 2984 Dan.
1157 2948 1194 2984 ὃς
1222 2947 1353 2985 adscri-

381 3007 486 3046 ptum
508 3010 617 3035 orae:
645 3002 723 3035 viae
736 3002 864 3048 sfurae.
883 2999 1040 3047 Vulgata
1060 2997 1170 3036 lectio
1189 2997 1352 3046 {Pighio

383 3050 445 3088 est.
495 3049 567 3087 Sed
594 3050 673 3098 quis
703 3050 845 3089 dubitet
872 3050 1011 3089 sacram
1041 3061 1164 3088 arcein
1189 3074 1198 3093 ,
1243 3050 1352 3088 nobi-

2293 1201 2368 1248 tis-

1391 1317 1565 1355 lissimum
1595 1315 1832 1360 aedificium,
1854 1317 1933 1365 jam
1959 1326 2043 1355 ante
2060 1318 2255 1357 Platonem
2282 1320 2368 1357 fuis-

1391 1369 1426 1406 se
1459 1367 1710 1406 exstruc‘tum?
1740 1368 1979 1417 Manuscripti
2003 1371 2077 1407 mei
2098 1372 2229 1408 ceteri:
2251 1374 2370 1416 sacrae

1392 1434 1483 1456 arae.
1547 1419 1787 1456 Doctiffimus
1828 1419 2044 1458 Mitallerius
2075 1422 2191 1458 Aram
2224 1421 2371 1470 Apolli-

1394 1472 1448 1508 nis
1479 1473 1515 1508 in
1541 1470 1642 1508 Delo
1673 1469 1855 1517 intelligit.
1892 1483 2005 1521 quem
2035 1471 2132 1509 vide.
2172 1472 2368 1510 COLER.

1395 1522 1615 1558 Conduflores
1640 1524 1757 1568 sacrae
1788 1535 1878 1558 arae.
1936 1523 1989 1560 Ita
2025 1531 2168 1560 veteres
2197 1523 2375 1567 codices,

1393 1581 1470 1611 tam
1489 1573 1598 1610 MSS.
1623 1584 1737 1621 quarn
1769 1571 1866 1620 typis
1897 1573 2069 1622 expreffi;
2101 1572 2167 1610 nisi
2197 1575 2300 1622 quod
2330 1576 2369 1611 in

1395 1636 1473 1662 uno
1517 1623 1602 1661 cod.
1646 1623 1795 1671 Pighius
1823 1623 1995 1673 scriptum
2030 1625 2164 1674 reperit
2190 1627 2269 1660 viae
2286 1628 2372 1674 san-

1396 1678 1479 1713 c‘Yae.
1516 1675 1587 1713 Sed
1618 1682 1722 1722 putat
1751 1682 1878 1711 tamen
1906 1676 2053 1724 Pighius
2083 1675 2283 1724 legendum
2316 1676 2368 1713 es-

1395 1727 1430 1763 se
1452 1730 1570 1773 sacrae
1595 1728 1702 1767 arcis;
1741 1725 1844 1774 quod
1872 1727 1964 1764 &in
1994 1727 2109 1775 ipsum
2140 1734 2284 1763 textum
2314 1726 2370 1763 in-

1397 1776 1499 1814 tulit:
1529 1785 1568 1814 ut
1598 1775 1842 1824 intelligatur,
1876 1777 2068 1815 Valerium
2100 1788 2206 1825 agere
2235 1776 2280 1813 de
2312 1789 2370 1814 ar-

1398 1838 1440 1864 ce
1471 1829 1692 1869 Minervae,
1727 1827 1971 1865 celeberrimo
2001 1829 2038 1865 8<
2058 1827 2370 1876 magnificentiffi-

1398 1889 1464 1916 mo
1486 1878 1721 1915 Athenarum
1752 1877 1934 1916 aedificio.
1988 1879 2134 1915 Verum
2158 1879 2237 1928 quis
2265 1879 2371 1917 dubi-

1399 1937 1451 1966 tet
1481 1941 1604 1967 arcem
1638 1929 1836 1965 Minervae
1860 1930 1939 1978 jam
1963 1937 2048 1967 ante
2075 1929 2272 1967 Platonem
2305 1942 2369 1968 ex-

1395 1978 1538 2017 titiffe?
1583 1978 1800 2017 Mitallerius
1830 1994 1926 2016 aram
1960 1982 2151 2030 2Apollinis
2192 1981 2229 2017 in
2268 1982 2368 2020 Delo

1395 2030 1575 2079 intelligit.
1629 2028 1850 2067 Conduc‘lores
1872 2045 1950 2066 arae
1972 2031 2052 2068 sunt
2071 2031 2135 2080 qui
2163 2039 2267 2067 certo
2287 2044 2370 2080 pre·

1396 2083 1451 2118 tio
1472 2094 1554 2119 eam
1579 2080 1897 2118 exaedificandam
1921 2081 2370 2130 susceperunt.VORST.

1396 2133 1504 2170 MSS.
1544 2133 1703 2169 retinent
1730 2144 1834 2174 arae,
1871 2131 1938 2168 nifi
1968 2132 2074 2182 quod
2101 2144 2194 2170 unus
2223 2141 2285 2171 aut
2320 2135 2373 2172 al-

1395 2191 1450 2220 ter
1481 2183 1592 2221 habet
1613 2195 1680 2232 pro
1703 2183 1805 2219 varia
1824 2182 1987 2220 lectione
2009 2185 2098 2220 viae.
2152 2184 2235 2221 Nec
2265 2184 2370 2222 dubi-

1395 2234 1461 2272 tari
1492 2235 1608 2283 potest
1632 2261 1645 2277 ‚
1686 2233 1776 2282 quin
1813 2231 1988 2283 loquatur
2018 2234 2063 2272 de
2094 2246 2153 2272 ara
2185 2235 2370 2284 Apollinis

1394 2287 1432 2323 in
1455 2285 1554 2324 Delo
1569 2315 1580 2330 ‚
1601 2283 1872 2322 utMitallerius
1895 2285 2091 2333 explicuit,
2116 2285 2139 2322 fi
2160 2286 2369 2335 inspiciatur

1394 2337 1578 2375 Plutarch.
1610 2337 1670 2373 De
1683 2335 1807 2372 Genio
1821 2335 1980 2374 Socratis
2002 2348 2135 2386 p.529.
2159 2337 2372 2376 Ed.Franc.

1450 2401 1507 2427 10.
1528 2391 1586 2424 De
1605 2386 1697 2423 modo
1708 2388 1870 2432 &forma
1893 2391 1962 2436 ejus
1976 2389 2085 2434 secum
2097 2391 2281 2435 sermonem
2299 2403 2372 2426 con-

1394 2441 1478 2486 ferre
1501 2438 1651 2487 conatos]
1690 2437 1748 2474 Sic
1778 2445 1933 2487 uterque
1962 2438 2093 2488 Ultraj.
2123 2439 2228 2476 Leid.
2253 2441 2371 2488 quint.

1396 2491 1483 2538 sept.
1505 2490 1575 2528 Ed.
1598 2491 1707 2537 Mog.
1731 2487 1888 2526 Mediol.
1915 2489 2059 2526 Ascens.
2085 2489 2154 2527 Sed
2175 2491 2294 2539 scripti
2314 2503 2373 2529 re·

1396 2541 1486 2591 liqui
1523 2553 1609 2579 cum
1637 2541 1736 2577 Ven.
1769 2538 1855 2576 Ald.
1885 2539 1922 2577 δε
1950 2541 2110 2583 ceteris,
2149 2541 2296 2578 Modum
2322 2549 2369 2579 (θ’

1390 2595 1538 2638 formam
1564 2597 1634 2637 ejus
1654 2595 1763 2640 secum
1777 2592 1926 2638 sermone
1946 2594 2089 2637 conferre
2110 2603 2254 2631 conatos.
2280 2594 2371 2631 Non

1400 2643 1554 2681 dubium
1582 2644 1631 2682 est
1645 2671 1654 2688 ,
1688 2641 1779 2692 quin
1800 2641 1947 2690 Pighius
1967 2642 2065 2680 reete
2087 2642 2242 2681 alterum
2265 2655 2371 2693 prae-

1399 2695 1536 2733 tulerit.

1455 2759 1509 2783 11.
1538 2743 1617 2785 „Ad
1646 2742 1813 2780 Euclidem
1843 2746 2049 2780 Geometram
2082 2746 2130 2781 ire
2155 2743 2265 2794 jufflt]
2312 2745 2370 2782 Sic

1403 2807 1536 2834 omnes
1569 2795 1678 2833 MSS.
1717 2796 1755 2832 δε
1787 2794 1883 2833 Edd.
1910 2794 2127 2833 Mitallcrius
2157 2795 2370 2834 emendavit

1401 2846 1605 2891 Eudoxum,
1628 2846 1831 2896 „quoniam
1869 2857 1888 2883 a
1925 2846 2122 2884 Plutarcho
2167 2845 2366 2894 appellatur

1401 2897 1557 2935 Eudoxus
1582 2897 1752 2941 Gnidius,
1787 2898 1832 2934 ad
1862 2909 1975 2947 quem
2003 2898 2109 2934 Plato
2136 2909 2198 2935 eos
2225 2896 2370 2944 ablega-

1401 2950 1520 2993 verit,
1556 2948 1667 2998 idque
1695 2947 1808 2986 video
1837 2946 1977 2986 laudari
2009 2948 2046 2985 in
2076 2949 2172 2985 notis
2203 2947 2248 2985 ad
2276 2946 2370 2983 Gell.

1405 2999 1450 3036 L.
1485 3011 1545 3038 vr.
1591 3013 1648 3038 ro.
1701 3007 1741 3035 ut
1784 2998 1863 3036 fieri
1893 3011 2047 3049 quoque
2075 3011 2094 3036 a
2115 2997 2293 3046 Menagio
2323 2997 2370 3035 ad

1403 3050 1520 3099 Diog.
1541 3051 1667 3089 Laert.
1690 3049 1770 3087 init.
1797 3050 1958 3089 Euclidis
1975 3049 2128 3087 notabat
2144 3049 2374 3136 Perizongusj

2329 3110 2363 3136 e.
