2516 3509
395 186 505 225 210
656 145 1069 213 VALERII
1141 138 1527 201 MAXIMI
1568 139 1693 198 Lm.
1732 137 1809 196 ΙΙ.
1848 136 1997 196 ΟΑΡ.
2038 134 2144 191 ΙΧ.

398 263 666 330 imaginibus
697 255 888 305 adscribi
918 251 1167 302 meretricis
1198 246 1360 296 oculos
1386 248 1589 296 humano
1610 246 1825 314 sanguine
1843 245 2118 305 delcetatos,
2154 249 2197 273 ²2
2221 240 2406 311 &regis

397 348 601 412 Philippi
620 344 843 411 supplices
865 357 1036 389 manus.

465 424 598 486 Qud
620 423 676 470 de
693 421 892 471 Fabricii
931 426 972 456 23
995 412 1184 465 Luscini
1204 410 1386 459 censura
1402 410 1597 476 loquar?
1630 414 1824 461 narravit
1861 411 2010 459 omnis
2036 421 2178 468 aetaS‚
2214 407 2264 454 &
2285 407 2412 457 dein-

184 520 268 576 AJE·
291 496 357 542 drb·
399 521 504 568 ceps
536 502 760 563 narrabit,
793 500 849 548 ab
881 516 937 546 eo
957 492 1228 544 Cornelium
1251 489 1485 539 Rufinum
1523 490 1703 538 duobus
1731 489 2065 548 consulatibus,
2112 487 2161 534 &
2186 485 2412 534 didiatura

181 563 290 630 ἶῖῗῑύε
312 603 383 625 xxv·
400 581 714 650 speciosissime
742 578 979 637 funCtum,
1024 572 1150 639 quod
1188 579 1233 610 24
1257 570 1416 618 decem
1447 568 1607 636 pondo
1650 577 1692 608 25
1725 567 1824 617 vasa
1847 581 2058 632 argentea
2085 565 2413 631 comparaffet‚

183 640 264 671 ΡΜ
280 637 374 677 Sym
403 660 447 691 2⁶
469 661 652 728 perinde
677 677 728 707 ac
749 657 870 705 malo
894 652 1108 717 exemplo
1132 648 1416 698 luxuriosum
1429 683 1444 709 ‚
1465 649 1513 696 in
1531 646 1689 695 ordine
1708 644 1931 694 senatorio
1952 656 2180 697 retentum
2200 660 2295 691 non
2312 643 2417 692 effe.

184 680 322 711 Gellius.

2225 733 2269 766 ²7
2292 725 2424 791 Ipsae

276 475 295 507 4

185 733 278 754 xvu.
307 731 356 753 21.

185 766 267 795 Salv,
286 775 312 794 x.
330 765 370 796 de

185 806 260 848 gub.
283 810 322 838 D.

187 848 307 880 Meurs.
330 849 369 881 de

189 893 294 924 Luxu.

406 895 462 923 re,
489 890 592 929 neque
607 879 716 923 facere
744 873 920 923 quicquam
936 868 1026 920 pensi
1055 866 1205 905 babebat.
1258 864 1307 903 Et
1326 862 1387 901 alii

405 932 522 978 saepe.
576 928 669 975 Penfi
685 925 801 962 habere
821 926 876 960 vel
893 922 1025 964 ducere,
1053 919 1152 957 idem
1183 916 1254 960 est,
1282 914 1387 965 quod

406 977 646 1030 Qyzw'onffl
680 976 856 1026 dist-ornere
879 1003 889 1019 ‚
918 969 1114 1024 perpendere
1136 997 1147 1014 ,
1194 969 1386 1015 aestimare,

407 1034 520 1082 magni
534 1033 642 1077 facere
656 1057 665 1073 ‚
689 1026 891 1078 ponderare,
918 1024 1027 1067 τιμὶἐν,
1080 1022 1172 1058 VOX
1192 1017 1386 1069 indignum,

411 1083 432 1120 e
465 1082 604 1119 dietatis
635 1080 786 1128 alicujus
813 1074 1053 1124 ludimagistri
1072 1070 1172 1110 haud
1203 1070 1317 1107 dubio
1336 1068 1388 1106 as-

406 1135 483 1171 suta
504 1135 563 1170 est.
591 1132 731 1168 PIGH.
777 1134 851 1164 Nec
863 1127 955 1177 penfi
973 1124 1117 1161 duxerat
1131 1151 1140 1167 ‚
1167 1120 1281 1170 iisdem
1302 1123 1389 1156 ima—

401 1185 540 1236 ginibus
562 1181 715 1231 adfiribi.
743 1181 833 1217 Vox
854 1180 891 1215 in
911 1176 1091 1226 plerisque
1121 1173 1217 1211 libris
1237 1172 1390 1220 interje-

411 1237 466 1273 cssta
477 1250 487 1279 3
517 1248 571 1270 nec
586 1231 758 1283 indignam
773 1231 862 1280 penfi
882 1227 1025 1265 duxerat
1038 1255 1048 1272 ‚
1061 1237 1123 1263 me
1144 1223 1279 1262 arbitro
1291 1233 1390 1267 ‚non

413 1284 649 1329 emovenda,
676 1283 735 1321 sed
766 1282 868 1319 velut
898 1278 1120 1318 exclamatio
1148 1274 1309 1313 seorsum
1331 1284 1392 1310 ca-

411 1336 570 1386 pienda,
599 1347 685 1372 cum
715 1337 886 1381 vulgata,
913 1331 939 1368 fi
965 1330 1106 1379 placet,
1134 1323 1391 1376 parentheseos

415 1396 517 1425 nota.
569 1391 644 1422 Nec
679 1382 926 1433 (indignum'.)
959 1381 1048 1430 pensi
1072 1377 1227 1415 duxerat.
1278 1376 1394 1414 Vale-

417 1441 490 1476 rius
502 1439 540 1475 ὃς
554 1439 732 1474 Annaeus
744 1437 871 1472 Florus
891 1433 984 1470 haec
1002 1431 1086 1469 talia
1107 1429 1278 1477 usurpant
1291 1427 1393 1472 ,imo

419 1489 607 1527 adfeeiant
638 1489 754 1536 saepe.
791 1484 911 1522 LIPS.
962 1487 1037 1519 Nec
1058 1481 1160 1530 penfi.
1197 1479 1292 1517 Edit.
1317 1479 1396 1514 Ve-

417 1548 495 1578 net.
524 1543 593 1576 Nec
611 1537 745 1588 dignum
760 1537 860 1586 pensi.
890 1535 992 1572 Hinc
1013 1533 1169 1569 libenter
1190 1528 1398 1579 amplector

421 1590 536 1640 Lipsii
557 1579 852 1627 corrediionem:
878 1591 952 1622 Nec
980 1581 1200 1633 (indignum)
1228 1582 1317 1631 penfi
1338 1578 1401 1616 dn-

422 1654 531 1679 xerat.
560 1641 757 1678 COLER.
807 1643 882 1674 Nec
896 1637 987 1686 pensi
1007 1635 1160 1671 duxerat.
1188 1632 1306 1670 Aldus
1326 1631 1403 1669 edi-

420 1693 526 1730 derat
540 1721 549 1735 ‚
580 1694 645 1728 Nec
669 1689 841 1741 indignum
856 1689 947 1738 penfi
967 1685 1122 1723 duxerat.
1159 1685 1211 1722 At
1232 1683 1379 1732 Pighius
1393 1710 1404 1727 ,

425 1743 528 1794 quod
540 1743 584 1780 ab
597 1743 783 1785 omnibus,
795 1752 887 1789 quos
900 1738 1006 1782 vidit,
1020 1736 1128 1774 codd.
1142 1742 1300 1782 excepto
1310 1746 1404 1777 uno,

424 1796 597 1845 indignum
624 1791 742 1830 abeffe
772 1786 989 1828 observasset
1011 1816 1021 1831 ,
1060 1784 1348 1835 expungendum
1368 1783 1407 1820 id

421 1846 616 1896 judicavit.
647 1843 773 1881 Habet
793 1850 921 1879 tamen
943 1838 1118 1877 codicum
1141 1835 1273 1874 Brand.
1294 1846 1402 1877 unus;

429 1899 467 1934 ἂ
490 1906 594 1934 vetus
612 1895 704 1932 item
725 1893 839 1930 editio
860 1894 971 1929 Mart.
996 1889 1150 1937 Herbip.
1179 1888 1262 1925 Nec
1284 1885 1406 1923 multo

428 1948 531 1985 aliter
551 1946 667 1984 editio
692 1941 1034 1990 Chalcocondylae.
1088 1940 1182 1976 Sane
1203 1936 1345 1986 Lipsius
1370 1938 1408 1974 &

430 1999 587 2037 Colerus
618 1996 786 2047 indignum
818 1996 975 2032 mininie
1008 1988 1320 2040 expungendum,
1347 1987 1409 2024 sed

430 2051 532 2089 velut
560 2048 870 2086 exclamationem
901 2043 1061 2082 seorsum
1085 2040 1308 2091 capiendum
1337 2036 1409 2075 effe

430 2102 580 2139 censent
594 2129 603 2144 ‚
622 2111 707 2137 cum
728 2098 873 2146 vulgata
890 2124 899 2140 ,
919 2095 944 2132 fi
966 2094 1108 2143 placeat
1121 2121 1130 2137 ‚
1149 2090 1409 2141 parentheseos

432 2161 544 2197 nota,
571 2152 647 2188 hoc
673 2149 816 2192 modo,
851 2152 924 2183 Nec
954 2144 1173 2196 (indignum)
1197 2142 1287 2192 pmfi
1308 2140 1411 2176 duxe-

431 2215 517 2239 rat:
557 2202 642 2251 quia
673 2200 842 2237 Valerius
875 2199 912 2236 &
935 2197 1064 2234 Florus
1094 2194 1179 2231 talia
1217 2194 1415 2241 usurpent,

433 2254 515 2291 imo
549 2251 723 2290 affeetent
752 2251 869 2299 saepe.
920 2247 1018 2294 Penfi
1050 2246 1162 2282 ducere
1182 2244 1283 2281 idem
1311 2242 1417 2292 quod

435 2305 521 2354 pensi
550 2303 665 2339 habere
692 2301 790 2350 apud
821 2298 1022 2338 Sallustium
1051 2298 1089 2334 ὃς
1117 2296 1208 2333 alios
1237 2323 1248 2338 ‚
1284 2293 1321 2331 id
1345 2293 1417 2337 est,

439 2356 654 2398 aestimare,
682 2351 907 2401 perpendere
930 2378 941 2394 ‚
975 2347 1193 2398 ponderare.
1221 2344 1417 2383 VORST.

442 2408 514 2443 Nec
545 2404 717 2452 indignum
742 2403 829 2452 pensi
858 2400 998 2437 duxerat
1014 2427 1023 2443 ‚
1051 2399 1100 2436 est
1120 2399 1157 2434 in
1175 2397 1287 2445 longe
1307 2395 1420 2444 pluri-

449 2458 513 2494 bus
547 2452 656 2494 MSS.
694 2456 732 2490 in
763 2453 934 2489 omnibus
963 2461 1101 2497 nempe
1129 2447 1234 2484 Med.
1262 2455 1421 2495 utroque

451 2507 557 2545 Barb.
574 2506 654 2543 trib.
677 2503 785 2541 Leid.
806 2515 884 2539 uno
910 2500 1039 2546 Ultraj.
1058 2498 1168 2536 tribus
1189 2499 1300 2535 Rem.
1319 2497 1424 2534 Harl.

451 2556 557 2595 Voss.
584 2558 672 2595 Vnt.
722 2558 791 2591 Nec
822 2551 991 2601 indignum
1020 2551 1155 2599 aequali
1180 2546 1319 2596 pondere
1336 2549 1425 2596 pensi

449 2609 606 2646 duxerat.
634 2606 741 2644 Leid.
767 2605 834 2642 sec.
860 2604 994 2651 dignum
1019 2601 1118 2650 pensi.
1155 2599 1223 2636 Bit.
1254 2598 1361 2646 prim.
1389 2601 1428 2636 ὃς

452 2661 501 2698 sic
521 2660 623 2697 dedit
642 2657 838 2696 Oliverius.
890 2655 946 2691 Ut
965 2656 1010 2698 τῷ
1029 2650 1145 2701 dignus
1171 2651 1344 2698 jungatur
1363 2660 1430 2697 ge-

454 2713 590 2749 nitivus
612 2739 622 2755 ‚

454 2829 602 2850 avorum.
641 2812 789 2849 Notum
813 2797 966 2846 est‘cum
989 2803 1149 2842 secundo
1171 2803 1252 2840 casu
1268 2802 1345 2839 hoc
1366 2802 1428 2839 ad-

450 2865 633 2915 jeeiivum
661 2862 778 2911 jungi.
831 2859 929 2897 Vide
961 2857 1016 2894 Cl.
1036 2856 1208 2893 Burman.
1240 2853 1285 2891 ad
1306 2854 1429 2902 Quin—

459 2917 507 2954 til.
530 2917 575 2952 L.
601 2927 630 2951 1.
658 2928 688 2962 5.
709 2926 743 2961 p.
768 2924 824 2960 52.
860 2910 921 2948 sed
941 2909 1014 2946 hoc
1038 2907 1153 2955 magis
1184 2905 1304 2954 po‘e'tis
1336 2916 1429 2944 con-

461 2969 569 3005 venit.
608 2965 690 3002 Sen.
720 2965 835 3000 Herc.
861 2962 944 2999 Fur.
977 2972 1062 3009 957.
1100 2959 1237 3007 Dignus
1269 2955 1430 2996 ,Alcidae

456 3020 558 3056 labor.
596 3017 657 3054 ubi
685 3023 813 3052 tamen
842 3020 997 3051 notante
1018 3009 1218 3047 Gronovio
1240 3009 1288 3045 N.
1309 3007 1430 3045 Hein-

460 3070 526 3109 sius
558 3067 716 3107 malebat
745 3064 896 3106 Alcida.
962 3065 1089 3113 Quare
1117 3059 1143 3099 si
1171 3059 1344 3112 indignum
1370 3060 1432 3099 hic

671 2720 748 2758 quo
777 2706 928 2744 inclinat
960 2704 1071 2740 etiam
1100 2699 1290 2738 Asccnfius
1316 2700 1429 2738 citans

452 2763 700 2811 Virgilianum
712 2759 787 2796 hOC
796 2761 1006 2806 Magnorum
1015 2751 1103 2789 baud
1118 2766 1263 2802 unquam
1275 2749 1430 2800 indignus

1438 862 1588 901 retineri
1611 860 1825 905 convenit,
1861 856 2022 896 omnino
2054 855 2122 892 erit
2154 853 2340 903 positum,
2378 863 2420 894 ut

1441 913 1584 962 Lipsius
1612 911 1802 961 judicabat
1823 939 1834 956 ‚
1868 921 1935 958 per
1971 906 2131 944 modum
2164 905 2424 952 exclamandi,

1441 964 1826 1054 quiAindignationem
1848 960 1997 998 indicet.
2038 959 2094 996 Ut
2114 955 2213 1006 apud
2236 955 2353 996 Ovid.
2375 957 2422 997 L.

1447 1030 1478 1056 1.
1536 1028 1586 1053 m.
1637 1045 1644 1052 .
1671 1028 1700 1052 1.

1491 1087 1659 1134 Janitor‚
1687 1083 1858 1135 indignum
1871 1111 1881 1128 ,
1907 1081 1992 1120 dura
2012 1082 2153 1131 religate
2173 1091 2301 1118 catena.

1441 1168 1497 1204 Ut
1519 1167 1617 1204 reete
1636 1165 1685 1202 ibi
1705 1164 1855 1203 restituit
1876 1164 1976 1202 idem
2000 1163 2101 1202 Nob.
2123 1161 2308 1200 Heinfius.
2354 1159 2425 1197 Vi—

1444 1217 1490 1255 de
1519 1219 1557 1256 &
1589 1217 1713 1254 Gifan.
1745 1215 1825 1254 Ind.
1857 1216 2008 1253 Lucret.
2040 1227 2074 1263 p.
2101 1213 2186 1260 480.
2212 1211 2429 1250 Perizonius

1446 1268 1691 1317 conjiciebat,
1718 1266 1889 1316 indignum
1917 1278 1978 1303 aut
2006 1266 2095 1314 pensi
2119 1293 2128 1309 ,
2166 1264 2228 1302 vel
2257 1262 2432 1314 indignum

1440 1321 1583 1370 penfive.
1637 1319 1682 1356 In
1700 1318 1774 1356 fine
1803 1330 1872 1367 pro
1893 1317 2033 1367 adscribi
2060 1315 2158 1354 Ultr.
2188 1316 2257 1353 sec.
2286 1315 2434 1364 proscri-

1445 1372 1518 1407 bere
1540 1381 1629 1408 cum
1646 1369 1716 1407 Ed.
1741 1371 1849 1418 Mog.

1496 1434 1556 1460 21.
1584 1419 1705 1469 lesdem
1723 1420 1924 1471 imaginibus
1947 1417 2109 1468 adscribi]
2139 1418 2203 1466 Jus
2223 1416 2436 1465 imaginum

1450 1475 1650 1512 Romanae
1682 1472 1882 1510 nobilitatis
1911 1472 2103 1520 proprium
2136 1470 2226 1507 fuit:
2262 1467 2437 1516 imagini-

1451 1525 1589 1574 busque
1599 1524 1758 1562 nomina
1769 1535 1810 1561 ac
1824 1535 1878 1560 res
1889 1523 2008 1570 gest-ae
2022 1520 2327 1558 adscribebantur.
2348 1520 2437 1557 Hac

1452 1578 1596 1615 ratione
1617 1586 1707 1624 ergo
1728 1577 1765 1613 ὃ(
1785 1573 2005 1621 imaginibus
2026 1571 2227 1609 Flaminini
2257 1569 2438 1608 ascriben-

1453 1629 1543 1667 dum
1566 1635 1643 1665 erat
1665 1625 1771 1676 quod
1792 1625 1921 1663 oculos
1942 1622 2144 1661 meretricis
2164 1621 2339 1672 supplicio
2368 1621 2440 1659 ho-

1457 1680 1567 1717 minis
1589 1678 1726 1726 captivi
1747 1674 1912 1725 paviffet.
1938 1673 2137 1712 VORST.
2457 1715 2461 1719 ,

1508 1742 1569 1766 22.
1604 1732 1647 1765 Et
1676 1731 1762 1779 regis
1788 1728 1936 1777 Philippi
1962 1727 2124 1775 supplices
2140 1721 2278 1773 manus]
2305 1721 2443 1770 Philip=

1458 1793 1548 1830 pum
1574 1791 1700 1828 regem
1725 1778 1976 1817 Macedoniae
1997 1776 2241 1824 T.Quintius
2263 1773 2442 1812 Flamini-

1459 1844 1526 1869 nus
1546 1830 1634 1868 vicit
1648 1859 1658 1874 ‚
1685 1838 1726 1868 ut
1747 1842 1791 1867 ex
1810 1830 1868 1867 lib.
1886 1841 2023 1866 xxxin.
2051 1828 2154 1866 Livii
2174 1835 2323 1865 notum.
2376 1825 2444 1862 In-

1462 1883 1644 1920 decorum
1661 1881 1772 1930 igitur
1791 1889 1891 1925 erat,
1918 1879 2045 1917 iisdem
2068 1878 2289 1928 imaginibus
2313 1875 2448 1927 quibus

1460 1935 1536 1971 hoc
1561 1932 1829 1982 apponendum
1850 1938 1950 1974 erat,
1980 1932 2018 1968 ὃ(
2037 1930 2154 1967 fratris
2181 1930 2227 1965 L.
2249 1928 2449 1966 Flaminini

1463 1985 1628 2028 facium,
1656 1996 1734 2032 quo
1756 1984 1795 2020 in
1825 1983 1981 2031 gratiam
2009 1979 2248 2018 mulierculae
2280 1979 2447 2026 aliquem

1464 2035 1511 2073 ad
1529 2035 1747 2084 supplicium
1770 2034 1845 2082 rapi
1864 2030 2039 2083 jufferat,
2068 2030 2232 2068 adscribi.
2249 2028 2455 2066 VORST.

1463 2086 1577 2124 Multi
1606 2086 1714 2124 MSS.
1742 2085 1870 2134 afiribi.
1923 2083 2103 2120 Ceterum
2134 2079 2354 2129 imaginibus
2381 2077 2448 2117 ad-

1465 2137 1709 2175 scribebantur
1729 2135 1882 2186 quidem
1905 2134 2061 2172 nomina
2074 2161 2084 2177 ,
2110 2132 2208 2169 tituli
2227 2131 2424 2168 honorum
2442 2158 2454 2175 ,

1467 2190 1505 2227 &
1534 2188 1776 2227 vietoriarum
1802 2217 1813 2233 ,
1851 2186 1914 2224 sed
1942 2194 2185 2234 nequaquam
2217 2190 2258 2220 ut
2286 2181 2456 2231 supplicii

1468 2251 1623 2290 quoque
1653 2239 1788 2287 sumpti
1819 2237 1865 2275 de
1892 2237 2018 2286 aliquo
2047 2234 2153 2273 fieret
2186 2233 2343 2271 mentio.
2398 2234 2455 2271 Ut

1470 2291 1618 2328 Audor
1643 2291 1704 2327 hic
1723 2289 1898 2339 loquatur
1924 2285 2133 2325 admodum
2155 2284 2384 2335 improprie,
2414 2285 2455 2322 δί

1472 2341 1650 2390 significet
1685 2340 1848 2389 ejusdem
1882 2338 2045 2377 familiae
2082 2337 2255 2375 homines
2291 2336 2452 2374 alterum

1473 2392 1658 2431 nobilitari
1681 2392 1872 2430 clariffima
1902 2390 1948 2428 de
1968 2387 2140 2438 Philippo
2158 2387 2336 2432 victoria,
2365 2386 2458 2423 alte-

1473 2457 1556 2482 rum
1592 2443 1770 2492 flagitiosa
1800 2442 1915 2480 caede
1945 2440 2080 2489 captivi
2099 2440 2137 2477 in
2158 2440 2316 2486 gratiam
2335 2448 2460 2475 mere-

1472 2496 1582 2552 tricis.
1618 2495 1789 2532 Perizon.
1818 2491 2019 2542 explicabat
2050 2488 2190 2540 adfiribi
2216 2489 2240 2527 i.
2271 2500 2302 2526 e.
2329 2487 2462 2532 tribui,

1476 2546 1664 2596 imputari.

1527 2610 1588 2648 23.
1616 2595 1808 2645 Luscinius]
1838 2593 2026 2643 Agellum,
2056 2594 2095 2632 δε
2116 2590 2301 2642 quaedam
2325 2588 2460 2627 editio-u

1479 2661 1543 2686 nes
1572 2647 1794 2686 Valerianae
1822 2649 1998 2683 Lacinium
2027 2644 2222 2695 appellant.
2301 2641 2462 2677 Lucinam

1482 2699 1635 2750 quidem
1656 2698 1790 2735 Latine
1814 2697 1884 2735 dici
1905 2698 2004 2735 recle
2025 2705 2118 2746 puto
2133 2724 2143 2740 ,
2171 2702 2213 2731 ut
2233 2693 2372 2728 Lucina.
2412 2691 2461 2728 Et

1483 2750 1580 2800 apud
1599 2749 1842 2787 Prudentium
1866 2751 2010 2785 Lucinae
2035 2748 2144 2784 borae.
2198 2742 2267 2781 Sed
2287 2743 2325 2779 &
2348 2744 2465 2788 Lufii·

1483 2817 1544 2838 nus
1576 2802 1614 2838 in
1643 2802 1758 2838 veteri
1790 2799 1974 2839 Gloffario
2005 2806 2126 2837 extat:
2156 2797 2312 2843 Luftinus
2342 2792 2465 2834 ἀηδῶν.

1483 2853 1674 2891 COLER.
1727 2852 1879 2902 Ubique
1911 2852 1987 2888 fere
2008 2856 2224 2896 corruptum
2253 2842 2324 2882 effe
2346 2845 2464 2892 Lusciw

1481 2906 1529 2940 nii
1560 2916 1725 2948 nornen,
1755 2905 1791 2941 in
1822 2905 1977 2946 Lu-cinii,
2004 2901 2064 2939 vel
2095 2900 2252 2940 Lucina,
2282 2907 2368 2933 cum
2396 2906 2464 2932 ve-

1482 2957 1558 2993 niat
1576 2969 1596 2993 a
1610 2959 1710 3005 Laſso
1726 2985 1736 3000 ‚
1763 2954 1909 2993 notavit
1925 2954 2028 3001 Pigh.
2048 2951 2093 2990 ad
2113 2952 2161 2989 A.
2184 2948 2289 2987 U.C.
2302 2957 2462 2985 cnrxxr.

1484 3006 1644 3045 Codices
1665 3007 1817 3057 quidam
1838 3006 1931 3042 clare
1950 3004 2106 3054 Lufiinii.

1533 3070 1590 3106 24
1621 3062 1743 3096 Decem
1766 3054 1892 3110 pondo]
1923 3056 2006 3096 Lib.
2037 3056 2134 3094 Dan.
2155 3057 2202 3093 X.
2220 3055 2260 3091 P.
2288 3047 2465 3137 Solebaint

2328 3111 2405 3150 pon
2432 3110 2474 3137 εε-
