2516 3509
320 150 426 222 846
575 130 975 199 VALERII
1036 123 1416 186 MAXIMI
1465 123 1593 180 Lm.
1617 122 1722 180 IX.
1765 120 2039 183 Ciam.

321 250 470 301 valido
505 245 673 295 affeetu
706 242 873 307 rapior.
945 246 982 277 ³¹
1025 237 1147 297 Qis
1187 233 1310 281 enirn
1354 227 1582 276 amicitiae
1626 227 1718 276 fide
1761 229 1964 277 extincta
1998 242 2140 294 genus
2174 224 2337 273 huma-

319 347 430 379 num
466 327 664 374 cruentis
700 325 747 370 in
780 319 978 368 tenebris
1013 316 1198 379 sepelire
1233 322 1450 359 conatum
1474 343 1488 368 ,
1533 307 1763 372 profundo
1811 309 1988 356 debitae
2033 306 2335 356 execrationis

319 405 417 451 satis
452 400 718 449 efficacibus
747 397 895 445 verbis
931 391 1172 458 adegerit?
1223 389 1306 435 Tu
1336 384 1552 432 videlicet
1591 391 1633 422 3²
1672 383 1882 430 efferatae
1915 384 2143 431 barbariae
2176 384 2338 429 imma-

323 487 465 533 nitate
499 479 811 530 truculentior
865 483 906 513 33
947 475 1138 521 habenas
1170 466 1376 517 Romani
1412 465 1633 528 imperii,
1678 481 1786 529 quas
1822 464 2064 527 princeps,
2095 463 2340 528 parensque

330 563 479 610 noster
514 560 691 608 salutari
722 557 908 603 dextera
944 553 1182 609 continet,
1218 562 1378 610 capere
1411 545 1631 608 potuisti?
1668 551 1715 583 34
1742 545 1838 607 Aut
1872 556 1919 589 te
1953 556 2173 608 compote
2212 543 2338 590 furo-

330 643 414 701 ris,
446 642 494 687 in
528 639 606 685 suo
641 637 754 682 statu
789 631 986 680 mundus
1020 624 1272 676 mansisset?
1312 632 1351 663 35
1392 621 1573 670 Urbem
1609 621 1634 668 ἶι
1671 621 1816 668 Gallis
1850 632 2058 683 captam,
2092 620 2139 668 &
2163 635 2338 668 trecen-

2269 710 2341 745 to·

334 857 427 894 stum
452 856 564 892 etiam
586 852 692 890 multi
715 851 1115 899 conjurarunt,Dion,
1130 848 1307 889 Tacitus.
1354 845 1426 891 sem
1444 841 1530 878 diem
1552 850 1597 878 2⁷5⁶
1619 840 1776 889 oppressas
1797 840 1833 876 in
1854 840 2028 889 Hispania
2050 839 2236 888 Scipiones,
2260 842 2345 878 Tra-

340 909 501 949 Seneca,
535 906 676 942 Patere.
714 903 954 941 CORRAD.
991 901 1094 938 Male
1122 899 1311 937 Brodaeus
1355 895 1518 941 fintenum
1549 896 1675 935 lacum,
1707 902 1751 928 ef
1775 894 1930 934 Cannas,
1955 899 2028 928 &a
2069 892 2215 928 Omnes
2243 893 2342 930 enim

340 959 449 1002 Misc,
482 971 537 995 11.
565 970 624 1002 27.
657 955 703 992 ad
733 957 899 997 Cinnam,
936 954 999 1002 qui
1026 962 1155 989 contra
1184 952 1313 998 Augu-
1364 946 1439 983 istic
1476 944 1692 994 insigniores
1729 943 1859 992 populi
1890 941 2057 980 Romani
2099 941 2218 979 clades
2246 943 2344 982 bello

340 1011 432 1048 stum
467 1009 727 1056 conjuraverat
755 1006 846 1042 haec
876 1005 1000 1041 refert.
1035 1004 1135 1041 Vide
1156 1003 1312 1040 Bernec.
1372 1006 1540 1045 acceptas
1573 1005 1761 1033 enumerat
1782 1024 1791 1038 ‚
1821 1006 1911 1042 quas
1940 1005 2013 1030 una
2042 993 2175 1030 furiosa
2206 997 2346 1044 cogita-

343 1061 388 1099 ad
415 1061 513 1097 Suet.
542 1071 570 1095 c.
600 1072 656 1101 ro.
684 1056 924 1094 PERIZON.
1372 1049 1477 1085 tione
1503 1048 1677 1096 Sejanum
1709 1043 1989 1095 repraesentaffe
2013 1053 2125 1093 atque
2149 1044 2273 1083 viciffe
2295 1046 2347 1084 di-

395 1124 453 1161 31‚
494 1112 583 1160 Quis
614 1124 699 1144 ‹⁹2sz
730 1110 900 1143 amentiae
928 1105 1000 1154 fide
1041 1107 1190 1141 extinfla
1213 1117 1321 1155 genus
1375 1101 1434 1136 cit.
1489 1100 1634 1135 Verum
1673 1106 1711 1134 ut
1739 1098 1866 1134 lectori
1898 1096 2056 1132 studioso
2093 1095 2247 1143 scopum
2276 1097 2347 1135 hu-

341 1164 520 1198 Immanmn
555 1162 696 1196 cremitis
733 1162 769 1194 1²72
808 1158 947 1193 tenebris
970 1159 1111 1205 sepelire
1149 1153 1319 1203 conatum]
1369 1151 1429 1198 jUS
1459 1150 1622 1198 exempli
1652 1149 1780 1185 Clarius
1802 1147 1986 1196 aperiam,
2015 1158 2125 1195 quem
2149 1149 2269 1185 minus
2295 1158 2346 1186 at-

347 1214 520 1262 lntelligit
556 1212 629 1249 fine
662 1210 775 1247 dubio
806 1210 956 1246 Aelium
989 1209 1165 1256 Sejanum
1186 1237 1196 1252 ,
1235 1207 1320 1256 qui,
1374 1199 1490 1249 tigifl'e
1512 1209 1832 1238 commentatores
1861 1198 1998 1242 video,
2027 1198 2285 1245 cognoscimus
2304 1212 2349 1237 ex

350 1268 435 1302 cum
471 1264 610 1302 amicus
630 1262 832 1300 Tiberii&
852 1271 1073 1297 arcanorum
1105 1260 1182 1308 ejus
1212 1257 1323 1306 parti·
1375 1253 1522 1290 historia
1554 1251 1748 1288 Valerium
1791 1251 1866 1287 hoc
1901 1250 1989 1287 loco
2018 1248 2229 1287 inveclivae
2265 1252 2350 1288 suae

349 1329 431 1364 ceps
467 1313 586 1354 fuiffet
606 1343 616 1359 ,
655 1313 772 1350 subito
803 1313 838 1348 in
866 1313 1055 1348 summum
1086 1311 1163 1359 ejus
1194 1308 1321 1346 odium

353 1367 493 1405 incidit.
544 1367 590 1403 Et
607 1374 756 1414 apparet
782 1363 891 1405 hinc,
921 1362 1113 1399 Valerium
1138 1361 1214 1409 post
1234 1359 1324 1396 Vel-

347 1420 463 1468 leium
499 1417 735 1455 Paterculum
774 1413 951 1461 scripsisse.
996 1414 1055 1450 hic
1097 1414 1194 1449 enim
1231 1412 1324 1460 Seja·

350 1483 402 1508 no
437 1478 569 1518 utpote
609 1468 728 1506 adhuc
774 1466 947 1514 superstiti
995 1464 1101 1502 valde
1148 1463 1327 1501 adulatur.

349 1523 546 1558 VORST.

405 1585 462 1621 32.
501 1568 674 1622 Efferatae
699 1570 876 1606 barbariae
911 1567 1123 1603 immanitate
1161 1566 1327 1601 truculen-

354 1623 438 1672 tior]
469 1623 600 1670 L'ltraj.
628 1622 694 1658 see.
714 1621 819 1658 Leid.
841 1621 926 1657 sext.
947 1619 1018 1656 Bit.
1037 1618 1144 1666 prim.
1167 1618 1203 1653 ἃ
1224 1616 1328 1654 Harl.

352 1673 505 1725 Effer-ata
541 1673 718 1710 barbariae
754 1677 965 1708 jmmanztate
993 1671 1221 1706 truculentior.

408 1738 467 1775 33.
497 1726 660 1761 Habenas
685 1725 832 1772 Romani
850 1721 1000 1771 imperii]
1032 1720 1110 1756 MS.
1137 1718 1248 1768 indigi
1267 1719 1330 1754 im-

351 1781 437 1827 perii
465 1777 501 1813 id
530 1776 576 1813 est
603 1774 762 1824 indigem.
791 1786 868 1810 non
890 1772 996 1810 male,
1036 1771 1082 1807 sic
1103 1770 1200 1806 enim
1226 1770 1329 1818 supra

356 1828 556 1877 saepillime
584 1827 778 1864 habuimus
800 1826 1021 1874 alienigenas.
1044 1823 1128 1858 vide
1147 1833 1242 1866 quae
1261 1832 1330 1857 no-

357 1888 526 1917 taveram
557 1878 601 1916 ad
628 1890 684 1915 rv.
706 1878 740 1913 6.
767 1877 850 1913 Ext.
883 1889 912 1911 1.
943 1873 1111 1920 intelligit
1132 1880 1257 1908 autem
1282 1875 1332 1907 in-

357 1931 514 1980 digenum
541 1931 714 1975 imperium
741 1927 835 1964 urbis
856 1928 1003 1963 Romae
1018 1926 1054 1961 &
1069 1922 1194 1961 Italiae
1211 1948 1219 1963 ,
1240 1934 1331 1960 mox

364 1983 464 2019 enirn
497 1982 658 2030 sequitur
689 1979 734 2016 de
764 1987 849 2015 toto
884 1975 1061 2019 mundo,·
1100 1985 1238 2022 nempe
1269 1974 1332 2023 qui

362 2042 438 2070 erat
457 2032 634 2081 subjeetus
652 2030 811 2079 imperio
834 2030 1028 2066 Romano.
1056 2035 1096 2063 ut
1123 2024 1220 2062 dicat
1243 2036 1329 2061 eum

365 2096 489 2131 neque
516 2086 665 2121 Romae
692 2082 876 2130 imperare
902 2109 911 2124 ,
941 2089 1063 2128 neque
1089 2076 1159 2114 toti
1189 2076 1332 2113 mundo

365 2134 477 2185 polle.
532 2139 713 2182 Romanu-m
742 2132 900 2180 opponit
927 2130 1005 2168 satis
1038 2126 1235 2177 magnifice
1263 2142 1334 2164 cae-

365 2199 434 2223 tero
461 2185 590 2221 mundo.
625 2183 869 2222 PERIZON.

421 2251 465 2287 34
502 2236 612 2273 Haud
630 2247 660 2272 te
678 2246 818 2284 compote
843 2233 967 2279 furoris
990 2232 1025 2267 in
1052 2233 1108 2274 [ιιο
1133 2232 1223 2275 statu
1244 2244 1333 2266 mun-

366 2287 426 2325 dus
449 2288 629 2336 manfiſjetj
657 2288 697 2324 In
719 2282 950 2323 Atrebatensi
973 2291 1083 2332 atque
1104 2282 1213 2318 etiam
1227 2281 1338 2318 Gem-

367 2339 523 2377 blacenfi
555 2339 740 2387 eleganter
768 2338 860 2374 haec
891 2347 953 2384 per
985 2333 1345 2381 interrogitionem,

370 2396 461 2431 estut
486 2402 519 2426 te
546 2402 688 2438 compote
701 2392 824 2435 furoris
845 2391 880 2423 in
895 2390 956 2433 suo
966 2387 1062 2432 statu
1084 2382 1223 2420 mundus
1246 2399 1341 2420 man-

362 2442 485 2490 fiffet?
513 2441 571 2479 Sic
591 2440 792 2480 Terentius
813 2439 849 2475 in
869 2437 1072 2474 Eunucho.
1091 2441 1183 2474 ,Aut
1207 2449 1264 2486 ego
1286 2450 1341 2473 ne-

359 2493 506 2541 sciebam
534 2497 687 2543 quorsum
715 2504 750 2526 tu
783 2490 875 2525 ires?
901 2488 1043 2525 PIGH.

421 2557 481 2594 35.
510 2544 627 2581 Urbem
646 2543 665 2578 ἂ
687 2544 802 2579 Gallis
820 2550 950 2587 captam
965 2566 974 2581 ‚
1003 2547 1272 2573 &trecentorum
1293 2536 1345 2572 in·

370 2597 480 2644 clytae
492 2598 610 2645 gentis
627 2597 774 2631 virorum
795 2594 904 2641 strage
925 2588 1120 2635 foedatam,
1144 2588 1343 2634 &Iliensem

375 2646 481 2697 diem]
512 2648 554 2685 In
577 2646 759 2684 veteribus
787 2643 882 2679 libris
903 2641 1102 2681 habemus,
1138 2641 1248 2688 strage
1276 2640 1344 2680 foe-

373 2697 513 2740 datum,
544 2700 748 2746 Vtilltensem
775 2694 884 2738 diem,
912 2691 1011 2729 refte
1032 2689 1264 2738 dispuncstatis
1290 2689 1344 2726 lO-

376 2751 447 2793 cis;
475 2751 562 2787 licet
582 2748 761 2787 mendose
788 2746 961 2794 scriptum
989 2741 1055 2785 sit,
1084 2744 1198 2791 strage
1223 2738 1341 2786 foeda-

377 2810 448 2836 tum
464 2830 473 2846 ,
501 2813 584 2839 cum
608 2800 739 2838 debeat
758 2796 882 2838 scribi,
910 2798 1051 2845 stragem
1070 2791 1211 2836 foedam.
1240 2791 1340 2829 Con—

376 2851 442 2889 stat
472 2854 571 2890 enim
604 2851 720 2900 ipsum
751 2848 857 2898 loqui
885 2846 978 2883 velle
1007 2855 1085 2882 non
1117 2843 1162 2880 de
1190 2842 1341 2881 Allienfi

373 2903 519 2950 proelio
549 2902 608 2940 sed
631 2899 875 2940 Cremerensi*
906 2898 942 2935 in
972 2908 1048 2945 quo
1071 2895 1226 2932 trecenti
1251 2894 1342 2942 ejus-

374 2953 461 2991 dem
481 2955 598 3004 gentis
620 2954 761 2992 nobiles
779 2951 880 2990 Fabii
900 2948 1078 2986 cecidere.
1118 2945 1340 2994 Legenduin

367 3007 494 3056 itaque
518 3006 708 3048 existimo,
733 3001 887 3041 orbem‘a
911 3001 1025 3037 Gallis
1043 3007 1198 3047 captam,
1216 3006 1322 3034 &tre

365 3069 532 3096 centorum
553 3057 696 3105 inclytae
706 3057 824 3109 gentis
838 3057 986 3105 stragem
1001 3049 1159 3098 foedam,
1187 3049 1341 3091 ,Allien-

1378 1315 1601 1341 mucronem
1628 1303 1800 1350 stringere
1829 1301 1997 1338 adversus
2028 1301 2075 1337 L.
2100 1301 2253 1339 Aelium
2288 1303 2351 1340 Se-

1373 1356 1505 1405 janum
1531 1354 1689 1393 Tiberio
1711 1353 1854 1390 Caesari
1872 1352 1967 1400 prius
1989 1351 2236 1390 familiaritate
2258 1365 2350 1390 con-

1374 1407 1642 1456 jund'tiffimum
1658 1433 1668 1449 ,
1694 1405 1755 1442 secl
1783 1404 1906 1453 postea
1924 1402 1973 1440 ob
1991 1403 2208 1452 suspiciones
2228 1405 2354 1443 inimi-

1382 1471 1467 1496 cum
1507 1457 1659 1495 fanum.
1713 1458 1841 1504 Quem
1879 1454 2052 1504 principis
2083 1455 2244 1492 amicitia
2273 1456 2354 1494 illu-

1381 1510 1487 1547 strem
1510 1511 1670 1552 fecerat,
1699 1516 1811 1557 atque
1831 1505 1876 1544 ad
1897 1507 2062 1543 summos
2083 1506 2247 1543 honores
2267 1519 2354 1545 eve-

1383 1571 1486 1598 xerat
1502 1588 1510 1598 ,
1537 1560 1632 1598 adeo
1655 1568 1694 1597 ut
1719 1560 1797 1609 ejus
1816 1558 1944 1595 natalis
1963 1557 2108 1605 publice
2136 1558 2239 1595 velut
2259 1559 2355 1596 Cae-

1379 1612 1460 1650 saris
1485 1612 1752 1654 celebraretur,
1781 1610 1915 1647 statuae
1936 1608 2058 1646 omnis
2079 1609 2220 1656 generis
2241 1620 2352 1660 atque

1380 1664 1492 1701 etiam
1518 1675 1650 1701 aureae
1682 1662 1807 1711 paffim
1836 1660 1880 1698 ab
1907 1659 2080 1697 omnibus
2105 1669 2354 1708 ponerentur,

1382 1715 1692 1763 colerenturque,
1721 1722 1835 1762 utque
1856 1711 2007 1750 tandem
2040 1711 2137 1759 apud
2160 1711 2353 1759 senatum,

1383 1778 1617 1814 omnemque
1650 1765 1832 1813 populum
1865 1763 2009 1811 majore
2045 1762 2082 1798 in
2111 1761 2354 1810 auctoritate,

1382 1829 1494 1866 quam
1528 1817 1601 1865 ipse
1624 1816 1798 1853 Tiberius
1828 1812 1926 1851 effet.
1979 1814 2108 1862 Itaque
2129 1814 2238 1851 nimis
2260 1815 2354 1852 exal-

1383 1876 1502 1905 tatum
1528 1900 1532 1907 ,
1576 1869 1733 1915 jamque
1772 1864 2018 1903 metuendum
2045 1892 2054 1907 ‚
2090 1864 2164 1901 astu
2190 1876 2232 1902 ac
2261 1866 2352 1904 dolo

1382 1919 1578 1960 subvertit3
1606 1920 1665 1966 {pe
1698 1918 1838 1955 etenim
1868 1915 2073 1958 affinitatis,
2102 1923 2213 1964 atque
2240 1917 2356 1956 tribu-

1384 1971 1495 2007 nitiae
1518 1969 1703 2018 potestatis
1735 1966 1879 2016 objecta
1907 1966 2108 2014 deceptum
2127 1994 2138 2009 ‚
2188 1967 2355 2018 nihilque

1384 2021 1507 2058 sinistri
1533 2020 1773 2068 suspicantem
1803 2018 1920 2054 subito
1949 2015 2150 2065 aggressus,
2181 2017 2282 2056 velut
2301 2032 2357 2058 res

1384 2084 1501 2110 novas
1532 2071 1725 2109 adversum
1764 2067 2030 2116 rempublicam
2061 2076 2172 2117 atque
2204 2069 2239 2106 se
2271 2082 2358 2109 mo-

1383 2124 1538 2161 lientem
1553 2152 1562 2167 ‚
1588 2122 1700 2170 longa
1724 2121 1760 2158 &
1784 2119 1980 2157 criminosa
2000 2118 2149 2168 epistola
2169 2119 2189 2158 ὲ
2206 2120 2360 2170 Capreis

1390 2174 1477 2223 (ubi
1503 2183 1583 2212 tum
1606 2172 1779 2210 manebat
1801 2170 1997 2219 Tiberius)
2027 2170 2070 2207 ad
2091 2171 2256 2209 senatum
2276 2173 2361 2212 scri-

1389 2234 1451 2275 pta
1488 2224 1727 2263 infensiffime
1763 2223 1956 2261 accusavit.
2011 2221 2162 2270 Sejanus
2192 2234 2284 2261 mox
2313 2225 2359 2263 ab

1392 2277 1566 2316 omnibus
1608 2276 1767 2313 desertus
1798 2271 1895 2321 juffu
1932 2274 2074 2310 senatus
2105 2274 2143 2310 in
2173 2285 2360 2315 carcerem

1392 2338 1513 2377 raptus
1543 2340 1629 2365 cum
1660 2328 1767 2364 omni
1797 2325 1902 2372 stirpe
1930 2336 1973 2361 ac
2002 2323 2141 2362 familia
2167 2326 2364 2367 occiditur.

1394 2380 1587 2418 Cadavera
1615 2378 1740 2416 triduo
1771 2375 1914 2425 publice
1941 2375 2101 2413 ludibrio
2128 2374 2275 2422 habita,
2298 2379 2362 2417 de-

1394 2444 1501 2470 mum
1540 2432 1578 2468 in
1606 2429 1779 2468 Tiberim
1814 2427 1978 2476 projena
2008 2427 2122 2471 sunt,
2163 2428 2201 2465 &
2233 2431 2364 2469 acerba

1395 2482 1584 2533 inquisitio
1613 2488 1744 2518 contra
1771 2479 1847 2528 ejus
1876 2476 2071 2515 familiares
2090 2479 2128 2516 δε
2147 2479 2289 2518 amicos
2314 2482 2364 2519 est

1396 2535 1565 2572 instituta.
1619 2532 1730 2581 Ipsius
1759 2541 1903 2568 nornen
1937 2540 2015 2565 non
2044 2528 2106 2566 diu
2137 2536 2244 2568 antea
2271 2543 2364 2570 con-

1395 2585 1499 2630 stilis,
1525 2594 1718 2634 tamquam
1750 2594 1838 2630 pop.
1868 2582 1983 2618 Rom.
2012 2579 2121 2617 hostis
2151 2579 2171 2618 e
2199 2581 2293 2621 fastis
2322 2596 2366 2622 ac

1398 2636 1656 2675 monumentis
1686 2633 1838 2683 publicis
1867 2631 2006 2669 erasum
2029 2658 2039 2675 ‚
2069 2631 2207 2669 statuae
2235 2635 2364 2682 paffim

1398 2688 1564 2737 deieRae
1588 2695 1699 2736 atque
1726 2684 1929 2727 conflatae,
1956 2690 2068 2730 atque
2099 2685 2286 2723 memoria
2306 2686 2366 2725 de-

1401 2749 1504 2778 creto
1534 2741 1675 2777 senatus
1699 2736 1835 2775 abolita
1864 2735 1924 2772 est.
1979 2734 2147 2784 Illudque
2173 2735 2212 2772 in
2237 2737 2363 2784 causa,

1394 2791 1499 2841 quod
1517 2790 1685 2828 Valerius
1715 2800 1801 2825 eum
1833 2798 1912 2824 non
1937 2785 2131 2830 nominet,
2157 2783 2245 2825 licet
2264 2800 2365 2827 acer-

1394 2843 1439 2880 be
1461 2844 1497 2880 in
1518 2843 1632 2892 ipsum
1649 2869 1659 2885 ‚
1699 2839 1857 2878 Tiberio
1875 2837 2020 2886 placere
2039 2837 2190 2886 cupiens
2212 2866 2223 2881 ,
2256 2840 2365 2879 inve-

1393 2895 1510 2931 hatur.
1563 2893 1730 2941 Ideoque
1751 2891 1863 2927 etiam
1887 2901 1965 2927 non
1984 2887 2087 2925 velut
2114 2888 2238 2926 civem
2267 2891 2363 2928 inter

1396 2945 1596 2983 domestica
1623 2943 1884 2981 sceleratorum
1917 2939 2085 2988 exempla
2110 2967 2121 2984 ,
2164 2940 2226 2978 sed
2260 2941 2361 2979 velut

1392 2997 1536 3034 hostem
1564 2997 1659 3033 inter
1678 2993 1912 3044 peregrinos,
1941 2992 1978 3029 δε
1999 2998 2170 3028 externos
2189 2997 2361 3030 extremo

1393 3048 1483 3087 loco
1513 3047 1686 3086 collocat.
1741 3045 1855 3093 Igitur
1887 3054 1932 3081 ex
1960 3042 2016 3080 his
2043 3041 2156 3080 etiam
2194 3041 2363 3080 animad-

2284 3105 2367 3133 ver-
