2516 3509
667 143 812 199 DE
890 143 1650 207 RELIGIONE.
2097 151 2173 222 29·

162 252 217 300 ad
234 263 364 298 naves
391 246 432 294 ei
463 244 710 304 faciendas,
745 259 909 308 magna
939 260 995 291 ex
1024 257 1151 308 parte
1177 243 1394 292 succisum
1421 244 1605 305 dolens,
1641 245 1925 310 interipsum
1946 244 2168 295 nefarium

162 325 461 376 ministerium
481 321 667 370 devffikis
690 319 891 384 partibus
916 320 1133 379 Antonii,
1170 321 1362 384 imperio
1381 318 1578 365 Caesaris
1598 320 1868 368 destinatum
1903 323 2042 369 morti
2063 324 2167 370 Tu-

157 406 370 463 rullium,
406 399 648 448 manifestis
678 399 873 445 numinis
902 397 966 444 sui
992 397 1161 444 viribus
1201 405 1236 425 ¹¹
1269 414 1375 445 eum
1404 398 1451 443 in
1481 396 1681 455 locum,
1727 414 1862 461 quem
1893 400 2167 463 violaverat,

159 488 318 537 traxit:
360 490 399 510 ¹2
423 479 696 543 effecitque,
733 491 785 526 ut
805 478 867 524 ibi
889 477 1169 542 potissimum
1191 476 1215 523 {i
1232 475 1452 522 militibus
1475 475 1742 521 Caesarianis
1775 476 1970 537 occisus,
2004 480 2168 527 eodem

158 568 328 625 exitio,
363 563 412 609 δί
431 560 589 610 everfis
606 563 699 625 jam
722 558 955 606 arboribus
978 573 1142 621 poenas
1164 556 1333 614 lueret,
1369 554 1418 599 &
1440 553 1587 601 adhuc
1612 562 1649 588 ¹³
1670 553 1980 617 superantibus
2001 558 2167 605 immu-

158 651 347 697 nitatem
370 640 614 689 consimilis
646 636 835 704 injuriae
861 647 1058 700 pareret:
1100 640 1140 667 ¹4
1163 631 1376 695 suamque
1397 632 1764 691 venerationem,
1790 647 1924 695 quam
1945 634 2063 695 apud
2089 652 2168 681 co-

158 730 300 778 lentes
319 723 563 770 maximam
581 718 754 782 semper
775 716 1017 773 habuerat,
1053 714 1181 759 Deus
1203 710 1540 774 multiplicavit.

225 806 467 866 Qautem
488 799 671 847 Fulvius
692 796 884 844 Flaccus
907 796 1095 859 impune
1118 807 1211 838 non
1245 790 1380 850 tulit,
1417 788 1541 853 quod
1570 790 1617 836 in
1636 788 1818 837 censura
1847 790 2021 855 tegulas
2051 806 2166 836 mar·
2185 826 2235 855 An
2250 788 2306 816 ²0-‘

2242 837 2270 857 n.
2285 831 2322 858 U.

1998 884 2169 915 moreas
2187 869 2344 944 {gfff-

2187 953 2275 984 Lact.
2302 962 2345 983 11.
2360 962 2390 987 ,π

213 1040 249 1075 9,
276 1000 504 1069 Consacratum
515 1016 634 1065 templo
649 1014 711 1061 suo
727 1008 848 1060 lucum]
875 1010 958 1047 Fuit
976 1008 1004 1044 is
1023 1007 1060 1044 in
1087 1007 1143 1043 in-
1191 1006 1256 1055 tiq.
1276 1006 1371 1054 typis
1392 1004 1565 1053 expressi,
1592 1005 1749 1043 &MSS.
1769 1005 1851 1043 cod.
1870 1006 2001 1044 Brand.
2026 1006 2174 1056 Pighius

166 1079 239 1118 sula
268 1073 339 1109 Co:
367 1068 428 1106 ubi
454 1068 543 1104 item
580 1065 697 1114 ipsum
725 1062 932 1110 Aesculapii
958 1058 1142 1106 templum

166 1129 246 1167 fuit.
273 1119 468 1159 VORST.
520 1116 698 1154 Meminit
716 1115 823 1162 hujus
851 1110 1012 1154 delubri,
1041 1108 1144 1158 quod

167 1177 299 1228 pariter
320 1171 475 1219 Asylum
496 1168 588 1213 fuit,
615 1168 728 1205 etiam
748 1164 871 1204 Tacit.
901 1165 946 1201 L.
969 1174 1024 1199 rv.
1043 1161 1143 1197 Ann.

170 1244 225 1277 14,
243 1221 488 1263 PERIZON.

222 1304 282 1328 10.
308 1294 365 1329 „A
391 1289 519 1324 Tutilio
541 1285 706 1343 praefessa
732 1280 920 1330 2At3tomi]
959 1281 1150 1317 Turullium
1173 1298 1176 1301 *

170 1350 311 1379 vocant
338 1339 573 1387 manuscripti
600 1337 746 1374 codices
768 1363 777 1378 ‚
815 1337 852 1372 ὃ(
880 1333 985 1370 Dion
1014 1331 1149 1369 Cassius

169 1392 416 1431 Historiarum
434 1390 493 1426 lib.
514 1402 570 1426 LI.
592 1389 631 1425 P.
645 1386 858 1425 Turullium
874 1412 884 1428 ‚
905 1384 1065 1420 referens
1088 1394 1149 1419 ea-

171 1443 258 1481 dctn
288 1445 325 1480 &
354 1453 447 1492 quae
476 1440 518 1477 ad
554 1438 803 1476 illustr-andum
830 1437 905 1472 hoc
933 1433 1147 1482 exemplum

170 1495 377 1544 pertinent;
406 1503 543 1539 nempe
563 1491 657 1527 inter
678 1487 838 1526 Caesaris
865 1485 1050 1523 dietatoris
1070 1497 1152 1533 per-

177 1543 336 1582 cufl'ores
355 1543 597 1592 proscriptum
612 1570 621 1584 ,
640 1539 762 1589 postea
780 1538 877 1575 bello
896 1536 1053 1573 Aulaeo
1072 1548 1153 1584 par-

176 1596 271 1633 tibus
290 1594 449 1633 Antonii
469 1591 663 1629 adhaesisse
678 1620 689 1636 ‚
717 1592 754 1627 8<
773 1589 817 1626 ab
837 1588 972 1625 eodem
998 1588 1077 1636 jani
1097 1587 1152 1623 vi-

179 1647 240 1684 6'to
256 1674 266 1689 ‚
294 1647 332 1683 &
349 1645 504 1694 gratiam
524 1642 665 1680 sibimet
684 1641 870 1678 ambiente
898 1637 1086 1687 proditum
1110 1649 1152 1674 ac

175 1696 352 1736 traditum
372 1694 539 1744 Augusto
562 1691 664 1730 fuisse
679 1721 687 1736 ‚
707 1691 854 1740 ejusque
868 1687 965 1739 juffu
985 1689 1023 1725 in
1040 1689 1153 1726 insula

177 1749 239 1786 Co
259 1747 335 1795 (ubi
354 1746 480 1783 lucum
500 1744 707 1793 Aesculapii
727 1742 836 1778 classis
855 1739 1037 1790 parandae
1057 1740 1156 1777 caus-

174 1799 209 1838 sa
227 1797 448 1844 succiderat)
478 1795 634 1833 velutin
653 1793 853 1832 vindietam
873 1791 1034 1828 numinis
1057 1791 1157 1828 occi-

179 1851 260 1888 sum
280 1846 394 1886 fuiffe.
448 1847 570 1884 Scribe
589 1847 697 1895 igitur
715 1845 754 1881 in
775 1843 929 1881 Valerio
956 1857 1027 1878 eum
1049 1844 1085 1877 in
1104 1844 1156 1878 Iu·

178 1915 249 1938 cum
262 1929 272 1942 ,
299 1912 366 1949 pro
384 1913 455 1935 eum
475 1901 511 1935 in
531 1900 647 1935 locum.
701 1897 827 1945 Atque
847 1906 938 1932 mox
953 1922 962 1936 ‚
989 1891 1162 1943 efficitque

179 1955 279 1988 Deus
297 1963 356 1995 ut‚·
378 1949 551 1999 effecitque
570 1960 620 1986 ut.
671 1947 727 1984 Ita
746 1947 846 1983 enim
865 1945 998 1982 volunt
1017 1952 1161 1982 veteres

177 2003 239 2041 lib.
264 2002 406 2039 PIGH.
468 2000 528 2038 Est
555 2000 619 2049 qui
643 1998 754 2036 habet
783 1998 950 2039 Turulus,
978 1995 1066 2032 alius
1095 1998 1160 2030 Tu-

178 2055 297 2090 mlius.
353 2053 444 2090 Duo
468 2053 641 2095 Turinus,
672 2049 832 2087 ‘totidem
861 2048 1040 2098 Rutilius,
1068 2058 1161 2084 unus

181 2104 296 2143 ctiam
311 2104 481 2141 Turullus.

239 2182 294 2207 11.
321 2174 403 2206 Eum
423 2172 458 2207 in
481 2171 585 2206 locum
615 2182 710 2220 quem
736 2164 954 2213 viola-verat]
988 2165 1042 2202 Ita
1069 2165 1166 2201 anti-

183 2220 334 2269 quiores
350 2222 446 2269 typis
463 2220 635 2269 expressi,
658 2222 696 2257 &
712 2219 820 2256 MSS.
840 2219 931 2254 item
951 2215 1084 2253 Brand.
1104 2215 1164 2252 Pi-

179 2271 288 2319 -ghius
305 2270 504 2318 legendum
534 2278 638 2317 putat
664 2272 781 2304 lucum.
832 2270 977 2304 Verum
1005 2278 1082 2302 non
1110 2266 1164 2301 se-

185 2322 334 2369 quitur,
362 2321 447 2368 quia
465 2320 569 2355 locus
583 2347 592 2361 ,
620 2320 684 2366 qui
703 2318 930 2363 designatur,
957 2317 1058 2351 lucus
1079 2315 1162 2358 fuit,

183 2371 273 2408 ideo
291 2373 397 2406 lucum
418 2372 455 2406 ὃς
471 2368 672 2416 legendum
693 2364 775 2402 ess'e.
825 2365 953 2401 Potuit
971 2364 1070 2400 enirn
1081 2363 1162 2400 Au-

185 2422 269 2459 θεοῖ
305 2420 489 2458 vocabulo
525 2429 624 2455 nunc
657 2415 818 2465 generali
845 2415 919 2457 uti3
956 2415 1161 2463 quoniam,

184 2472 291 2521 quod
310 2473 413 2509 locus
433 2470 495 2507 iste
513 2469 614 2506 lucus
634 2465 752 2504 fuiffet
765 2495 775 2511 ,
797 2468 876 2515 jain
895 2473 982 2502 ante
1011 2464 1161 2502 dixerat.

179 2524 382 2560 ¹VORST.
438 2523 582 2559 Omnes
600 2519 706 2556 MSS.
727 2517 889 2554 retinent
904 2519 1029 2559 locum,
1054 2527 1162 2553 exce-

181 2582 251 2622 pto
271 2586 346 2611 uno
368 2570 541 2609 Leidenfi
562 2572 599 2610 &
618 2570 740 2618 primo
760 2567 945 2605 Barberini
958 2597 967 2612 ‚
995 2567 1057 2617 qui
1074 2566 1162 2605 illud

180 2624 295 2662 habet
313 2625 357 2662 ab
385 2623 450 2660 alia
480 2633 604 2659 manu.
658 2621 857 2657 Caeterum
886 2620 990 2655 Iocum
1015 2618 1162 2656 videtur

187 2676 325 2714 mutari
353 2687 429 2711 non
457 2673 612 2716 debere,
647 2671 825 2720 quoniam
855 2669 992 2707 eodem
1020 2670 1161 2718 prorsus

188 2726 310 2765 modo
337 2725 501 2775 loquitur
528 2723 634 2761 Laet.
661 2723 705 2759 L.
731 2736 785 2760 11.
814 2721 860 2758 de
889 2722 993 2770 Orig.
1021 2721 1098 2758 Err.
1129 2732 1161 2766 7.

186 2780 272 2814 Cum
299 2776 388 2826 apud
417 2779 497 2811 Coos
524 2776 634 2821 everso
654 2774 863 2821 estesculapit’
877 2775 946 2808 luco
971 2772 1098 2820 classem
1115 2773 1165 2818 se-

184 2829 271 2875 ct'ffet
285 2853 294 2868 ,
318 2828 426 2865 eodem
442 2829 550 2875 postea
571 2827 636 2860 loco
655 2823 676 2859 ἂ
695 2824 857 2860 militibus
878 2827 1031 2871 Caesaris
1048 2826 1092 2870 est
1113 2825 1165 2858 in-

185 2881 353 2922 terfeftus.
379 2879 426 2915 Et
437 2880 538 2913 lotum
552 2876 674 2912 dicere
687 2903 696 2918 ‚
711 2875 845 2923 opinor
857 2903 866 2918 ‚
879 2875 1030 2917 maluit,
1043 2885 1157 2923 quain

185 2929 505 2978 lucum‚quoniam
524 2927 582 2964 ille
603 2937 736 2974 magna
755 2933 912 2973 exparte
930 2925 1080 2964 succisus
1091 2936 1157 2973 pro

182 2980 254 3020 luco
276 2979 399 3016 haberi
413 2981 492 3028 jain
512 2979 574 3016 vix
592 2985 748 3026 poterat.

238 3056 293 3085 32..
321 3044 526 3098 Effecitque,
547 3055 585 3084 ut
606 3043 653 3083 ibi
670 3041 879 3096 pottffimum]
895 3044 1083 3086 Itarursus
1101 3055 1166 3084 au-

1196 1056 1325 1106 maluit
1350 1055 1524 1106 effecitque
1554 1059 1661 1092 Deus.
1714 1058 1859 1094 Verum
1888 1057 1923 1092 τό
1945 1061 2032 1094 Deus
2052 1059 2174 1106 super-

1195 1119 1357 1145 vacuum
1377 1108 1436 1144 hic
1456 1107 1525 1144 est:
1556 1108 1593 1144 δε
1615 1107 1744 1145 reelius
1774 1108 1885 1156 paulo
1911 1109 2011 1156 post,
2038 1108 2097 1145 ubi
2118 1109 2175 1145 Pi—

1197 1160 1301 1207 ghius
1321 1159 1498 1207 expunxit
1514 1157 1660 1202 ‚locum
1682 1159 2040 1198 obtinetNORST.
2071 1160 2176 1197 Con-²

1199 1210 1347 1247 firmant
1364 1210 1438 1247 hoc
1457 1221 1588 1247 omnes
1607 1210 1728 1246 nostri.

1255 1273 1310 1310 13.
1337 1259 1576 1311 Superanttbus
1599 1259 1850 1309 impunitatem]
1880 1259 2039 1297 Videtur
2065 1262 2179 1298 hilm-2

1198 1310 1510 1361 letio-legendum
1530 1311 1768 1348 immunitatib.
1836 1312 1918 1347 Nec
1945 1312 2044 1348 enim
2074 1324 2179 1349 ever—

1198 1362 1317 1400 sarum
1337 1370 1482 1399 tantuin
1503 1373 1640 1409 poenas
1660 1362 1704 1398 ab
1725 1374 1771 1398 eo
1792 1362 1937 1409 exigere
1958 1361 2099 1406 voluit,
2119 1363 2180 1400 sed

1201 1414 1313 1450 etiam
1342 1414 1472 1451 stantes
1500 1413 1619 1449 adhuc
1648 1413 1685 1449 ὃς
1712 1411 1862 1449 intactas
1884 1411 1904 1448 a
1924 1411 2029 1449 simili
2050 1414 2182 1461 injuria

1201 1472 1296 1502 tutas
1317 1463 1489 1512 deinceps
1507 1463 1766 1511 immunesque
1786 1463 1974 1512 praestare.
1987 1463 2182 1502 COLER.

1204 1515 1342 1553 „Adbuc
1358 1515 1588 1564 superantibus
1609 1514 1755 1551 arbores
1773 1514 1875 1558 sunt,
1904 1526 1998 1563 quae
2017 1514 2182 1562 super-stim

1201 1574 1254 1603 tes
1282 1566 1402 1603 adhuc
1424 1595 1433 1610 ‚
1469 1565 1630 1602 necdum
1670 1565 1814 1602 eversae
1841 1573 1952 1614 atque
1978 1565 2131 1603 succisae
2159 1566 2183 1603 {t

1204 1617 1378 1654 Turullio
1399 1625 1512 1653 erant.
1541 1617 1719 1652 Ceterum
1739 1628 1807 1665 pro
1822 1615 2053 1666 superantibus
2073 1618 2184 1665 quos-

1205 1668 1289 1705 dam
1311 1667 1420 1705 codd.
1437 1667 1572 1705 habere
1580 1666 1839 1717 superstitibus,
1863 1667 2009 1704 notavit
2034 1667 2184 1716 Pighius

1204 1720 1241 1756 in
1262 1721 1436 1767 margine.
1491 1719 1533 1755 In
1554 1729 1628 1754 uno
1650 1717 1732 1755 cod.
1750 1717 1881 1754 Brand.
1910 1717 1958 1754 est
1983 1717 2087 1754 adbuc
2108 1721 2189 1769 spi-

1206 1771 1379 1806 rantibus.-
1407 1781 1502 1818 quae
1527 1769 1672 1817 scriptio
1693 1770 1730 1806 ὃς
1757 1769 1829 1817 ipsa
1855 1780 1934 1805 non
1960 1769 2185 1818 aspernanda

1209 1820 1377 1859 videtur..
1417 1818 1542 1858 Ess'ent
1572 1829 1696 1857 autem
1725 1820 1870 1857 arbores
1896 1819 2001 1856 adbuc
2015 1823 2190 1870 spirantes

1209 1872 1338 1910 itidem
1358 1871 1440 1910 illae
1455 1900 1464 1915 ‚
1492 1883 1587 1922 quae
1607 1871 1626 1909 ii
1649 1871 1822 1909 Turullio
1842 1883 1921 1908 non
1940 1870 2008 1915 fic,
2021 1879 2061 1908 ut
2079 1871 2187 1916 aliae,

1213 1924 1358 1961 eversae
1387 1932 1500 1960 erant.
1552 1924 1799 1959 Immunitatem
1827 1921 2046 1959 auetoritate
2073 1924 2189 1960 Mira-

1209 1974 1287 2011 lerii
1308 1974 1465 2022 rescripsi
1485 1986 1552 2023 pro
1573 1986 1619 2011 eo
1641 1973 1744 2022 quod
1762 1975 1799 2011 in
1821 1985 1952 2010 omnes
1972 1973 2117 2010 codices
2140 1975 2189 2010 ir·-

1210 2026 1318 2075 repsit
1336 2028 1582 2077 impunitatem.
1634 2025 1745 2061 Certe
1763 2024 1984 2062 vocabulum
2014 2024 2088 2061 hoc
2108 2025 2190 2061 nul-

1211 2077 1250 2114 lo
1271 2077 1388 2115 modo
1406 2078 1466 2113 hic
1487 2076 1677 2114 confistere
1697 2077 1823 2124 potest.
1853 2075 1958 2123 Quid
1975 2076 2075 2112 enim
2100 2074 2193 2114 esset

1213 2130 1395 2176 impunitas
1412 2130 1587 2178 injuriae?
1613 2127 1761 2164 Deinde
1781 2134 1820 2164 ut
1837 2126 1981 2164 arbores
1994 2128 2111 2175 puniri
2132 2126 2193 2163 dia

1214 2181 1246 2217 ci
1268 2190 1479 2231 nequeunt,
1506 2180 1555 2216 ita
1574 2190 1644 2215 nec
1663 2180 1895 2227 impunitatem
1915 2180 1992 2226 pari
2007 2177 2094 2221 illis,
2116 2177 2189 2215 dici

1213 2232 1341 2279 potest.
1394 2232 1445 2268 At
1465 2230 1610 2267 arbores
1630 2229 1673 2266 ab
1690 2229 1820 2277 injuria
1840 2229 2026 2266 immunes
2044 2226 2115 2265 effe
2128 2230 2192 2273 ‚Sc

1214 2284 1458 2317 immunitatem
1477 2282 1621 2329 injuriae
1638 2279 1805 2315 arboribus
1819 2282 1915 2328 pari,
1929 2280 2027 2317 redte
2045 2279 2192 2316 dicitur.

1217 2331 1443 2368 Confistebat
1462 2338 1586 2367 aurem
1606 2331 1760 2378 injuriae
1777 2331 1990 2367 immunitas
2001 2330 2059 2368 illa
2077 2332 2113 2367 in
2127 2342 2191 2373 eo,

1214 2380 1318 2429 quod
1338 2381 1527 2419 Turullius
1540 2409 1550 2425 ,
1577 2388 1708 2429 utpote
1726 2380 1926 2426 extinctus,
1948 2382 2093 2419 arbores
2111 2393 2189 2417 non

1215 2431 1369 2480 amplius
1388 2431 1571 2468 succidere
1591 2439 1761 2480 poterat;
1790 2431 1968 2482 quodque
1982 2462 1992 2477 ‚
2011 2441 2050 2469 ut
2066 2432 2190 2478 loqui-

1214 2489 1272 2518 tur
1291 2482 1411 2519 noster
1425 2511 1434 2526 ,
1462 2483 1577 2519 exitio
1598 2482 1662 2519 suo
1680 2482 1957 2520 immunitatem
1978 2496 2057 2520 eain
2080 2483 2193 2518 arbo-2.

1214 2531 1309 2570 ribus
1328 2541 1531 2582 pepererat.
1559 2534 1754 2571 VORST.
1802 2534 2034 2584 superstitibus
2054 2533 2192 2580 legitur

1215 2584 1326 2621 etiam
1354 2585 1392 2621 in
1419 2584 1561 2622 duobus
1590 2585 1762 2622 Remens.
1790 2585 1937 2622 Frustra.
1967 2585 2063 2621 Nam
2084 2586 2126 2631 su
2151 2598 2187 2618 e-

1212 2649 1286 2671 rare
1306 2636 1519 2686 frequenter
1544 2637 1695 2684 ponitur
1720 2648 1788 2685 pro
1809 2634 1976 2686 supereffe.
2028 2634 2112 2670 Liv.
2133 2635 2184 2671 L.

1217 2699 1297 2724 ΙΙΙ.
1320 2687 1363 2723 C.
1385 2699 1440 2734 17.
1470 2689 1573 2723 Velut
1599 2702 1698 2737 quum
1725 2690 1826 2724 otium
1841 2689 1980 2733 superat
2000 2710 2010 2726 ,
2041 2689 2185 2734 Senator

1203 2740 1408 2786 sententiam
1427 2737 1520 2775 dicit.
1550 2738 1664 2776 Ovid.
1684 2738 1749 2786 Ep.
1771 2735 1972 2774 Heroidx.
1999 2747 2076 2782 147.

1263 2792 1340 2825 Hos
1359 2789 1515 2840 tibi‚c1ui
1527 2792 1700 2837 superant,
1720 2787 1846 2834 ostendo
1864 2789 2005 2835 moesta,
2027 2788 2184 2830 capillos.

1220 2840 1264 2876 L.
1281 2854 1310 2878 1.
1331 2839 1478 2878 deArte
1498 2852 1580 2886 77⁷1.
1599 2840 1696 2876 Vide
1724 2840 1762 2876 ὃς
1791 2838 1929 2875 Scliott.
1950 2838 1995 2875 ad
2016 2839 2110 2886 Nep.
2138 2839 2179 2876 m·
2226 2850 2232 2857 ·

1211 2891 1391 2928 Themist.
1419 2891 1620 2928 Broulthus.
1647 2890 1692 2926 ad
1719 2890 1829 2937 Prop.
1859 2889 1904 2925 L.
1937 2901 2014 2926 111.
2045 2900 2077 2938 3.
2114 2890 2177 2936 69.

1212 2941 1338 2979 Waffe
1356 2943 1393 2979 in
1413 2942 1492 2979 Iud.
1506 2941 1624 2979 Salust.
1638 2942 1859 2989 V.superare.
1889 2938 2039 2976 Deinde
2056 2942 2176 2975 immu-

1213 2995 1353 3028 nitatem
1381 2993 1507 3043 (quod
1527 2992 1705 3041 nusquam
1731 2992 1902 3038 scriptum
1929 2990 2097 3038 reperio)
2125 2990 2179 3027 lem

1214 3043 1323 3092 gebat
1341 3045 1453 3084 etiam
1473 3045 1641 3094 Guy-etus
1662 3046 1699 3082 ὃς
1720 3043 1760 3081 Is.
1772 3041 1917 3130 Vssssius
1930 3070 1940 3086 ,
1968 3049 2008 3080 ut
2025 3041 2072 3080 L.
2090 3054 2133 3080 vr
2146 3055 2180 3079 i.
