2516 3509
152 289 232 316 sinn.
254 282 319 314 urb.
358 272 435 317 qu

147 528 271 571 Qiaest.
292 533 344 564 58.

366 172 467 210 122

659 127 1072 194 VALERII
1143 124 1524 184 MAXIMI
1564 124 1991 183 LIB.II.CA1·.
2032 124 2077 180 1.

438 240 767 311 mgentefimum
796 252 967 284 annum
997 233 1178 283 nullum
1206 232 1463 281 interceffit.
1538 234 1719 281 Primus
1762 246 1916 282 autern
1961 240 2000 269 ²³
2030 233 2111 297 Sp.
2139 231 2366 282 Carvilius

146 337 218 397 ζῆτ-
243 326 322 396 Em*
356 340 546 377 uxorem
584 328 623 357 ²4
646 317 889 367 sterilitatis
912 315 1058 364 caussa
1078 312 1264 362 dimisit.
1331 312 1435 377 Qi
1454 331 1714 380 quanquam
1753 323 1794 354 25
1817 314 2041 363 tolerabili
2071 316 2248 363 ratione
2264 331 2365 362 mo-

146 379 233 479 {fs}
253 413 338 475 {⁹1³³
355 423 426 456 tus
443 402 709 460 videbatur,
742 396 1091 465 reprehensione
1108 409 1263 444 tamen
1283 410 1379 441 non
1407 395 1577 442 caruit:
1615 396 1720 459 quia
1746 411 1831 443 nec
1861 394 2162 462 cupiditatem
2184 395 2370 459 quidem.

146 490 227 519 Plut.
243 490 339 518 Rom.

355 486 606 533 liberorum
645 478 690 508 ²⁶
709 478 944 544 conjugali
968 476 1076 526 fidei
1093 474 1313 543 praeponi
1335 471 1536 520 debuisse
1554 472 1898 522 arbitrabantur.

352 693 417 733 de.
445 693 524 743 Qui
542 692 611 730 fuit
637 691 682 729 ab
700 691 751 726 U.
770 688 881 728 cond.
901 685 1217 738 quingentesimus
1238 686 1340 724 vice-

353 745 467 783 fimus
486 745 613 783 tertius
633 741 736 779 Livii
753 740 1035 789 supputatione:
1063 745 1126 776 aut
1146 737 1341 776 vicesimus

351 798 493 846 ,primus
511 797 614 842 supra
635 790 974 842 quingentesimum
994 787 1169 837 Dionysii
1197 787 1342 826 ordine.

358 847 452 884 Geli.
485 846 530 882 L.
550 857 602 881 xv.
625 844 716 892 Cap.
741 856 773 894 3.
803 843 916 881 etiam
947 840 1169 879 vicesimum
1188 840 1341 878 tertium

355 900 459 946 supra
478 894 819 947 quingentesimum
851 906 897 931 ex
918 892 1075 942 Sulpitio
1093 891 1253 929 exhibet.
1290 891 1345 928 At

361 950 495 986 Coss.
531 948 679 990 variat,
712 948 751 985 P.
779 945 975 984 Valerium
1011 955 1055 981 ac
1083 942 1140 981 M.
1169 942 1346 980 Attilium

360 999 535 1049 prodens.
588 1000 668 1047 Qui
688 997 934 1048 quadriennio
955 995 1035 1045 post
1055 994 1283 1044 Pompejuin
1304 1004 1348 1031 ac

359 1051 550 1100 Papirium
573 1049 805 1088 consulatum
823 1048 997 1086 inierunt.
1049 1045 1102 1084 At
1123 1046 1264 1083 Gellius
1285 1057 1350 1094 pa-

361 1115 447 1141 :tum
467 1100 568 1151 pensi
588 1101 715 1139 habuit
728 1130 737 1146 ,
749 1109 790 1139 ut
809 1099 956 1137 videtur
969 1126 980 1143 ‚
1008 1109 1123 1146 quem
1142 1096 1349 1135 rotundum

362 1165 551 1192 annorum
569 1164 771 1190 numerum
790 1151 926 1199 scriptis
955 1148 1154 1197 proderet,
1181 1155 1222 1185 ut
1238 1146 1348 1196 plane

359 1213 513 1254 apparet
539 1216 585 1240 ex
615 1203 706 1252 Cap.
736 1202 799 1240 ult.
831 1203 876 1238 L.
909 1212 1004 1238 xvix.
1040 1198 1102 1237 ubi
1130 1199 1190 1237 ait.
1254 1197 1350 1235 Illud

363 1258 528 1307 primum
551 1254 757 1292 divortium
768 1255 917 1291 Romae
938 1250 1043 1289 fuiffe
1062 1250 1150 1288 anni
1167 1250 1350 1300 quingen-

364 1307 501 1345 tefimo
538 1305 829 1343 undevicefimo.
908 1303 1043 1341 Noster
1070 1300 1242 1349 Valerius
1275 1301 1350 1339 hoc

365 1359 457 1397 loco
470 1357 810 1408 quingentesimum
823 1354 1043 1393 vicesimum
1054 1350 1228 1403 prodidit.
1242 1351 1355 1390 ideo-

369 1422 444 1460 que
462 1410 531 1447 hac
552 1410 589 1446 in
606 1409 753 1447 historia
775 1407 956 1445 variatum
987 1405 1036 1444 est
1056 1416 1182 1443 errore
1202 1415 1355 1453 niagno.

371 1462 553 1499 Ceterum
567 1460 816 1497 Carbiliorum
838 1469 984 1496 nomen
1004 1457 1043 1494 in
1063 1455 1254 1494 consulatu
1266 1467 1356 1506 qua-

369 1521 429 1550 ter
453 1512 501 1549 est
520 1511 564 1548 ab
585 1523 686 1549 anno
705 1512 756 1548 U.
777 1510 820 1547 C.
841 1509 927 1556 460.
953 1508 1068 1557 usque
1085 1507 1133 1545 ad
1152 1519 1293 1545 annum
1314 1506 1358 1544 ab

372 1564 508 1602 eadem
529 1564 578 1599 U.
601 1563 645 1600 C.
666 1561 748 1612 526.
775 1560 956 1610 prioribus
991 1558 1136 1596 duobus
1163 1557 1360 1596 consulati-

372 1615 440 1653 bus
468 1625 561 1653 unus
589 1615 656 1651 vir.
693 1611 951 1662 posterioribus
977 1609 1077 1648 haud
1103 1609 1178 1654 scio
1199 1621 1293 1648 unus
1312 1621 1360 1647 ne

374 1678 425 1704 an
445 1665 521 1703 duo
535 1693 545 1709 ,
566 1676 652 1702 cum
673 1663 741 1702 sint
760 1664 952 1713 propiores
970 1661 1033 1699 fibi
1049 1662 1226 1699 invicem.
1252 1661 1363 1699 Prae-

374 1726 478 1756 terea
506 1717 551 1754 de
579 1716 805 1764 posteriore,
832 1715 1047 1764 quicunque
1075 1712 1208 1756 fuerit,
1237 1712 1364 1750 divor-

375 1769 472 1806 tium
498 1767 677 1816 intelligo.
705 1765 980 1804 GLAREAN.
1029 1763 1224 1812 Repudium.
1245 1764 1361 1812 Agel-

376 1820 447 1857 iius
464 1818 525 1856 lib.
545 1831 597 1856 IV.
618 1830 699 1867 cap.
718 1830 750 1868 3.
778 1819 970 1854 Memoriae
987 1813 1150 1851 traditum
1169 1818 1212 1863 est
1226 1843 1236 1858 ‚
1260 1819 1360 1865 quiu-

367 1873 482 1922 gentis
498 1873 570 1918 fere
587 1872 685 1906 nimis
704 1871 775 1918 post
797 1871 940 1917 Romam
959 1864 1123 1903 conditam
1137 1895 1147 1911 ‚
1173 1868 1288 1903 nullas
1311 1869 1361 1903 rei

376 1925 517 1959 uxoriae
535 1935 638 1972 neque
658 1922 803 1957 ac'liones
823 1933 926 1970 neque
947 1919 1114 1955 cautiones
1136 1921 1173 1954 in
1192 1917 1271 1954 urbe
1294 1922 1361 1968 Ro-

375 1990 431 2009 ma
453 1984 513 2010 aut
535 1976 571 2008 in
590 1975 690 2008 Latio
710 1971 821 2020 fuisse.
875 1969 1088 2008 Secundum
1119 1969 1277 2018 Dionys.
1305 1981 1362 2006 an.

384 2026 431 2062 U.
456 2025 499 2061 C.
520 2036 671 2062 nxxxn.
693 2023 769 2061 hoc
789 2020 941 2060 fa&um.
963 2022 1001 2059 &
1020 2021 1071 2058 ita
1088 2019 1208 2069 Agell.
1227 2032 1271 2058 ex
1283 2019 1368 2058 Ser-

386 2078 446 2113 vio
477 2074 631 2123 Sulpitio
658 2075 839 2123 supputat.
892 2073 970 2110 Cur
997 2072 1106 2120 igitur
1126 2072 1227 2109 idem
1247 2071 1368 2120 Agell.

385 2128 435 2164 ait
456 2127 657 2176 Qingentis
672 2129 743 2172 fere
765 2128 863 2161 annis
878 2122 892 2161 ?
904 2122 1035 2161 Audio
1057 2124 1095 2161 &
1115 2123 1280 2161 ausculto
1292 2123 1371 2160 Cu-

388 2181 457 2226 3ac.
481 2176 747 2214 emendantem
766 2175 900 2224 Agellii
919 2175 1072 2213 locum:
1100 2177 1271 2211 Sex-centis
1286 2177 1370 2223 fere.

390 2230 452 2266 cui
473 2228 656 2265 subscribit
671 2228 891 2265 Tertullian.
909 2227 947 2263 in
965 2225 1130 2274 Apolog.
1159 2226 1223 2262 Ubi
1244 2229 1286 2273 est
1307 2228 1373 2262 illa

386 2282 534 2328 felicitas
553 2282 838 2315 matrimoniorum
859 2276 898 2313 de
919 2277 1061 2314 moribus
1069 2280 1185 2326 utique
1200 2279 1374 2326 prospera-

392 2343 430 2367 ta
445 2360 456 2374 ‚
483 2345 548 2381 qua
565 2341 624 2380 per
644 2345 748 2367 annos
765 2332 870 2376 ferme
884 2331 1055 2377 sexcentos
1073 2329 1115 2364 ab
1143 2328 1223 2364 urbe
1243 2327 1375 2364 condita

391 2384 489 2418 nulla
515 2381 682 2431 repudium
711 2380 824 2418 domus
848 2381 990 2430 firipfit.
1042 2379 1095 2416 At
1120 2377 1221 2416 idem
1238 2378 1299 2417 lib.
1328 2378 1375 2416 de

397 2432 649 2482 Nlonogamia
670 2447 678 2470 ε
729 2430 837 2472 ,Adeo
868 2431 1035 2481 repudium
1061 2428 1081 2466 εὶ
1102 2428 1283 2479 primordio
1311 2445 1377 2467 non

392 2488 486 2532 fuit,
512 2496 550 2521 ut
578 2481 667 2531 apud
685 2486 847 2525 Romanos
873 2486 944 2530 post
972 2496 1096 2518 annum
1109 2482 1377 2529 sexcentesimum

399 2535 500 2573 Urbis
521 2533 669 2572 conditae
691 2532 725 2568 id
744 2547 849 2583 genus
868 2531 1013 2570 duritiae
1033 2536 1144 2569 commi
1173 2549 1227 2569 um
1245 2532 1378 2569 denote-

398 2598 468 2625 tur.
526 2586 645 2624 Porro
674 2584 890 2633 Repudium
921 2585 958 2621 ἃ
986 2584 1204 2622 Divortium
1236 2584 1377 2621 dicitur.

401 2639 507 2676 Hinc
552 2638 764 2674 matrimonia
801 2634 1006 2672 divortmtia
1040 2634 1138 2684 apud
1177 2634 1380 2684 Agellium.

403 2686 556 2727 Gloffae
583 2696 756 2727 veteres:
795 2688 997 2724 Divortium
1027 2688 1185 2730 Almo-14,
1217 2687 1382 2726 Διαὶλυσις

404 2740 508 2783 ’,κάμε
537 2745 568 2790 ⁷3
596 2738 781 2787 χωρβσμδς
809 2743 840 2788 257*
869 2737 1016 2777 ρῖκκοτπξ.
1046 2738 1160 2785 lego:
1200 2737 1381 2786 Διειῖξεσις.

407 2791 534 2839 Minus
561 2789 787 2840 pervulgate.
839 2787 1021 2838 Discidium
1043 2787 1173 2825 dicitur
1190 2787 1383 2825 divortium.

408 2839 558 2879 Gioffae
582 2856 590 2879 :
628 2839 841 2890 Difixdium,
879 2843 1075 2877 Divertium
1104 2838 1199 2875 [sterit
1221 2841 1385 2880 Διαλόι-ις

406 2892 523 2937 νέμε.
557 2905 603 2930 an
632 2893 833 2941 legendum
855 2894 1060 2929 Diam-tium
1079 2888 1187 2926 dicit?
1215 2899 1255 2928 ut
1275 2891 1315 2928 fit
1332 2890 1386 2927 di-

407 2960 476 2981 cere
511 2943 693 2981 divortium
716 2958 723 2981 ε
761 2946 873 2982 ΗΑΒΕ
913 2956 997 2981 Tim
1025 2955 1095 2980 RES
1137 2955 1244 2980 TUAS.
1296 2946 1388 2980 Scri-

407 2997 500 3032 ilmur
520 2997 558 3034 ὃς
576 2996 771 3033 divortium.
803 2995 1054 3034 Tertullianus
1073 2992 1165 3032 libro
1186 3007 1237 3031 1v.
1257 2994 1388 3032 adver-

410 3048 464 3083 sus
492 3048 609 3085 blare.
636 3050 774 3096 Moyses
800 3057 934 3097 propter
964 3045 1126 3082 duriciam
1155 3045 1257 3082 cordis
1286 3048 1387 3094 meliri

404 3102 571 3147 praecepit
603 3099 749 3137 libellum
773 3098 901 3151 repudii
927 3097 1015 3137 dare.
1069 3097 1117 3137 Et
1144 3097 1247 3137 alibi:
1278 3099 1390 3139 Nulla

2219 560 2261 588 2⁷
2284 551 2374 602 Sed

1391 682 1563 734 repudium
1583 679 1696 718 domus
1712 682 1856 732 scripsit.
1885 681 2078 721 COLER.
2116 682 2299 734 Repudium
2321 684 2375 718 iu-

1391 747 1442 771 ter
1462 749 1610 771 uxorem.
1637 733 1855 783 Antequam
1876 732 2035 771 domum
2056 736 2240 783 quaedam
2263 734 2379 772 duce—

1393 794 1517 830 retur,
1539 783 1729 823 remiffum
1750 783 1938 822 interdum
1958 784 2154 832 repudium
2173 785 2299 831 fuisse,
2328 798 2374 823 ex

1396 837 1583 876 Terentio
1615 837 1653 874 δε
1678 835 1755 874 aliis
1785 835 1958 885 colligere
1981 836 2040 873 est.
2094 834 2166 872 Sed
2183 837 2304 874 noster
2321 837 2380 875 lo-

1396 889 1522 938 quitur
1543 888 1589 926 de
1603 899 1643 924 ea
1658 916 1669 931 ,
1681 889 1863 938 quaejam
1875 886 1984 926 dueta
1996 885 2084 924 effet
2103 886 2275 924 domurn.
2295 888 2378 925 Te-

1396 940 1535 977 rentius
1563 939 1716 976 Phorm.
1739 952 1776 984 v,
1797 952 1833 986 7,
1854 951 1912 990 35.
1942 941 2023 975 Cum
2056 952 2111 990 ego
2129 941 2230 986 ‘vestri
2250 938 2382 975 honoris

1397 990 1506 1039 cauffa
1527 988 1698 1040 repudium
1713 992 1842 1028 alterae
1861 993 2041 1038 remtfi’rim
2054 1003 2169 1040 ‚quae
2189 988 2385 1026 tantundem

1398 1041 1486 1079 dotis
1517 1040 1632 1079 dabat.
1685 1042 1805 1092 Quod
1830 1042 1954 1080 noster
1982 1042 2053 1086 ait,
2090 1041 2128 1078 id
2161 1039 2385 1079 confirmant

1401 1093 1605 1142 Dionysius
1624 1094 1746 1132 Halic.
1769 1093 1970 1131 &Gellius
1997 1094 2046 1130 Et
2067 1091 2205 1130 Gellius
2226 1092 2379 1143 quidem

1403 1157 1460 1189 IV,
1483 1157 1515 1194 3.
1542 1144 1683 1190 scribit,
1710 1147 1901 1196 quingentis
1923 1148 1995 1192 fere
2019 1145 2118 1181 annis
2145 1147 2266 1193 post‘R
2278 1159 2385 1180 omum

1400 1194 1565 1232 conditam
1583 1198 1697 1233 nullas
1713 1199 1760 1233 rei
1781 1199 1922 1233 uxoriae
1935 1225 1946 1241 ‚
1967 1211 2070 1247 neque
2091 1197 2236 1232 aft'ioues
2252 1223 2262 1239 ,
2282 1210 2387 1245 neque

1402 1250 1567 1284 cautiones
1590 1251 1627 1283 in·
1646 1248 1724 1285 urbe
1743 1252 1846 1299 Roma
1866 1259 1927 1284 aut
1949 1251 1986 1283 in
2006 1251 2107 1284 Latio
2130 1246 2240 1294 fuiffe.
2293 1248 2389 1284 Dio-

1406 1297 1530 1347 nyfius
1557 1306 1684 1336 autem
1713 1299 1772 1336 lib.
1798 1312 1843 1336 11.
1881 1314 1966 1335 aimo
1997 1304 2035 1335 U.
2059 1302 2096 1336 C.
2116 1310 2198 1348 523.
2224 1298 2386 1345 remissum

1401 1348 1500 1397 fuiffe
1516 1351 1664 1398 primum
1685 1347 1864 1400 repudium.
1918 1352 2028 1398 Quae
2055 1349 2292 1397 discrepantia
2323 1361 2393 1386 nu-

1410 1401 1506 1438 meri
1533 1400 1626 1439 levis
1653 1400 1738 1438 sane
1767 1401 1828 1440 est.
1881 1401 2133 1440 Tertullianus
2154 1399 2388 1438 intervallum

1410 1451 1532 1490 adhuc
1548 1450 1695 1500 longius
1714 1452 1846 1490 statuit.
1900 1453 2028 1490 Scribit
2057 1452 2158 1489 enim
2184 1452 2223 1488 in
2242 1451 2387 1499 Apolo—

1408 1512 1483 1552 gel'.
1500 1515 1560 1554 per
1580 1518 1685 1540 annos
1703 1506 1808 1550 ferme
1820 1506 1990 1552 sexcentos
2009 1503 2050 1539 ab
2066 1503 2143 1539 urbe
2162 1501 2290 1538 condita
2314 1505 2390 1538 nul·

1410 1557 1479 1592 lum
1505 1552 1676 1606 repudium
1698 1555 1868 1604 firipfiffe.
1920 1555 1970 1591 Et
1995 1555 2034 1591 in
2060 1553 2122 1592 lib.
2147 1552 2193 1590 de
2230 1554 2392 1602 Monog.

1410 1605 1490 1644 adeo
1509 1604 1682 1658 repudium
1702 1606 1724 1643 ἂ
1736 1605 1917 1658 primordio
1937 1620 2003 1642 non
2015 1605 2115 1654 fuiffe
2128 1633 2138 1648 ,
2165 1615 2203 1641 ut
2223 1603 2312 1654 apud
2331 1609 2400 1653 Ro*

1412 1673 1526 1696 manos
1542 1661 1612 1707 post
1630 1672 1754 1695 annum
1768 1658 2038 1708 sexcentesimum
2063 1657 2154 1693 urbis
2186 1655 2335 1693 conditae
2361 1655 2396 1692 id

1406 1724 1514 1761 genus
1535 1708 1682 1746 duritiae
1701 1710 1899 1758 commiffiim
1919 1707 2099 1745 denotetur.
2153 1707 2214 1744 De
2241 1719 2314 1757 qua
2333 1719 2404 1744 au-

1416 1762 1563 1799 ecorum
1583 1760 1823 1810 discrepantia
1851 1759 2034 1798 videndus
2054 1760 2092 1797 δε
2112 1759 2259 1807 Magius
2282 1771 2315 1802 1,
2341 1771 2399 1807 15.

1415 1812 1612 1851 VORST.
1641 1812 1741 1849 Cum
1763 1811 1993 1851 &Consules
2015 1817 2297 1848 commemoret
2310 1809 2401 1847 Gel-

1414 1864 1503 1907 lius,
1523 1862 1586 1900 sub
1606 1863 1737 1913 quibus
1757 1864 1921 1912 primum
1944 1862 2085 1900 finitum
2107 1861 2157 1899 est
2179 1861 2401 1900 Divortium

1416 1917 1456 1954 δε
1472 1915 1523 1952 illi
1538 1914 1704 1952 incidant
1722 1915 1761 1952 in
1789 1927 1929 1953 annum
1950 1933 2079 1955 nxxvxz
2097 1941 2107 1957 ‚
2137 1913 2176 1950 ὃ(
2193 1912 2315 1951 noster
2334 1925 2405 1950 nu-

1417 1978 1566 2004 merum
1595 1965 1802 2004 rotundum
1828 1966 2000 2014 usurpans
2031 1965 2333 2012 Qtingentefimum
2354 1971 2403 2001 07·

1418 2019 1608 2067 avicefimum
1639 2017 1760 2062 dicat,
1788 2017 1913 2054 nescio
1943 2028 2007 2054 cur
2038 2015 2212 2064 Cujacius
2238 2016 2406 2062 sexcentis

1422 2081 1468 2106 ex
1488 2067 1725 2108 Tertulliano
1744 2067 1917 2106 maluerit
1933 2078 2048 2118 quam
2067 2068 2259 2117 quingentis
2275 2093 2285 2109 ‚
2301 2066 2407 2116 quod

1423 2122 1463 2159 δε
1489 2120 1611 2159 multo
1639 2120 1792 2169 propius
1817 2120 1864 2158 ad
1891 2131 2023 2158 verum
2054 2117 2218 2161 accedit,
2246 2128 2318 2154 nec
2336 2128 2406 2154 nu-

1426 2183 1575 2210 merum
1594 2183 1780 2210 annorum
1800 2179 1945 2220 praeter
1964 2170 2077 2208 fidem
2088 2167 2259 2205 historiae
2280 2176 2405 2216 auget;

1425 2235 1544 2272 quum
1573 2224 1668 2261 cirea
1707 2234 1848 2260 annum
1877 2219 2186 2260 sexcentesimum
2220 2220 2300 2268 jam
2326 2220 2408 2257 satis

1426 2275 1635 2324 frequentia
1657 2274 1794 2311 fuerint
1813 2273 1986 2312 divortia.
2037 2270 2261 2310 Notandum
2281 2278 2408 2308 autem

1426 2325 1660 2374 undeviginti
1690 2324 1798 2363 MSS.
1833 2325 1970 2363 habere
2004 2326 2105 2374 usque
2129 2320 2175 2360 ad
2203 2322 2408 2370 centefimum

1427 2384 1473 2413 (9·
1495 2377 1811 2428 quinquagesimum.
1831 2377 1869 2415 &
1888 2376 1936 2414 fic
1952 2375 2024 2414 Ed.
2034 2375 2142 2423 Mog.
2161 2380 2317 2422 utraque
2328 2373 2410 2409 Ve-

1426 2435 1535 2471 neta,
1564 2429 1602 2466 &
1628 2427 1787 2465 Mediol.
1817 2427 1922 2476 quod
1943 2429 2023 2476 jam
2052 2434 2142 2463 tunc
2169 2423 2409 2462 occasionem

1428 2478 1595 2528 praebuit
1623 2477 1795 2516 Oliverio
1823 2475 2019 2514 dissensum
2038 2474 2181 2513 Valerii
2209 2474 2230 2513 a
2261 2475 2410 2521 Gellio,

1431 2532 1470 2568 ὅ(
1491 2528 1679 2578 Dionysio
1700 2527 1850 2578 prolatis
1867 2529 2016 2566 illorum
2037 2526 2129 2565 locis
2149 2525 2378 2564 ostendendi.

1482 2594 1543 2632 23.
1570 2585 1627 2632 Sp.
1656 2578 1850 2628 Carvilius]
1880 2580 1979 2618 Mire
2009 2579 2152 2616 variant
2178 2576 2347 2616 auctores
2372 2577 2412 2614 in

1431 2632 1507 2670 hoc
1525 2632 1692 2671 nomine.
1738 2631 1901 2680 Agellius
1920 2636 1978 2682 Sp.
1997 2629 2183 2667 Carbilium
2203 2633 2333 2678 Rugam
2351 2640 2415 2676 ap-

1433 2684 1555 2732 pellat.
1605 2681 1820 2721 Plutarchus
1839 2683 1878 2720 in
1907 2681 2076 2720 Romulo
2096 2710 2107 2726 ,
2140 2685 2199 2729 Sp.
2228 2680 2414 2716 Servilium

1437 2734 1544 2773 idem
1574 2734 1689 2782 probl.
1719 2746 1798 2784 cap.
1821 2747 1878 2785 13.
1907 2734 2103 2771 Carbilium.
2155 2731 2199 2767 In
2220 2741 2417 2779 compara-

1436 2786 1543 2824 tione
1561 2786 1712 2824 Numae
1729 2787 1768 2825 &
1787 2786 1954 2836 Lycurgi
1979 2790 2037 2831 Sp.
2057 2784 2249 2820 Corvinum.
2276 2781 2338 2819 sed
2362 2782 2419 2819 le-

1435 2837 1602 2885 gendum
1628 2837 1705 2875 ibi:
1745 2838 1939 2887 Κοιξείλιον.
1993 2835 2128 2873 Plinius
2165 2835 2353 2871 Carvilium
2376 2833 2417 2871 δί

1438 2888 1625 2925 Gzrbilium
1642 2890 1862 2938 promiscue.
1890 2887 2082 2926 COLER.
2111 2888 2243 2922 Primus
2261 2890 2318 2934 Sp.
2332 2888 2417 2922 Car—

1438 2943 1555 2977 vilius.
1591 2941 1705 2978 Hunc
1729 2939 1931 2990 Dionysius
1957 2938 1978 2976 a
2008 2937 2215 2975 censoribus
2241 2935 2415 2974 coactum

1438 2992 1557 3030 scribit
1571 2993 1714 3041 jurare,
1737 2991 1842 3043 quod
1867 3001 2025 3028 uxorem
2047 2989 2250 3027 dimitteret
2265 2994 2418 3036 propter

1439 3043 1661 3082 sterilitatem
1676 3074 1686 3089 ‚
1707 3045 1746 3082 &
1762 3043 1965 3080 liberorum
1985 3040 2285 3091 quaerendorum
2302 3038 2419 3086 gratia

1440 3094 1539 3136 aliud
1567 3095 1851 3136 matrimonium
1880 3093 1974 3134 inire
2008 3092 2130 3132 vellet.
2192 3089 2264 3131 Sed
2299 3088 2417 3126 nihilo

2292 3148 2427 3180 tamem
