2516 3509
358 64 493 121 DE·
530 59 1259 121 MODERATIONE
1305 52 1878 116 PARENTUM.
1998 71 2106 130 513

83 176 160 226 sed
192 174 339 224 filium
383 169 596 217 heredem
641 167 838 233 reliquit.
908 169 1152 217 Moderate
1195 168 1297 216 usus
1339 164 1576 215 affectibus
1623 162 1745 211 suis:
1802 165 1905 228 quia
1939 163 1989 211 ὃς
2022 165 2092 211 vi-

84 272 168 305 vus
202 250 404 300 moribus
447 252 544 314 ejus
583 263 743 297 verum
785 246 1096 296 testimonium
1119 283 1135 309 ‚
1180 248 1230 295 &
1264 258 1474 294 mortuus
1510 243 1714 308 sanguini
1750 244 1973 291 honorem
2009 243 2086 289 de-

86 333 239 380 bitum
273 326 485 376 reddidit.

155 409 284 457 Idem
319 407 430 454 fecit
464 404 571 451 clari
605 404 817 468 generis,
858 418 1134 468 magnaeque
1168 401 1401 467 dignitatis
1435 398 1505 446 vir
1538 396 1766 451 Fulvius=3
1799 395 1871 442 sed
1905 397 1951 444 in
1988 397 2087 445 filio

93 495 138 528 ¹4
170 487 451 551 aliquantum
486 484 692 530 tetriore.
745 482 872 528 Nam
910 498 1016 529 cum
1051 481 1275 528 auxilium
1307 478 1479 525 senatus
1513 474 1815 539 implorasset,
1850 488 1902 522 ut
1941 484 1980 515 ¹5
2020 475 2089 524 su-

89 569 262 634 speEtus
296 568 344 613 in
374 561 651 630 parricidio,
697 560 745 608 δε
780 560 841 607 ob
876 560 922 606 id
955 560 1093 607 latens
1116 594 1132 619 ,
1180 555 1222 586 ¹⁶
1259 573 1340 622 per
1381 555 1675 603 triumvirum
1720 555 2090 616 conquireretur,

89 639 154 689 ac'
178 639 300 705 jussu
345 654 526 704 patrum
569 638 937 703 conscriptorum
977 636 1326 702 comprehensus
1370 635 1512 694 esset,
1577 640 1614 664 ¹⁷
1661 649 1755 679 non
1798 631 1943 678 solum
1986 649 2091 680 eum

90 735 185 765 non
217 719 425 778 notavit,
447 717 519 764 sed
552 719 688 764 etiam
722 717 965 776 decedens,
998 717 1038 745 ¹3
1058 717 1299 764 dominum
1334 715 1543 761 omnium
1578 712 1663 758 effe
1685 711 1858 759 voluit:
1892 719 1930 749 ¹9
1956 729 2092 777 quem

19 786 23 788 .
92 811 308 862 genuerat
344 798 554 846 heredem
589 798 850 856 instituens,
887 804 933 824 ²0
968 814 1063 844 non
1097 813 1233 860 quem
1269 808 1483 860 expertus
1521 795 1680 840 fuerat.

157 878 443 942 Magnorum
471 880 675 926 virorum
711 876 1010 924 clementibus
1055 875 1162 922 aftis
1205 875 1355 939 ignoti
1388 874 1524 937 patris
1558 887 1700 918 novae
1735 886 1870 935 atque
1904 873 2086 922 inusita-

88 968 160 1003 tae
202 955 386 1001 rationis
428 953 668 1001 confilium
708 954 949 1019 adjiciam:
1006 953 1084 1016 qui
1130 968 1237 999 cum
1282 950 1307 997 a
1342 950 1441 997 filio
1476 951 1596 998 necti
1634 950 1714 997 fibi
1750 951 1923 999 insidias
1958 969 2086 999 com·

90 1028 270 1092 perisset
293 1064 308 1089 ,
353 1046 436 1076 nec
469 1029 683 1076 inducere
717 1031 764 1088 in
798 1031 999 1076 animum
1034 1028 1180 1092 poffet
1203 1063 1219 1089 ,
1262 1042 1315 1075 ut
1346 1045 1506 1076 verum
1544 1028 1804 1093 sanguinem
1840 1038 1877 1058 2¹
1909 1032 1961 1078 ad
1991 1032 2081 1079 hoc

91 1103 262 1152 sceleris
290 1107 574 1172 progressum
608 1097 834 1168 crederet,
876 1114 918 1135 2²
944 1106 1169 1155 seductam
1202 1123 1394 1153 uxorem
1429 1107 1694 1171 suppliciter
1723 1111 1927 1174 rogavit,
1965 1118 2005 1149 23
2034 1129 2083 1159 ue

97 1321 140 1354 ut
158 1314 372 1353 Prudentio.
425 1313 543 1363 Quod
569 1315 607 1352 in
626 1325 771 1351 carcere
800 1325 883 1352 reos
911 1315 1068 1364 punive-

99 1368 173 1404 rint
197 1366 348 1415 planum
381 1377 425 1403 ex
447 1365 601 1403 Valerio
629 1364 669 1402 fit
693 1365 768 1403 hoc
788 1364 879 1402 libro
902 1378 980 1415 cap.
1011 1379 1068 1404 xv.

102 1418 143 1455 &
170 1418 214 1454 L.
246 1430 304 1455 v1.
334 1428 413 1465 cap.
443 1428 474 1454 1.
505 1416 576 1453 Sed
598 1416 635 1452 ὃς
659 1424 759 1453 extra
781 1427 966 1455 carcerem
994 1418 1071 1455 ani-

101 1467 383 1505 madvertebant
398 1495 407 1510 ‚
434 1467 510 1503 hoc
529 1467 599 1510 est,
622 1467 718 1514 apud
739 1466 953 1506 columnam
968 1469 1070 1506 Mae—

100 1519 220 1562 niam,
242 1519 330 1555 tesse
351 1518 528 1555 Asconio.
576 1517 774 1554 Ducebant
801 1530 914 1566 porro
942 1521 981 1556 &
1008 1520 1071 1556 ali-

100 1569 252 1619 quando
275 1570 385 1606 etiam
405 1568 487 1605 duci
503 1567 704 1616 jubebant,
731 1577 771 1606 ut
792 1569 830 1607 P.
854 1570 1069 1608 Munatium

99 1619 197 1668 apud
225 1620 383 1656 Plinium
414 1619 529 1656 Libro
563 1631 646 1656 XXI.
685 1631 762 1668 cap.
792 1632 825 1670 3.
876 1621 1071 1659 Maleficos

99 1668 359 1719 conquisiviffe
380 1681 423 1706 ex
441 1670 517 1706 hoc
536 1670 688 1718 quidem
710 1669 851 1708 Valerii
869 1670 958 1708 loco
979 1672 1072 1717 didi-

99 1721 143 1758 ci.
172 1721 230 1758 cui
258 1720 421 1769 adjungo
449 1720 663 1758 Varronem
704 1721 787 1759 Lib.
829 1735 860 1760 1.
900 1721 946 1759 de
984 1721 1070 1771 ling.

95 1772 221 1809 Latin.
249 1773 439 1819 Quaestor&
471 1770 491 1807 ἂ
518 1770 726 1821 quaerendo,
760 1773 820 1823 qui
846 1773 1071 1821 conquirerent

88 1822 240 1873 publicas
267 1825 423 1871 pecunias
452 1829 498 1857 (9·
529 1823 692 1870 maleficia
715 1849 725 1866 ,
767 1838 853 1872 quae
879 1826 1070 1861 Triumviri

94 1875 255 1924 capitales
287 1888 369 1910 nunc
397 1874 606 1921 conquirunt.
658 1874 719 1910 De
744 1875 799 1911 his
819 1883 1006 1923 praeterea
1028 1876 1070 1913 li-

97 1924 182 1961 bros
218 1925 310 1971 Juris
358 1923 517 1961 consule.
580 1922 802 1962 Glossarium
826 1938 834 1961 :
883 1927 1068 1964 Trium-vir.

96 1974 312 2023 ae-{ytoev'zae}
334 1999 346 2016 ,
375 1972 606 2017 τφωωέμκᾶν.
636 1975 828 2013 COLER.
857 1978 918 2012 Per
948 1978 1069 2013 trium-

95 2027 208 2062 ·rirum
227 2027 483 2074 conquireretur.
508 2028 542 2060 Τ
538 2027 694 2062 rium-viri
722 2034 802 2063 tum
825 2025 983 2063 aliorum
1004 2038 1068 2074 ge-

97 2087 255 2119 nerum,
282 2083 362 2112 tum
392 2076 429 2112 ὅ(
459 2077 622 2125 capitales
653 2084 784 2113 erant:
818 2077 883 2125 qui
913 2076 1065 2125 quidem

98 2126 284 2164 custodi-ae
303 2124 480 2173 praefecti
503 2125 616 2163 effent
680 2126 780 2164 Vide
797 2126 899 2175 supra
918 2139 953 2164 v.
977 2140 1010 2174 4.
1033 2139 1066 2174 7.

98 2179 138 2215 &
161 2176 205 2213 ad
222 2176 347 2213 locum
369 2175 471 2213 illurn
495 2176 625 2213 Notas.
653 2176 752 2215 infra
774 2190 834 2214 vi.
865 2190 896 2215 1.
928 2190 986 2214 10.
1012 2178 1066 2216 di-

96 2228 188 2266 serte
207 2229 366 2263 triumvir
384 2228 541 2274 capitalis
561 2226 789 2265 nominatur.
819 2227 1013 2266 VORST.

152 2290 206 2324 17.
239 2280 317 2313 Non
338 2278 446 2326 solum
473 2291 537 2312 non
565 2282 701 2313 notavit
719 2305 730 2320 ,
758 2276 822 2325 sed
850 2279 950 2314 etiam
978 2277 1065 2315 dece·

100 2328 199 2378 dens]
242 2328 323 2365 MS.
361 2327 531 2364 Vidicavit
556 2327 637 2375 lege
656 2326 858 2365 vindicavit.
910 2333 1066 2367 Notavit

98 2380 208 2418 nimis
227 2379 311 2415 leve
333 2379 380 2415 est
402 2386 529 2416 contra
550 2378 731 2427 parricidii
749 2378 964 2426 suspectum.
982 2388 1062 2418 tum

96 2442 212 2467 notare
233 2430 389 2466 censoris
410 2429 455 2466 est
470 2458 480 2474 ‚
508 2441 584 2466 non
612 2429 731 2476 patris.
757 2430 859 2477 supra
880 2437 1004 2468 tamen
1025 2444 1060 2469 v.

99 2493 131 2527 7.
162 2493 193 2517 2.
221 2495 291 2516 mea
316 2481 438 2527 pellam
462 2491 553 2516 nota.
582 2479 825 2518 PERIZON.
852 2480 957 2519 MSS.
985 2483 1060 2520 mei

96 2534 236 2580 septem
257 2530 391 2567 habent
412 2533 574 2567 Nem-ait.

150 2583 206 2621 18.
227 2584 403 2617 Dominum
421 2584 564 2618 omnium
582 2580 641 2629 effe
659 2578 787 2630 voluit]
817 2582 970 2619 Omnium
999 2582 1061 2621 de-

98 2633 271 2671 fideratur
298 2632 334 2668 in
354 2633 460 2670 MSS.
488 2632 587 2674 odo,
616 2633 755 2670 Denuo
783 2632 956 2670 videlicet
987 2634 1062 2672 hoc

100 2684 237 2722 excidit
265 2691 414 2731 propter
452 2683 701 2732 praecedentis
729 2683 1062 2729 vocisfimilitudi-

101 2746 188 2772 nem
204 2763 213 2779 ‚
240 2741 280 2770 ut
299 2735 401 2781 supra
420 2733 557 2782 saepius
578 2734 749 2771 vidimus.
800 2734 899 2772 Vide
917 2735 1005 2785 Cap.
1028 2751 1061 2786 ς.

102 2786 150 2823 L.
176 2798 237 2823 vr.
264 2797 296 2831 4.
324 2786 360 2821 ὅ(
381 2785 415 2821 6.
450 2784 521 2821 Sed
542 2785 628 2821 hinc
656 2784 760 2822 latius
789 2787 953 2824 manavit
981 2799 1060 2825 cor-

96 2837 233 2885 ruptio.
285 2835 382 2871 Nam
406 2834 510 2872 Med.
536 2835 643 2883 prim.
668 2834 825 2873 exhibet.
875 2836 941 2875 sed
957 2840 1058 2875 etiam

94 2886 245 2926 decedens
262 2887 404 2921 omnium
421 2885 589 2922 haeredem
608 2887 766 2932 instituit.

1103 2685 1251 2734 seduc‘iis
1281 2696 1327 2724 <7
1353 2700 1440 2726 metu
1476 2692 1612 2726 territis.

2030 1191 2081 1252 ſs

1119 1315 1264 1352 ritatem
1294 1314 1403 1352 MSS.
1438 1314 1615 1353 tredecim
1647 1316 1685 1353 δε
1709 1317 1881 1354 omnium
1918 1321 2084 1368 antiqua-2

1121 1377 1204 1403 rum
1227 1365 1448 1404 editionum.
1498 1367 1647 1415 Pighius
1672 1367 1909 1417 interposuit,
1928 1369 2007 1416 fibi.

1172 1428 1232 1455 20.
1260 1421 1343 1452 Non
1371 1431 1466 1468 quem
1499 1429 1652 1468 expertus
1680 1418 1768 1467 erat]
1816 1420 1906 1455 Non
1936 1431 2084 1463 curam,

1123 1478 1202 1504 non
1224 1468 1416 1516 respiciens
1429 1496 1438 1512 ,
1452 1468 1556 1517 quod
1572 1467 1663 1506 filius
1684 1469 1914 1518 parricidium
1936 1481 2090 1520 pararat.

1172 1581 1233 1607 21.
1259 1569 1334 1610 ‘Ad
1351 1570 1406 1606 hoc
1419 1568 1572 1619 sceleris]
1593 1569 1670 1607 Sec.
1694 1571 1731 1607 δί
1751 1570 1838 1619 sept.
1861 1571 1967 1609 Leid.
1988 1572 2091 1611 Barb.

1122 1620 1310 1668 prim.Bit.
1330 1621 1398 1658 sec.
1422 1621 1498 1659 Ad
1516 1622 1742 1669 ltuncsteler't's
1756 1621 1965 1672 progreffiem.
1987 1624 2092 1662 Leid⁰

1123 1671 1241 1718 quint.
1276 1671 1351 1712 eAd
1379 1671 1460 1707 hunc
1483 1673 1616 1720 sceleris
1639 1672 1785 1721 gradum
1808 1674 2020 1722 progreffitm.
2055 1677 2093 1713 &

1123 1720 1172 1758 fic
1190 1721 1260 1758 Bit.
1288 1722 1396 1770 prim.

1172 1783 1233 1810 22.
1259 1772 1436 1809 Sedufiam
1455 1786 1591 1808 uxorem
1601 1773 1772 1821 suspicans
1783 1776 1978 1822 suppliciter
1994 1789 2092 1827 roga-

1120 1822 1195 1872 vit]
1220 1823 1534 1861 Contaminarunt
1554 1824 1654 1861 hunc
1668 1824 1795 1862 locum
1815 1826 1914 1863 scioli
1934 1827 2093 1865 inseren-

1122 1871 1171 1910 do
1202 1874 1326 1924 inepta
1356 1872 1585 1924 glossemata.
1614 1876 1715 1917 cuius
1746 1875 1879 1924 duplex
1909 1877 1955 1914 est
1978 1877 2089 1915 leetio

1120 1923 1158 1960 in
1180 1927 1432 1975 manuscriptis
1450 1925 1544 1962 libris
1559 1954 1569 1970 ,
1596 1938 1682 1963 nam
1704 1927 1740 1963 in
1762 1927 2031 1966 Pulmanniano
2054 1931 2092 1967 ἃ

1121 1973 1273 2013 Sufiano
1300 1975 1347 2013 fic
1376 1976 1577 2020 habemus;
1605 1979 1779 2014 Sedut‘lam
1808 1994 1941 2015 uxorem
1959 1982 2091 2029 suppli-

1118 2038 1197 2061 cans
1214 2029 1362 2077 rogavit.
1418 2028 1461 2064 In
1482 2028 1712 2066 Atrebatenfi
1729 2057 1738 2073 ‚
1767 2041 1808 2066 ac
1833 2030 2090 2068 Gemblacensi

1119 2087 1211 2114 vero
1242 2079 1322 2122 fic;
1359 2076 1531 2115 Seduc‘lam
1560 2094 1695 2116 uxot-sm
1714 2081 1913 2130 suppliciter
1941 2083 2088 2131 roga-tiit.

1119 2128 1228 2175 Quae
1247 2129 1359 2167 lectio
1380 2130 1471 2167 mihi
1494 2131 1734 2178 praeferenda
1755 2131 1912 2169 videtur.
1949 2133 2088 2171 PIGH.

1116 2177 1292 2215 Sedunum
1312 2195 1446 2217 uxorem
1456 2183 1628 2230 suspicans
1638 2183 1834 2229 suppliciter
1851 2186 1999 2233 rogavit.
2034 2185 2089 2222 Ita

1116 2226 1248 2276 legitur
1269 2230 1307 2266 in
1326 2231 1433 2268 MSS.
1463 2231 1770 2279 quatuordecim:
1799 2231 1957 2271 omnino
1981 2235 2087 2274 male.

1117 2287 1222 2322 orta,
1250 2279 1275 2316 fi
1303 2280 1393 2329 quid
1422 2280 1560 2325 video,
1590 2281 1637 2318 est
1665 2282 1880 2331 depravatio
1912 2297 1957 2322 ex
1990 2286 2084 2323 male

1115 2328 1300 2367 intellecta
1331 2343 1426 2368 voce
1455 2330 1592 2379 sedulia
1617 2361 1627 2376 ,
1668 2346 1780 2382 quam
1812 2347 1928 2385 quum
1956 2337 2083 2374 sciolus

1117 2380 1304 2426 crederet,
1337 2381 1563 2431 significare,
1593 2395 1800 2432 corruptam,
1834 2386 2080 2430 adulteratam,

1117 2432 1287 2479 opinatus
1310 2433 1358 2470 est
1371 2461 1381 2479 ‚
1409 2433 1562 2471 verbum
1585 2437 1750 2482 suspicari
1769 2437 1829 2474 hic
1851 2438 2006 2475 omnino
2025 2436 2079 2473 lo-

1113 2493 1199 2520 cum
1222 2483 1368 2521 habere.
1421 2486 1552 2534 Quum
1565 2485 1736 2532 seductam
1751 2517 1761 2532 ‚
1788 2489 1878 2525 nihil
1898 2487 1991 2524 aliud
2011 2486 2050 2522 sit
2065 2512 2075 2526 ,

1111 2544 1224 2581 quam
1245 2537 1281 2570 in
1294 2537 1453 2582 secremm
1480 2535 1653 2572 deduc‘iam
1669 2540 1849 2586 ,seorfim,
1875 2539 2003 2574 remotis
2021 2551 2077 2572 ar-

1110 2583 1210 2622 bitris
1234 2584 1423 2624 abductam.
1445 2587 1544 2624 Vide
1556 2588 1668 2626 Viros
1690 2590 1860 2626 Eruditos
1877 2587 1919 2623 ad
1938 2587 2076 2625 Pii-aed.

1113 2635 1158 2673 L.
1182 2648 1243 2672 111.
1275 2650 1331 2675 10.
1359 2638 1445 2675 Liv.
1469 2639 1515 2675 L.
1543 2651 1653 2676 xxm.
1683 2652 1738 2688 34.
1771 2637 1940 2675 comitibus
1966 2652 2074 2674 eorum

1675 2689 1770 2725 Vide
1800 2690 1837 2724 &
1861 2687 1989 2724 Cellar.
2027 2689 2074 2725 de

1112 2737 1196 2776 Lat.
1225 2739 1361 2776 Eccles.
1394 2752 1428 2788 p.
1460 2740 1540 2786 184.
1574 2738 1712 2777 Gudius
1739 2738 1782 2774 ad
1813 2738 1936 2775 locum
1956 2738 2075 2776 Phae-

1114 2787 1167 2825 dri
1195 2788 1294 2838 legit.
1320 2792 1519 2841 Suppliciter
1537 2791 1694 2840 rogavit,
1726 2788 1871 2833 deleto,
1892 2792 2063 2837 suspicans
2086 2822 2094 2830 .

1112 2838 1260 2877 Tollius
1280 2840 1325 2878 ad
1348 2842 1488 2879 Auson.
1518 2839 1692 2878 Periocha
1723 2838 1822 2876 iliad.
1854 2853 1909 2877 11.
1937 2852 1969 2889 p.
1992 2852 2073 2886 741.

1111 2901 1157 2927 ex
1177 2891 1308 2940 scripto
1327 2891 1421 2930 libro
1440 2892 1622 2929 emendat.
1650 2888 1824 2926 seductam
1845 2905 1977 2926 uxorem
1989 2892 2073 2937 fim-

76 2978 79 2980 ,
150 2951 206 2988 19,
233 2938 338 2988 Qem
352 2936 534 2988 genuerat]
565 2937 624 2974 Sic
645 2935 740 2975 edidi
766 2936 904 2977 secutus
930 2938 1059 2978 aueto-
1103 2942 1238 2991 pliciter
1264 2945 1412 2994 rogavit.
1464 2943 1637 2992 Dicitque
1664 2940 1701 2976 in
1721 2940 1873 2990 vulgatis
1892 2941 1972 2979 efle.
2012 2944 2072 2976 Su-

1668 2991 1759 3029 Ttt

2003 2992 2079 3040 sti·
