2516 3509
580 73 732 133 DE
822 74 1695 148 PUDIC'ITIAJ‘
2034 116 2139 176 531

136 176 328 226 Furium
372 174 639 225 Brocchum
662 213 678 239 ‚
725 181 803 244 qui
845 183 1233 251 deprehenderat,
1293 186 1573 242 5⁸··f·a.miliae
1608 195 1911 263 ‘stuprandum
1953 201 2142 267 objecit.

136 254 319 315 Qibus
351 255 441 302 irae
473 254 573 303 suae
605 257 856 322 indulsisse,
892 262 1037 311 fraudi
1073 283 1166 314 non
1200 267 1301 316 fuit.

891 401 1375 464 EXTERNA.

195 533 353 598 Atque
382 546 435 583 ut
463 535 721 586 domesticis
756 554 940 590 externa
972 543 1260 607 subneetam,
1295 545 1473 602 Graeca
1508 545 1673 595 femina
1713 552 1899 598 nomine
1934 555 2128 633 Hippo⁹

130 625 238 659 cum
273 613 474 661 hostium
509 615 638 663 classe
666 617 770 665 esset
804 635 1022 686 excepta,
1064 624 1112 672 in
1144 641 1264 672 mare
1293 625 1334 672 se
1355 659 1370 685 ‚
1402 639 1456 673 ut
1486 641 1636 675 morte
1669 629 1938 693 pudicitiam
1978 648 2125 682 tuere-

2028 725 2130 770 tur7

129 841 166 865 2.
192 840 252 879 37.
277 829 366 879 legit
388 831 496 869 Carbo
506 833 686 874 eAttienus
702 834 866 873 aBibieno
880 864 890 880 ,
916 845 1101 876 monente
1155 839 1299 877 Verum
1316 840 1572 878 Brocchorum
1595 843 1758 880 familiae
1780 845 1817 883 ὃς
1832 856 1973 885 nornen
1995 849 2122 889 Furio-

131 879 343 920 Perizonio.
1152 901 1234 927 rum
1265 889 1392 935 fuiffe‚
1414 892 1578 929 constare
1608 895 1724 941 potest
1754 907 1796 932 ex
1827 908 1946 936 numo
1976 901 2119 949 Urfim',

177 931 236 980 56.
265 934 345 969 Item
370 934 506 969 Pontius
522 947 544 969 a
566 935 604 972 P.
627 936 745 972 Cernio
765 935 969 987 deprehenfi]
996 938 1100 977 Harl.
1153 941 1216 988 qui
1237 940 1284 978 fic
1304 941 1437 986 habet,
1461 942 1507 979 L.
1536 943 1682 982 vavs
1719 945 1790 984 CN.
1828 947 1865 985 F.
1894 949 2113 992 Bizoccnvs.

128 982 329 1031 Pompicius.
359 985 464 1021 Tum
492 984 550 1020 alii
579 987 696 1022 Cernio
717 1015 728 1030 ,
760 991 918 1031 Ceronio,
951 991 1097 1034 Cannio,

125 1034 259 1070 cervia.
290 1035 468 1072 Torrent.
494 1035 580 1072 loco
609 1036 722 1074 citato
752 1041 810 1076 M.
841 1039 985 1076 Pontius
1014 1055 1036 1076 a
1054 1044 1098 1079 P.

125 1084 246 1118 Cer-vio
266 1083 477 1133 deprehensi,
507 1087 617 1123 etiam
640 1087 685 1124 ad
705 1088 787 1125 Lib.
808 1089 825 1126 '1
840 1103 865 1126 ι.
891 1090 963 1127 Sat.
988 1104 1017 1128 1.
1036 1103 1095 1137 47.

123 1133 194 1172 Ed.
218 1134 328 1182 Mog,
357 1138 394 1172 P.
421 1139 546 1173 Servio.
577 1147 625 1176 ut
642 1150 795 1187 quoque
825 1140 863 1177 in
891 1140 953 1178 illo
972 1142 1096 1180 Hora-

122 1183 164 1220 tii
192 1182 279 1221 loco
303 1186 507 1224 Lambinus
535 1187 657 1236 legere
691 1190 832 1235 voluit,
859 1192 1094 1241 improbante

124 1234 343 1273 Torrentio.

167 1297 228 1332 57.
256 1289 318 1324 Cn.
345 1287 447 1322 etiam
470 1289 588 1325 Furias
611 1292 761 1327 Broccum
793 1307 889 1343 quem
918 1293 1095 1343 deprehen-

118 1333 233 1386 derat]
263 1337 304 1374 In
340 1338 538 1386 Campenfi
571 1352 591 1377 e
620 1350 772 1386 contra;
803 1347 863 1381 Cn.
895 1347 996 1381 etiam
1025 1350 1094 1383 fu-

116 1388 203 1423 rium'
246 1388 399 1425 Brochus.
462 1389 504 1425 In
551 1391 626 1429 aliis
651 1421 660 1437 ‚
717 1396 777 1430 Cn.
819 1397 921 1431 etiam
957 1399 1094 1434 Furium

115 1437 271 1474 Broclmm
293 1441 352 1489 qui
369 1438 637 1481 deprehenderat.
672 1444 736 1482 Tu
757 1445 844 1483 Vide
866 1446 983 1485 lector
1000 1449 1090 1498 quid

117 1487 219 1538 sequi
238 1489 338 1527 velis.
391 1490 494 1528 Illam
528 1505 618 1530 vero
646 1494 849 1534 lectionem
874 1497 975 1546 plura
999 1511 1091 1537 con—

116 1537 265 1577 firmant
285 1541 531 1589 exempl-arim
551 1544 687 1581 Brochus
707 1547 922 1586 Anniorum
943 1562 1087 1598 cogno-

115 1600 206 1627 men
230 1591 302 1634 est;
332 1593 370 1628 &
390 1592 488 1642 apud
511 1593 638 1632 Furios
658 1599 805 1645 reperiri
824 1627 833 1643 ,
863 1599 1000 1638 denarii
1022 1615 1085 1640 an-

113 1641 209 1690 tiqui
239 1642 412 1679 testantur
439 1643 562 1681 etiam.
624 1646 754 1697 Itvque
780 1648 902 1698 legere
930 1652 1084 1698 malim,

110 1693 173 1728 Cn.
200 1693 303 1728 etiam
331 1695 468 1729 Furium
493 1695 649 1732 Brochum
677 1698 814 1748 quidam
847 1700 1082 1751 deprehendit,

108 1744 329 1789 &familiae
349 1745 570 1793 stuprandum
595 1748 724 1795 objecit.
751 1751 890 1790 PIGH.
931 1755 1082 1793 Brochus.

109 1791 193 1830 Lib.
228 1794 391 1831 Danielis
430 1796 596 1834 Brocchus.
660 1800 794 1839 Cicero
823 1815 891 1851 pro
921 1805 1074 1853 Ligario

107 1844 259 1881 Brochus.
297 1846 491 1884 Consentit
516 1855 620 1886 vetus
651 1850 896 1891 Gloffarium:
935 1857 1076 1894 Broc-hm

104 1893 124 1929 θ’
142 1898 178 1930 τό
205 1894 268 1931 οἵνω
297 1900 427 1941 zeh&
449 1899 585 1938 ω’ἕηκώς.
612 1901 758 1939 Nonius
779 1905 898 1943 scriblt
919 1908 1074 1946 Broncus.

107 1943 157 1981 Et
176 1945 226 1982 ita
244 1945 342 1993 apud
361 1946 531 1986 Plautum
550 1949 680 1998 legitur
699 1954 842 1992 Milite:

311 2008 504 2044 compernem
525 2012 585 2036 aut
604 2001 754 2039 broncum
767 2006 893 2051 filium.

103 2044 176 2082 Sed
197 2046 314 2082 malae
342 2047 427 2083 istae
453 2049 656 2098 scripturae.
709 2054 863 2092 Suidas:
897 2054 1070 2100 βρέγχΘ·

99 2094 296 2136 nagan-dem.
349 2096 601 2138 Brocchorum
633 2104 796 2142 familiae
824 2118 966 2143 nomen
997 2107 1072 2144 ΡΗ·-

97 2146 241 2184 riorum
267 2145 369 2184 fuiffe
385 2176 394 2190 ‚
419 2149 558 2187 indicat
578 2152 655 2190 Ful.
683 2155 847 2193 Urfinus.
876 2157 930 2194 Ita
951 2157 1063 2196 etiam

95 2196 326 2234 scribendum
353 2197 421 2235 effe
438 2199 549 2238 docet
569 2204 728 2251 ejusdem
749 2207 930 2245 numisma
950 2216 1064 2247 vetus.

99 2248 146 2285 L.
174 2260 373 2286 FVRIVS.
419 2262 491 2288 CN.
530 2265 560 2288 ιτ.
600 2267 876 2295 BROCCHVS.
922 2259 1064 2297 Emen-

96 2297 146 2336 do
169 2300 312 2337 versum
335 2301 479 2338 Lucillii
499 2302 595 2351 apud
616 2306 810 2343 Nonium:
864 2343 872 2349 ,

145 2351 300 2386 Brocchus
321 2353 516 2388 Bovillanus
547 2352 642 2390 dente
662 2356 800 2405 adverso
819 2359 962 2396 eminulo
981 2375 1059 2406 une,

147 2403 218 2436 Hoc
236 2404 280 2447 est
302 2403 510 2450 Rhinoceros.
538 2410 544 2416 ”

91 2450 186 2489 Salse
207 2460 317 2488 vocat
338 2453 504 2489 Brocdmm
526 2455 739 2493 Bovillanum
760 2457 809 2494 Ob
831 2459 1060 2500 eminentem

92 2513 209 2539 unum
240 2501 390 2540 dentem
425 2505 689 2544 Rhinocerota.
754 2509 806 2546 Ita
830 2511 1058 2555 ιίἡληγορμῶς

91 2552 290 2590 Martialis:

142 2607 184 2639 Et
201 2605 294 2651 pueri
311 2606 425 2651 nasum
449 2605 676 2655 Rhinocerotis
705 2608 834 2646 habent.
863 2611 1057 2653 COLER.

91 2655 152 2690 Cn.
177 2656 276 2689 etiarn
298 2657 429 2690 Furium
449 2657 617 2694 Brocchum
634 2662 693 2709 qui
713 2659 976 2710 deprehenderat.
1000 2666 1054 2703 Ita

91 2712 246 2754 uterque
288 2705 369 2742 cod.
411 2706 542 2745 Brand.
584 2711 753 2759 Eamque
787 2711 985 2752 lectionem
1014 2716 1053 2754 in

90 2755 199 2793 codd.
236 2755 340 2792 MSS.
378 2757 415 2793 ὃς
452 2757 596 2806 Pighius
633 2761 848 2801 observavit.
907 2766 1049 2806 Mirum

84 2805 217 2854 igitur,
246 2806 348 2855 quod
368 2806 467 2844 idern
495 2820 621 2847 tamen
653 2824 718 2860 pro
749 2815 807 2862 qui
835 2814 1050 2864 deprehende-

84 2868 161 2900 rat,
188 2857 321 2906 scripfit
349 2857 485 2906 quidam
514 2864 572 2908 qni
596 2861 803 2910 deprehendtt
824 2874 881 2904 Θ.
931 2868 1048 2908 Aldus

84 2907 267 2953 ediderat,
289 2911 348 2944 Cn.
375 2911 474 2944 etiam
498 2914 617 2948 Furius
639 2916 784 2950 Broccnm
799 2945 808 2961 ,
826 2931 919 2967 quem
935 2918 1047 2968 depre-

81 2956 257 3006 henderar3
286 2958 385 3010 quasi
414 2960 541 3001 Furius
569 2965 606 3001 &
628 2964 789 3005 Broccus
813 2968 942 3008 diverfi
964 2970 1043 3011 sint.

1152 992 1346 1030 VORST.
1377 992 1478 1030 Harl.
1503 995 1608 1032 Leid.
1637 1004 1719 1033 tert.
1745 1007 1864 1046 quart.
1891 1004 1973 1037 Cum
2006 1006 2116 1047 Gaius

1150 1044 1251 1078 etiam
1270 1046 1406 1080 Furium
1426 1048 1557 1081 Brocum
1579 1061 1673 1096 quem
1692 1047 1954 1097 deprehenderat.
1983 1055 2114 1102 Copes.

1148 1095 1184 1129 C.
1214 1096 1330 1130 Furius
1356 1098 1525 1139 Broccum,
1548 1110 1643 1147 quem
1670 1097 1934 1147 deprehenderat.
1959 1113 2112 1155 uterque

1148 1144 1279 1183 Ultraf.
1307 1147 1373 1182 Cn.
1399 1148 1536 1183 Furium
1559 1149 1726 1185 Brocchum
1755 1165 1862 1199 quem.
1890 1153 1997 1193 Leid.
2024 1157 2112 1205 sept.

1145 1196 1287 1239 Brona,
1315 1198 1374 1245 qui
1389 1199 1470 1240 ,al‚
1497 1199 1674 1241 Brochurm
1703 1215 1808 1248 quem.
1836 1202 1938 1241 Barb.
1959 1207 2112 1248 &MCCL

1141 1246 1210 1283 sec.
1233 1247 1404 1283 Brocchum
1423 1262 1529 1298 quem.
1555 1249 1662 1286 Leid.
1689 1250 1755 1288 sec.
1778 1254 1931 1289 Brorhum
1952 1259 2020 1305 qui,
2040 1258 2108 1298 Bit,

1143 1297 1252 1344 prim.
1280 1299 1319 1336 &
1338 1298 1443 1336 Med.
1469 1299 1576 1347 prim.
1604 1301 1779 1345 Brocdms,
1809 1305 1879 1352 qui.
1906 1305 1973 1343 Ed.
2001 1309 2107 1359 Mog.

1144 1348 1315 1385 Brocchum
1333 1362 1440 1399 quem.
1468 1350 1584 1388 Periz.
1611 1354 1734 1387 Cneum
1755 1355 1856 1389 etiam
1877 1358 2007 1393 Brocnm
2020 1387 2030 1401 ,
2051 1363 2111 1410 qni

1143 1396 1398 1448 deprehenderat
1418 1403 1577 1446 familiae
1598 1406 1746 1449 stuprum
1761 1429 1771 1445 ,
1792 1403 1869 1441 dum
1899 1406 2111 1456 objecit.st1.-

1137 1460 1236 1498 prum
1255 1449 1336 1488 dum
1349 1479 1360 1495 ,
1383 1452 1431 1488 est
1451 1453 1564 1490 etiam
1583 1453 1620 1490 in
1642 1453 1711 1491 Bit.
1732 1455 1866 1502 primo.
1890 1457 2110 1500 Torrentius

1142 1500 1240 1549 legit.
1268 1503 1330 1540 Cn'.
1359 1504 1460 1539 etiam
1479 1506 1618 1540 Furium
1640 1505 1820 1549 Brochum,
1850 1510 1906 1556 qus'
1938 1507 2112 1558 deprehen-

1140 1551 1217 1596 dit,
1236 1553 1627 1604 familiaestuprandum
1645 1555 1772 1600 objecit.
1799 1556 1845 1594 ad
1876 1559 1969 1596 Hor.
2001 1562 2045 1598 L.
2077 1576 2107 1601 1.

1139 1602 1210 1640 Sat.
1243 1617 1298 1641 11.
1327 1616 1386 1653 37.
1415 1606 1558 1642 Verum
1588 1608 1742 1642 Brocchus
1781 1620 1859 1645 non
1892 1609 2010 1648 solum
2043 1624 2106 1650 co-

1134 1664 1304 1700 gnomen
1322 1656 1531 1693 ,A'nniorum
1554 1657 1603 1693 est
1617 1685 1627 1701 ‚
1639 1659 1678 1694 &
1699 1659 1868 1694 Pariorum
1883 1687 1894 1703 ‚
1916 1660 1977 1698 sed
1993 1663 2103 1702 etlam

1133 1706 1359 1753 Turpilioram
1383 1733 1394 1748 ‚
1432 1713 1471 1743 ut
1497 1706 1614 1755 liquet
1652 1719 1697 1745 ex
1733 1709 1969 1758 inscriptione
2007 1715 2104 1762 apud

1134 1754 1315 1804 Sponium
1331 1784 1341 1801 ,
1353 1757 1403 1795 T.
1420 1769 1450 1794 1.
1463 1768 1498 1805 p.
1512 1757 1594 1807 366.
1606 1770 1720 1808 quam
1744 1760 1869 1798 citavit
1879 1761 2101 1805 Perizonius.

1226 1857 1468 1895 IVNONI
1516 1859 1872 1899 AVGVSTAE

1174 1908 1508 1947 APPVLEIA
1547 1912 1603 1948 M.
1639 1911 1678 1949 F.
1713 1913 1975 1958 QVINTA

1173 1958 1276 1996 SVO
1316 1960 1388 1997 ET
1426 1961 1472 1996 L.
1510 1961 1752 1999 TVRPILII
1786 1963 2025 2005 BROCCHI

1174 2008 1517 2050 LICINIANI
1553 2013 1712 2051 FILII
1752 2014 2025 2056 NOMINE.

1122 2108 1296 2150 Occurrit
1325 2112 1437 2150 etiam
1468 2114 1614 2152 mentio
1645 2117 1820 2153 „Armenii
1847 2119 1976 2155 Brocchi
2006 2132 2089 2169 pro·

1119 2161 1273 2199 consulis
1301 2171 1474 2212 tempore
1496 2165 1708 2203 Domitiani
1739 2167 1835 2215 apud
1862 2169 1953 2208 Plin.
1982 2172 2026 2210 L.
2054 2186 2085 2210 X.

1115 2209 1183 2257 Ep.
1213 2224 1272 2249 21.
1308 2213 1353 2250 ad
1380 2226 1494 2263 quem
1538 2215 1666 2253 locum
1703 2219 1851 2255 notavit
1879 2220 2084 2261 Catanaeus

1116 2260 1313 2301 Claudiurn
1352 2263 1619 2311 Imperatorem
1659 2266 1828 2315 scripfiffe
1869 2271 1914 2308 ad
1945 2273 2082 2320 Junium

1113 2312 1283 2349 Brocchum
1308 2314 1421 2363 Illyrii
1440 2316 1682 2363 praefectum.
1738 2319 1814 2356 Hic
1844 2328 1971 2360 tamen
1993 2337 2076 2362 cum

1115 2362 1322 2402 Torrentl'o
1349 2366 1512 2413 legerim.
1564 2371 1701 2404 furium
1722 2370 1915 2417 Brocchum,
1938 2377 2007 2424 alui.

1163 2414 1221 2461 58.
1247 2418 1414 2452 Familiae
1429 2417 1668 2467 stuprandum]
1704 2419 1816 2458 Poffir
1845 2423 1935 2461 haec
1963 2437 2077 2472 paena

1109 2474 1241 2511 parum
1257 2466 1349 2515 justa
1368 2468 1407 2504 ὃς
1427 2467 1592 2516 legitima
1613 2469 1740 2508 videri.
1794 2473 1863 2511 Sed
1889 2475 1935 2511 ira
1968 2475 2014 2511 est
2036 2483 2074 2511 ut

1106 2514 1327 2563 Papinianus
1356 2518 1435 2556 ait:
1475 2521 1544 2567 Qi
1574 2520 1712 2558 occidere
1736 2527 1839 2571 potest
1866 2524 2069 2568 adulterum,

1106 2567 1211 2602 multo
1231 2569 1338 2617 magis
1357 2572 1554 2606 contumelia
1585 2575 1708 2619 poterit
1735 2578 1806 2618 jure
1823 2574 1965 2620 adficere.
2016 2575 2068 2612 Ita

1106 2616 1327 2657 castrationis
1348 2632 1500 2670 quoque
1521 2632 1644 2669 poena
1663 2623 1751 2660 olim
1773 2623 1859 2660 talio
1877 2625 1953 2661 fuit.
1977 2626 2066 2663 CO.

1107 2667 1223 2707 LER.
1251 2670 1383 2708 Allufit
1398 2672 1471 2708 huc
1494 2673 1628 2710 Horat.
1656 2674 1700 2709 L.
1719 2687 1747 2710 1.
1776 2674 1843 2709 Sat.
1874 2686 1906 2710 2.
1933 2688 1990 2722 44.

1254 2725 1356 2758 Hunc
1379 2724 1631 2773 perminxerunt
1659 2725 1784 2758 calones
1806 2731 1877 2760 (Vc.

1154 2783 1212 2819 59.
1240 2775 1345 2818 Cujus
1382 2786 1494 2819 corpus
1521 2773 1693 2813 Erechtheo
1731 2775 1839 2809 littori
1867 2775 2059 2826 appulsum]

1095 2819 1159 2857 Sic
1178 2822 1373 2861 ediderunt
1390 2824 1505 2862 Aldus
1519 2852 1528 2868 ‚
1555 2822 1744 2861 Asccnfius
1760 2825 1798 2860 δε
1820 2827 1930 2863 ceteri
1949 2828 2060 2876 usque

1097 2870 1137 2908 1'n
1155 2872 1255 2910 hunc
1284 2864 1520 2913 diem‚⁶Ven.
1546 2874 1724 2910 Erichtheo.
1751 2875 1856 2924 Mog.
1881 2879 2059 2925 Erytheo,

1099 2922 1256 2961 Mediol.
1284 2926 1465 2975 Erythraeo
1486 2954 1496 2970 ,
1533 2925 1635 2974 quod
1668 2923 1852 2964 Oliverius
1883 2929 2055 2976 exponit,

1093 2975 1200 3013 Mari
1216 2974 1311 3014 rubro
1324 3005 1335 3023 ‚
1347 2989 1434 3017 nam
1453 2976 1603 3026 erythron
1621 2974 1768 3062 rugitum
1792 2976 1934 3016 dicitur.
1954 2979 2055 3034 quod

1704 3038 1758 3063 xx
1786 3040 1806 3064 z
1967 3040 2062 3076 rcjc-
