2516 3509
145 310 238 342 isaer.

144 356 303 392 Areopag.

146 618 258 652 Cic.de
270 624 338 657 opt.

145 671 218 703 gen.
253 667 338 690 orat.

144 847 314 881 Demossh.

148 892 275 933 Ulpiau.

359 159 462 212 170

632 129 1039 188 VALERII
1114 127 1484 187 MAXIMI
1527 132 1764 190 L13.11.
1812 134 1958 192 CAP.
1997 132 2102 192 VI.

431 252 465 280 ¹5
498 236 711 302 Ejusdem
733 235 856 282 urbis
880 234 1196 284 sanctissimum
1222 237 1460 285 confilium
1502 242 1855 308 ¹⁶·Areopagus‚
1896 251 1935 282 ¹7
1955 242 2066 307 quid
2100 238 2286 305 quisque
2305 241 2372 288 A-

358 315 659 367 theniensium
680 327 862 380 ageret,
896 327 974 360 aut
993 331 1193 378 quonam
1219 315 1403 378 quaestu
1427 315 1768 378 sustentaretur,
1804 315 1845 347 ¹3
1866 318 2205 384 diligentissime
2223 318 2375 381 inqui-

358 413 453 444 rere
472 394 668 451 solebat3
706 407 760 441 ut
782 393 989 440 homines
1031 400 1073 431 ¹9
1094 393 1405 454 honestatem,
1437 395 1559 442 vitae
1591 400 1814 445 rationem
1848 415 2071 446 memores
2105 398 2376 446 reddendam

361 475 446 521 effe
459 509 474 534 ,
510 473 812 538 sequerentur.

427 553 599 601 Eadem
639 560 684 581 20
708 553 853 600 bonos
881 554 1002 600 cives
1036 568 1206 598 corona
1235 550 1479 597 decorandi
1516 552 1667 615 primo
1690 549 2065 614 consuetudinem
2086 553 2377 613 introduxit,

358 634 538 682 duobus
558 635 681 682 oleae
702 634 922 681 connexis
952 632 1132 679 ramulis
1171 639 1209 658 2¹
1238 631 1411 678 clarum
1436 631 1622 678 Periclis
1656 631 1886 696 cingendo
1917 645 2069 695 caput.

146 703 222 791 ξιξ
242 719 295 742 5⁶·
360 711 651 770 institutum,
689 718 730 737 22
757 709 847 755 five
870 725 963 754 rem
978 742 995 767 ,
1032 707 1122 753 five
1146 706 1380 771 personam
1404 708 1571 754 intueri
1593 708 1716 754 velis.
1781 707 1910 754 Nam
1936 706 1984 752 &
2002 709 2185 755 virtutis
2204 710 2379 757 uberri-

143 805 258 838 Aesch.

2137 633 2381 680 Probabile

363 803 493 834 mum
512 784 779 830 alimentum
804 783 867 829 est
888 783 1034 829 honos
1046 804 1062 838 3
1097 781 1145 828 ἃ
1167 783 1363 829 Pericles
1383 782 1546 847 dignus
1568 782 1593 830 a
1612 800 1705 848 quo
1729 782 1829 831 talis
1853 783 2048 830 muneris
2070 783 2204 832 dandi
2227 794 2264 823 ²³
2293 804 2379 851 po-

369 865 536 912 steritas
559 861 844 928 potiffimum
865 862 1050 908 initium
1073 874 1269 926 caperet.

369 1073 484 1122 Cujus
503 1066 673 1110 leflionis
693 1077 890 1109 remanent
905 1070 1018 1108 etiam
1040 1069 1189 1119 vestigia
1209 1070 1247 1108 in
1265 1068 1352 1108 Pul·

368 1124 596 1166 manniano3
625 1134 721 1172 quae
739 1122 893 1171 quidem
924 1122 1163 1171 praeferenda
1193 1121 1351 1158 videtur.

371 1173 622 1212 Atrebatenfis
643 1172 788 1221 collegii
807 1172 1096 1217 codex‚.„Arei0s
1113 1182 1222 1222 pagus
1242 1171 1355 1209 habet

371 1237 458 1262 cum
493 1224 721 1262 Graecisms).
755 1224 894 1261 PIGH.
946 1226 1002 1271 Est
1025 1232 1070 1259 (θ’
1091 1223 1231 1272 ejusdem
1250 1223 1353 1260 urbis.

372 1276 428 1313 Ita
446 1287 490 1312 ex
511 1283 672 1324 quatuor
692 1274 802 1313 codd.
823 1273 937 1312 edidit
956 1274 1126 1323 Pighius3
1148 1286 1270 1326 exque
1290 1274 1354 1312 eis-

371 1327 458 1364 dem
481 1327 519 1363 &
540 1325 692 1363 voculas
718 1326 775 1363 ubi
804 1324 913 1376 quod,
942 1327 980 1364 δε
1005 1325 1166 1375 denique
1197 1325 1354 1363 verbum

371 1376 457 1427 paff.
481 1380 610 1426 inquiri
638 1376 764 1414 hausit.
825 1377 971 1414 Verum
1001 1377 1229 1427 antiquiores
1259 1377 1356 1425 typis

374 1429 551 1477 expressi,
581 1429 619 1465 ὃς
638 1427 751 1464 ambo
771 1427 862 1465 item
883 1427 991 1465 MSS.
1011 1427 1143 1466 Brand.
1171 1436 1293 1466 totam
1313 1427 1357 1465 il-

373 1480 448 1517 lam
469 1478 664 1527 periodum
686 1478 734 1515 sic
754 1478 922 1528 scriptam
942 1478 1097 1516 habent:
1129 1477 1278 1529 Ejusdem
1298 1494 1357 1518 ur-

373 1531 424 1567 bis
455 1539 499 1565 <J
522 1529 758 1578 sanfiiſjimum
787 1531 951 1578 consilinm
983 1534 1197 1580 Areopa-gns
1223 1559 1233 1575 ‚
1276 1529 1359 1580 qnid

373 1583 512 1632 quisque
533 1581 799 1629 Atheniensium
816 1593 929 1631 ageret
941 1609 951 1625 ,
979 1592 1041 1617 aut
1059 1595 1201 1631 quonam
1220 1585 1358 1632 quaestu

362 1636 608 1682 Jhstentarctur
622 1660 632 1676 ,
649 1630 891 1682 diligentffme
907 1634 1072 1682 inquirere
1081 1631 1218 1680 solebat.
1247 1634 1359 1680 Quae

372 1683 484 1721 leelio
515 1683 607 1720 mihi
628 1684 743 1731 magis
765 1683 895 1731 placet.
931 1685 968 1720 V
983 1685 1019 1721 O
1034 1684 1100 1720 RS
1115 1684 1164 1722 T.
1226 1683 1358 1721 Nullus

373 1734 498 1772 Codd.
520 1734 732 1771 nostrorum
750 1736 931 1772 consentit
952 1746 1036 1771 curn
1057 1734 1250 1782 Pighianis.
1288 1734 1358 1771 Sed

371 1786 506 1834 partim
528 1784 665 1822 habent
679 1813 688 1829 ‚
716 1785 820 1834 quod
841 1785 974 1823 Brand.
1001 1784 1061 1822 vel
1083 1793 1128 1820 <J
1153 1785 1359 1829 omittunt,

372 1845 436 1874 aut
465 1843 610 1874 mutant
643 1848 681 1872 in
707 1839 808 1872 etiam
828 1864 839 1880 ,
887 1847 1018 1873 omnes
1045 1836 1158 1873 etiam
1192 1838 1359 1885 inquirere

375 1887 700 1936 exhibent3quare
723 1887 815 1925 ultra
831 1887 1031 1936 Pighianae
1047 1886 1200 1924 ledioni
1223 1886 1359 1924 adhae-

374 1938 534 1977 rendum
554 1950 632 1975 non
652 1939 791 1987 putavi.

433 1990 487 2028 16.
515 1988 744 2039 vireapagus]
787 1987 883 2025 Cod.
914 1986 1163 2025 Atrebatenfis
1187 2015 1198 2032 ‚
1236 1995 1276 2025 ut
1301 1988 1362 2025 Pi-

382 2041 485 2090 ghius
504 2040 674 2084 testatur,
700 2040 810 2077 habet
839 2042 978 2078 Areios
1002 2049 1134 2088 pagus:
1162 2039 1364 2088 quomodo

328 2114 330 2117 .
388 2094 426 2130 ἃ
446 2093 484 2129 in
506 2103 583 2129 uno
610 2091 694 2129 cod.
714 2089 894 2128 Brandeb.
923 2090 1030 2127 initio
1057 2090 1229 2138 scriptum
1262 2088 1366 2127 fuiffe

389 2151 551 2191 apparet.
626 2143 756 2191 anue
786 2141 933 2190 scriptio
965 2140 1107 2178 accedit
1134 2141 1285 2188 propius
1321 2140 1367 2178 ad

392 2195 581 2230 Graecum
606 2192 744 2237 Nee-⁴1&
764 2192 916 2235 nance-¹:
942 2191 1046 2241 quod
1068 2193 1239 2228 Adartiam
1256 2194 1368 2228 collem

390 2243 575 2293 fignificat.
630 2243 784 2281 Didium
816 2251 941 2280 autem
972 2243 1021 2279 ita
1045 2240 1138 2285 effe,
1165 2242 1214 2278 ἔτι
1241 2245 1371 2285 πρῶτος

384 2294 488 2337 ’Άρκς
507 2294 655 2330 οἷντῐὶιιθοε
675 2294 807 2339 e’aces'bn
821 2297 922 2344 ,quia
935 2296 1063 2342 primus
1075 2297 1181 2329 Mars
1199 2295 1236 2328 in
1255 2309 1288 2329 eo
1305 2294 1372 2329 loco

385 2344 555 2396 judimtus
576 2348 618 2393 est
633 2374 642 2390 ‚
669 2345 861 2383 Pausanias
882 2346 919 2381 in
938 2345 1070 2381 Atticis
1091 2343 1263 2392 prodidit.
1289 2344 1373 2382 Post

391 2397 457 2445 ipsi
475 2408 628 2447 quoque
656 2396 799 2445 jndices
819 2401 1030 2446 ...Areopagus
1060 2394 1170 2432 dieii:
1200 2395 1263 2444 qui
1293 2396 1376 2444 qui·

395 2448 484 2486 dem
513 2458 672 2484 numero
705 2458 847 2484 novem
877 2447 993 2483 fuere.
1026 2446 1224 2484 VORST.
1286 2448 1374 2484 Vat.

396 2500 503 2548 prim.
533 2499 571 2536 &
597 2496 701 2534 Med.
731 2504 812 2534 tert.
841 2496 976 2533 habent
995 2498 1230 2546 ‘siriospagun
1258 2496 1377 2535 Periz.

396 2550 636 2599 dreospagiis.
691 2547 762 2584 Sed
789 2545 957 2584 medium
978 2549 1008 2595 s
1024 2547 1165 2594 puneto
1200 2546 1247 2583 est
1266 2558 1375 2586 nota·

399 2609 493 2639 tum.
523 2599 630 2637 Leid.
648 2600 763 2648 quin-t.
783 2597 870 2634 sext.
888 2597 976 2646 sept.
1007 2608 1093 2634 cum
1125 2605 1287 2646 utroque
1307 2599 1376 2636 Ul-

399 2653 480 2701 traj.
512 2653 549 2688 &
573 2650 704 2698 Copes.
721 2651 945 2699 Ariopagus.
997 2650 1135 2688 Areios
1154 2658 1263 2697 pagus
1290 2660 1377 2697 pro-

400 2703 530 2741 batum
552 2699 655 2738 fuiffe
674 2701 705 2748 J.
727 2701 784 2738 Fr.
806 2699 1008 2737 Gronovio
1029 2698 1077 2736 ad
1096 2700 1181 2736 Liv.
1203 2699 1248 2735 L.
1265 2712 1294 2737 1.
1320 2701 1375 2738 18.

402 2754 658 2791 observaverat
686 2752 741 2789 Cl.
762 2750 1064 2798 Drakenburgius
1090 2751 1129 2787 in
1148 2750 1315 2799 margine
1336 2750 1379 2788 li-

403 2805 456 2842 bri
477 2805 538 2841 sui.

460 2867 514 2901 17.
549 2854 644 2904 Qid
683 2855 822 2904 qus‘fipie
851 2852 1119 2900 ,Atheniensium
1146 2864 1258 2902 ageret
1283 2851 1376 2902 270]

404 2907 517 2943 Hanc
545 2906 668 2950 legem
699 2905 743 2942 ab
774 2904 901 2942 Amafi
924 2904 1088 2953 Aegypti
1111 2904 1215 2951 Rege
1238 2904 1378 2941 institu-

406 2966 482 2994 tam
517 2954 620 2994 fuisse
644 2984 654 2999 ‚
691 2957 728 2993 &
757 2956 842 2993 inde
873 2955 893 2993 a
916 2956 1053 2993 Solone
1082 2955 1274 3002 repetitam
1307 2953 1381 2993 effe

401 3008 523 3045 statuit
554 3006 699 3044 Herod.
732 3008 777 3043 L.
799 3020 843 3043 11.
867 3019 948 3053 177.
977 3005 1149 3043 Similiter
1183 3005 1227 3043 de
1250 3006 1380 3056 Aegy-

399 3060 482 3107 ptiis
503 3059 705 3099 Diodorus.
740 3058 934 3097 Videndus
957 3058 994 3097 &
1013 3057 1213 3097 Marsham.
1237 3057 1380 3098 Chron.

2280 942 2386 1008 Age

1402 1082 1436 1119 p.
1460 1082 1542 1119 594.
1566 1070 1605 1107 δε
1635 1082 1719 1120 595.
1746 1069 1809 1108 De
1838 1068 2152 1110 Lacedaemoniis
2177 1071 2319 1110 Aeli-an.
2338 1072 2385 1109 L.

1403 1134 1446 1159 11.
1468 1122 1518 1159 V.
1540 1122 1589 1158 H.
1615 1134 1646 1169 ς.
1673 1122 1918 1160 PERIZON.

1458 1172 1514 1209 18.
1543 1172 1794 1222 Diligenttſjime
1815 1175 1982 1224 inquirere
1996 1171 2142 1223 sblebat]
2166 1173 2294 1223 Inquirb‘
2308 1201 2317 1217 ,
2334 1173 2387 1211 le·

1405 1222 1571 1272 gendum
1591 1233 1636 1259 ex
1651 1225 1730 1272 jam
1753 1224 1867 1262 distis.
1893 1224 2034 1262 PIGH.

1407 1273 2394 1363 ..1323'deffL’ZZZZ‘ZZ-..ZLZ‘nieissffi‘resffignffwstm

1459 1387 1518 1414 20.
1545 1378 1647 1412 Bonos
1676 1379 1761 1413 cives
1795 1391 1912 1415 corona
1942 1375 2115 1415 decorandi
2132 1377 2240 1425 primo
2259 1378 2391 1425 consue-

1406 1426 1554 1464 tudinem
1572 1425 1777 1476 introduxit]
1810 1429 1890 1466 MS.
1914 1429 2047 1478 Copes.
2065 1430 2188 1477 prima.
2243 1427 2390 1465 Confer

1406 1478 1500 1516 Plin.
1520 1478 1566 1515 L.
1588 1489 1665 1515 xm.
1686 1491 1721 1525 4.
1748 1478 1893 1517 Aelian.
1922 1480 1967 1517 L.
1988 1492 2021 1517 v.
2042 1480 2092 1516 V.
2110 1479 2161 1516 H.
2186 1491 2243 1527 19.
2269 1478 2390 1528 prima

1407 1530 1548 1574 eivs-eia
1575 1529 1699 1567 tribuit
1725 1530 1914 1568 Aminiae.
1938 1530 2186 1568 PERIZON.

1459 1593 1519 1618 21.
1546 1581 1684 1617 Clarum
1705 1583 1840 1617 Periclis
1870 1581 1985 1631 caput]
2013 1581 2173 1618 Pericles
2202 1587 2328 1618 orator
2350 1580 2391 1618 δε

1411 1632 1485 1669 dux
1506 1631 1740 1669 Atheniensis
1764 1632 1853 1670 fuit:
1883 1633 1947 1682 qui
1975 1632 2183 1681 suggestum
2217 1632 2395 1668 conscen-

1410 1683 1500 1720 dens
1521 1682 1644 1720 solitus
1667 1683 1736 1720 fuit
1754 1684 1893 1732 precari
1911 1692 1951 1721 ut
1983 1684 2127 1721 nullum
2159 1695 2204 1720 ex
2236 1694 2301 1720 ore
2328 1682 2394 1720 suo

1410 1733 1568 1771 verbum
1590 1733 1731 1779 exiret,
1757 1747 1835 1784 quo
1855 1734 2013 1784 populus
2032 1733 2295 1772 offenderetur.
2322 1734 2394 1770 Vi-

1412 1784 1458 1821 de
1481 1784 1640 1832 Quintil.
1661 1797 1732 1828 x11,
1755 1799 1790 1830 Q.
1819 1787 1857 1823 &
1878 1786 2024 1824 Aelian.
2038 1787 2128 1824 Var.
2151 1785 2244 1824 Hist.
2265 1796 2322 1828 1v,
2338 1797 2397 1822 10.

1411 1835 1609 1873 VORST.
1663 1836 1837 1874 Similiter
1857 1837 1903 1875 de
1923 1837 2160 1887 Thrasybulo
2198 1837 2328 1885 Nepos
2351 1835 2397 1873 C.

1411 1899 1444 1932 4.
1470 1889 1565 1922 Hus'c
1583 1895 1643 1936 pro
1671 1889 1777 1923 tantis
1799 1890 1926 1925 meritis
1946 1888 2079 1925 lionoris
2101 1902 2218 1925 corona.
2239 1886 2261 1923 ὲ
2271 1888 2396 1937 populo

1411 1936 1493 1974 data
1525 1940 1592 1985 est,
1614 1938 1709 1984 fab—fa
1735 1937 1862 1975 duabus
1890 1940 2037 1988 ‘virgulis
2063 1941 2246 1989 oleaginis:
2284 1952 2395 1988 quae,

1415 1986 1504 2038 quod
1527 2003 1621 2025 amor
1650 1990 1773 2025 civium
1790 2017 1799 2033 ‚
1828 2004 1894 2025 non
1915 1993 1996 2033 vis,
2023 1990 2242 2039 expreffirat,
2269 1991 2403 2026 nullam

1415 2039 1533 2076 babuit
1553 2036 1718 2076 invidiam
1732 2069 1742 2084 ‚
1769 2054 1891 2090 magna
1904 2042 1977 2086 suit
1988 2041 2113 2089 gloria.
2151 2041 2208 2077 Ex
2230 2037 2401 2087 oleagine

1419 2102 1560 2129 corona
1583 2089 1733 2128 dabatur
1763 2092 1876 2129 etiam
1899 2091 2051 2129 athletis,
2099 2089 2285 2130 Scholiast.
2314 2090 2402 2128 Ari-

1418 2142 1536 2191 stoph.
1558 2141 1603 2179 ad
1620 2141 1713 2178 Plut.
1736 2154 1772 2179 v.
1795 2142 1878 2190 586.
2334 2165 2337 2166 ν

1471 2205 1532 2230 22.
1569 2195 1651 2229 Sive
1678 2207 1746 2229 rem
1766 2194 1843 2241 ᾖτε
1866 2193 2037 2243 personam
2068 2190 2218 2241 intueri]
2255 2191 2404 2240 Pighius

1422 2244 1521 2291 prius
1529 2243 1606 2290 five
1625 2243 1750 2280 omifit
1761 2258 1772 2287 ;
1803 2243 1870 2281 nisi
1889 2245 1986 2281 forte
2007 2254 2206 2293 operarum
2228 2250 2406 2293 typogra-

1424 2295 1616 2342 phicarum
1639 2294 1776 2332 incuria
1796 2295 1835 2332 id
1856 2294 1898 2332 fit
1916 2293 2069 2332 fastum.
2114 2293 2184 2331 Sed
2205 2294 2329 2332 secure
2349 2304 2405 2333 ta-

1424 2356 1513 2382 men
1542 2344 1748 2383 editionem
1776 2345 1896 2395 Pighii
1926 2345 2039 2383 secuti
2066 2345 2147 2383 sunt
2181 2345 2336 2383 Colerus
2363 2347 2403 2384 δε

1427 2394 1601 2446 Thyfius.
1653 2396 1896 2446 Antiquiores
1926 2397 2023 2445 typis
2045 2396 2197 2445 expreffi
2219 2395 2346 2434 diserte
2364 2398 2404 2435 ὅ(

1426 2448 1524 2496 prius
1544 2446 1633 2485 illud
1645 2449 1724 2495 five
1739 2447 1895 2491 habent3
1924 2448 1984 2484 vel
2008 2455 2107 2484 certe
2126 2459 2194 2495 pro
2218 2459 2265 2485 eo
2274 2449 2319 2495 fi.
2357 2448 2411 2486 Et

1428 2498 1574 2536 codices
1596 2499 1687 2535 item
1708 2498 1819 2535 MSS.
1837 2497 1970 2535 Brand.
1990 2497 2149 2542 habent,
2167 2500 2207 2534 si
2226 2513 2294 2535 rem
2307 2527 2318 2544 ‚
2329 2499 2406 2546 five

1421 2553 1604 2598 pei-finam.
1682 2549 1765 2586 Nec
1792 2549 1911 2598 potest
1940 2549 2037 2598 prius
2062 2549 2138 2596 five
2163 2549 2251 2586 hinc
2277 2548 2412 2587 abefl‘e-

1429 2600 1624 2639 VORST.
1677 2602 1716 2636 Si
1741 2615 1809 2637 rem
1829 2600 1967 2638 habent
1996 2607 2153 2650 uterque
2171 2600 2304 2650 Ultraj.
2328 2599 2428 2638 Co-¹

1428 2651 1500 2699 pes.
1532 2650 1639 2688 Leid.
1670 2650 1757 2688 sext.
1777 2651 1946 2690 Perizon.
1975 2651 2013 2689 &
2035 2651 2104 2689 Ed.
2122 2652 2230 2700 Mog.
2256 2650 2316 2688 sed
2335 2651 2407 2690 Bit.

1429 2703 1536 2750 prim.
1564 2705 1603 2739 Si
1620 2717 1689 2738 rem
1707 2705 1830 2738 intueri
1851 2705 1908 2740 vel
1922 2705 2094 2753 personam
2114 2705 2211 2739 velis.
2256 2701 2406 2752 Reliqui

1422 2753 1497 2799 five
1524 2767 1592 2790 rem
1615 2753 1692 2800 five
1717 2756 1897 2803 perfhnam.
1951 2753 2070 2801 Quod
2100 2764 2191 2790 vero
2215 2754 2313 2801 prius
2330 2755 2410 2802 five

1430 2803 1491 2840 hic
1517 2803 1636 2841 abeffe
1665 2817 1742 2841 non
1773 2803 1876 2854 poffe
1909 2804 2030 2842 censet
2049 2804 2238 2848 Vorstius‚
2265 2804 2303 2840 in
2330 2806 2406 2843 hoc

1433 2866 1520 2891 eum
1541 2855 1634 2892 ratio
1658 2856 1761 2904 fugit.
1814 2856 1916 2894 Nihil
1938 2855 2038 2892 enim
2061 2855 2289 2904 frequentius
2310 2853 2380 2893 effe
2394 2883 2407 2900 ‚

1432 2917 1546 2954 quam
1566 2907 1677 2944 semel
1697 2919 1780 2946 eam
1802 2906 2017 2958 particulam
2044 2907 2156 2954 poni,
2183 2906 2244 2943 ubi
2271 2904 2324 2943 bis
2347 2906 2403 2943 vi-

1434 2956 1566 2994 deatur
1593 2958 1749 3007 requiri,
1782 2958 1923 2996 dudum
1946 2956 2154 2995 docuerunt
2175 2957 2259 2995 Viri
2276 2956 2405 2995 Doni,

1431 3007 1507 3046 Adi
1540 3008 1595 3045 Cl.
1617 3009 1873 3047 Burmannum
1902 3008 1948 3046 ad
1967 3007 2051 3045 Val.
2068 3008 2164 3046 Flac.
2197 3009 2242 3045 L.
2268 3020 2297 3046 1.
2321 3021 2406 3047 100.

1433 3060 1471 3098 δε
1505 3058 1590 3109 836.
1624 3060 1687 3099 ubi
1712 3061 1782 3098 Vir
1811 3060 1966 3100 eximius
1997 3060 2141 3109 optime
2163 3060 2198 3109 fi
2228 3057 2358 3111 quando
2387 3059 2408 3097 a

2326 3111 2412 3150 Nic,
