2516 3509
355 89 473 146 DE
509 52 1242 154 'TESTAMENTIS
1297 98 1790 163 REsclsms.
1996 108 2113 184 687

103 203 180 240 aut
212 189 321 238 huic
356 203 571 255 tanquam
619 193 798 256 integro
844 196 936 244 civi
975 199 1078 262 jura
1120 197 1304 247 reddere
1329 235 1345 259 ,
1393 204 1472 266 qui
1506 203 1547 251 se
1582 203 1629 246 4⁶
1665 207 1719 254 ab
1750 209 1875 256 omni
1910 209 2102 258 honesto

101 275 218 321 vitae
253 289 417 337 genere
448 275 702 339 abruperat.

120 430 123 436 .
151 393 211 440 46.
235 391 311 432 „Ab
332 394 420 429 omni
436 392 563 441 honesto
583 393 678 430 ‘vitae
692 391 831 444 genere]
852 394 1076 444 Barb.prim.
1128 397 1168 435 &
1196 397 1304 436 Leid.
1330 406 1449 447 quart.
1479 401 1644 452 Hom-stae
1670 403 1772 441 'ritae
1787 419 1919 457 genere.

821 534 1179 593 CAPUT
1253 536 1418 593 VIII.

100 653 227 715 DE
290 633 616 714 RAT1s
680 651 1477 719 TESTAMENTls
1562 659 1692 724 ET
1756 662 2090 727 INSPE..

912 759 1263 821 RATIS.

1127 898 1172 942 6.
1208 895 1254 943 T.
1292 899 1455 943 Marii.

1126 978 1169 1015 7.
1201 966 1253 1007 L.
1288 962 1454 1008 Valerii
1486 961 1781 1023 Heptachordi,

1126 1024 1170 1071 8.
1207 1028 1253 1070 Y.
1291 1028 1477 1072 Barruli.

1127 1104 1171 1142 9.
1206 1093 1281 1133 M.
1316 1091 1489 1150 Popilii,

104 912 143 942 1.
179 896 407 955 Sempronii
442 893 656 941 Tuditani.

103 977 147 1006 2.
181 961 403 1006 Aebuciae.

105 1042 145 1087 3.
183 1025 247 1086 Q
285 1025 470 1069 Metelli.

100 1106 145 1150 4.
180 1090 348 1134 Fratris
384 1087 575 1148 Pompeji
608 1086 803 1150 Rhegini.

101 1170 144 1216 5.
179 1154 244 1218 Q
279 1154 467 1198 Caecilii.

97 1283 256 1397 His
287 1279 566 1328 rescissorum
601 1283 975 1330 testamentorum
1010 1285 1229 1349 exemplis
1264 1287 1469 1333 contenti
1500 1286 1772 1351 attingamus
1796 1305 1870 1347 ea,
1893 1309 2004 1356 quae
2027 1312 2092 1342 ra-

220 1375 264 1409 ta
299 1362 579 1422 manserunt,
613 1380 720 1410 cum
757 1364 919 1411 caussas
956 1363 1171 1412 haberent
1206 1379 1395 1430 propter
1430 1383 1536 1429 quas
1572 1367 1759 1414 rescindi
1793 1372 1982 1434 possent.

164 1442 320 1503 Qam
354 1456 528 1502 certae,
564 1460 699 1506 quam
735 1446 870 1492 etiam
910 1452 920 1471 ¹
962 1457 1094 1491 notae
1127 1444 1316 1493 insaniae
1350 1446 1647 1504 Tuditanus3
1694 1462 1859 1512 utpote
1893 1454 1968 1514 qui
2005 1471 2087 1517 po·
2108 1496 2164 1527 Cic
2196 1459 2252 1527 ζὴ.

103 1521 216 1584 pulo
252 1539 465 1569 nummos
499 1521 697 1586 sparserit
719 1556 734 1581 ‚
794 1530 810 1549 ²
856 1536 1105 1588 togamque
1150 1525 1276 1572 velut
1319 1525 1538 1589 tragicam
1586 1526 1754 1574 vestem
1786 1529 1834 1575 in
1865 1530 1965 1578 foro
2002 1514 2270 1580 tra-lipsius

102 1603 243 1661 hens,
277 1604 480 1649 maximo
516 1619 624 1649 cum
660 1603 900 1649 hominum
937 1603 1023 1649 risu
1058 1603 1322 1667 conspeems
1358 1605 1523 1664 fuerit,
1557 1621 1608 1652 ac
1630 1606 1772 1653 multa
1806 1609 1873 1656 his
1905 1612 2089 1660 consen-

99 1691 228 1726 tanea
261 1677 434 1726 fecerit.
504 1686 519 1716 3
558 1679 855 1727 Testamento
892 1680 1093 1728 Ofilium
1128 1682 1323 1729 instituit
1357 1683 1592 1731 heredem:
1628 1686 1756 1753 quod
1777 1688 1855 1734 Ti.
1878 1690 2097 1755 Longus,

153 1900 183 1927 1.
217 1890 330 1925 Notae
359 1886 528 1937 insaniae]
570 1889 705 1927 Cicero
725 1901 786 1926 111.
828 1889 945 1927 Acad.
982 1890 1074 1939 Qid

100 1938 222 1989 l⁸oquar
242 1938 281 1974 de
304 1941 426 1985 insanis
443 1943 458 1977 ,Ρ
476 1941 588 1989 qualis
607 1941 740 1977 tandem
754 1943 827 1986 fuit
849 1939 959 1987 affinis
981 1953 1072 1985 tuus,

101 1991 222 2026 Catule
236 2018 245 2033 ,
269 1989 454 2026 Tuditanus
471 1993 488 2027 ἓ
513 1993 689 2040 quisquam
709 1989 898 2039 Janiffinms
920 2002 989 2027 tam
1008 2005 1073 2027 cer-

100 2052 137 2077 ta
163 2040 305 2089 putabat
321 2065 331 2081 ,
355 2055 440 2089 quae
459 2040 660 2079 videbantur
676 2044 692 2079 ἒ
707 2043 768 2079 De
788 2041 923 2078 eodem
950 2042 1073 2091 3.Phi—

100 2091 244 2141 lippica.
273 2091 466 2128 COLER.

158 2153 194 2178 2.
232 2144 423 2192 Togamque
451 2142 545 2176 velut
584 2143 746 2192 tragicam
785 2144 903 2188 ‘vestem
937 2142 972 2178 in
996 2144 1072 2186 foro

105 2190 257 2240 trahens]
307 2193 406 2229 Inter
431 2192 499 2229 alia
526 2190 737 2229 dementiae
766 2191 945 2230 Tuditani
975 2191 1073 2239 figna

104 2244 143 2281 &
170 2242 256 2280 illud
285 2243 377 2286 fuit,
411 2243 514 2292 quod
534 2270 544 2285 ,
579 2242 902 2291 quemadmodum
932 2243 968 2280 in
996 2252 1068 2280 tra-

102 2293 245 2342 goediis
280 2293 389 2330 fiebat
412 2322 422 2337 ,
465 2294 584 2341 syrma
622 2301 733 2341 togae
763 2294 801 2330 in
830 2293 915 2329 foro
947 2295 1066 2332 traxit.

104 2344 288 2382 Tuditani
327 2344 419 2381 iilius
456 2346 493 2381 δε
532 2344 667 2381 Cicero
707 2343 942 2380 mentionem
982 2344 1068 2381 facit

103 2403 184 2432 tum
217 2395 254 2431 in
283 2396 388 2431 tertia
416 2395 570 2444 Philipp.
605 2402 686 2431 tum
718 2395 756 2431 in
787 2396 831 2431 L.
861 2407 923 2431 111.
947 2394 1066 2433 Acad.

103 2458 165 2495 qq.
191 2445 385 2483 VORST.

158 2508 190 2543 3.
228 2498 434 2542 Testamenta
461 2497 491 2531 is
510 2496 623 2543 filium
649 2496 796 2541 instituit
821 2494 983 2545 heredem]
1032 2496 1067 2534 Si

105 2545 220 2583 filium
249 2546 419 2584 instituit:
448 2545 646 2596 quomodo
672 2547 735 2583 Ti.
760 2547 913 2594 Longus
933 2546 966 2583 id
990 2547 1068 2584 sub-

106 2594 242 2633 vertit?
273 2597 308 2633 &
330 2597 529 2646 quomodo
560 2597 586 2634 is
614 2596 787 2644 sanguine
805 2597 838 2633 ei
858 2597 1066 2644 proximus?

106 2647 199 2684 clara
226 2647 421 2694 perversio.
474 2646 766 2685 Emendavimus
793 2659 931 2695 nuper,
959 2651 1066 2695 Testa-

105 2711 212 2735 mento
247 2698 406 2743 Ofilium,
438 2699 620 2747 &probat
641 2709 740 2735 nunc
771 2706 895 2742 vetus,
923 2700 981 2736 cui
1001 2711 1067 2737 vo-

105 2748 209 2792 cula,
235 2750 286 2786 is,
315 2748 412 2785 nulla
444 2751 502 2787 est.
533 2749 653 2786 LIPS.
693 2751 897 2795 Testamento
928 2750 970 2786 is.
1003 2751 1067 2788 Li-

104 2799 238 2849 quidae
264 2797 347 2835 fidei
376 2800 557 2837 corretftio
589 2798 778 2848 Lipfiana:
808 2802 1010 2846 Testamenta
1039 2803 1068 2837 is

102 2852 251 2893 Ofilium.
282 2849 475 2887 COLER.
515 2852 718 2894 Testamenta
753 2850 889 2897 Ofilium
924 2853 1071 2896 instituit

103 2899 259 2938 heredem.
286 2902 422 2949 Ofilium
443 2900 712 2938 rescribendum
734 2902 896 2949 conjecit
916 2901 1069 2950 Lipsius;

104 2952 142 2989 ἃ
175 2951 250 2988 fine
278 2950 519 2989 haesitatione
557 2950 728 2999 rescripsit
761 2952 937 2996 Coierus3
981 2964 1066 2990 cum

104 3004 140 3043 in
171 3002 358 3041 codicibus
385 3011 475 3040 tuma
498 3001 762 3052 antiquioribus
798 3003 893 3053 typis
928 3004 1067 3053 expres-

2003 1773 2097 1821 san-

1124 1889 1188 1935 fis,
1216 1898 1295 1929 tum
1323 1891 1431 1930 MSS.
1467 1891 1649 1941 legeretur
1665 1896 1790 1944 filium.
1823 1898 2015 1938 VORST.
2045 1902 2091 1939 Si-

1124 1942 1276 1998 quidem
1307 1945 1470 1991 primum
1503 1946 1716 1994 exemplum
1746 1948 1794 1983 ita
1821 1947 1976 1997 legimus
2000 1979 2009 1995 ‚
2054 1963 2093 1990 ut

1124 1992 1274 2041 Pighius
1303 1993 1437 2037 edidit,
1481 1995 1554 2031 ἐὲὲν
1576 1996 1696 2039 ὑγιὲς.)
1730 1999 1830 2046 Quid
1851 2001 1950 2038 enim
1975 2003 2094 2040 Tudi<-

1124 2050 1230 2081 tanus
1258 2056 1326 2092 pro
1355 2045 1500 2082 stultitia
1529 2047 1588 2084 sua
1614 2048 1731 2091 feeit,
1779 2060 1862 2087 cum
1892 2051 2004 2089 filium
2035 2054 2090 2090 in-

1124 2093 1235 2132 stituit
1259 2095 1486 2132 haeredem?
1522 2097 1568 2133 Et
1592 2098 1656 2135 Ti.
1678 2100 1830 2146 Longus
1852 2103 2093 2152 propinquior

1123 2144 1250 2182 haeres
1279 2158 1393 2195 quam
1427 2146 1546 2183 filius?
1589 2149 1677 2191 Non
1700 2150 1811 2187 credo
1832 2152 1918 2190 hinc
1938 2154 2007 2190 sese
2031 2167 2093 2192 cx-

1123 2196 1250 2243 pedire
1278 2195 1380 2244 posse
1408 2196 1467 2233 vel
1497 2199 1665 2236 acerrimi
1693 2200 1818 2246 judicii
1837 2203 2088 2252 Papinianum,

1125 2247 1196 2283 Sed
1216 2248 1376 2284 omnino
1406 2246 1605 2295 legendum
1635 2261 1719 2287 cum
1745 2251 1897 2299 Lipfio,
1921 2263 1997 2292 tum
2022 2268 2090 2293 no-

1121 2297 1164 2334 tis
1193 2297 1233 2335 h.
1256 2297 1278 2334 l.
1306 2305 1386 2334 tum
1415 2309 1459 2334 11.
1481 2297 1594 2336 Eledi.
1627 2313 1683 2338 ΙΙ.
1723 2303 1926 2347 Testamenta
1954 2307 2096 2348 Ofilium·

1120 2346 1270 2385 instituit
1296 2348 1509 2385 haeredem.
1543 2349 1579 2386 id
1609 2351 1656 2388 est
1678 2353 1887 2398 nonsuae,
1911 2356 1953 2392 sc.
1976 2349 2085 2394 'Sem-

1121 2399 1275 2446 proniae
1286 2399 1404 2447 gentis
1423 2400 1639 2444 hominem,
1656 2402 1715 2440 sed
1735 2400 1946 2442 extraneum
1961 2434 1969 2449 ‚
1985 2418 2086 2454 prae-

1117 2450 1228 2487 terito
1263 2452 1302 2486 T.
1336 2454 1526 2499 Sempronio
1556 2456 1669 2502 Longo
1709 2455 1835 2502 gentili
1869 2457 1942 2492 suo.
1990 2458 2090 2501 Ofilii>

1119 2504 1199 2539 noti
1230 2512 1274 2537 ex
1302 2501 1404 2537 inser.
1436 2515 1490 2549 ις.
1526 2513 1561 2549 p.
1591 2516 1676 2552 919.
1709 2506 1841 2553 Operis
1868 2506 2021 2542 Gruteri.
2042 2507 2080 2544 ὃς

1120 2562 1165 2588 ex
1206 2551 1250 2588 L.
1278 2564 1333 2590 11.
1367 2550 1406 2588 ff.
1443 2552 1476 2590 d.
1517 2553 1565 2589 O.
1606 2554 1651 2590 L.
1675 2567 1731 2602 45.
1778 2555 1821 2591 ad
1851 2567 1959 2603 quein
1989 2556 2079 2593 olim

1119 2602 1332 2639 notavimus
1360 2601 1474 2649 piura.
1530 2603 1765 2642 Meminit&
1788 2605 1906 2641 Valet.
1934 2606 2080 2644 L.v1ir.

1119 2663 1149 2689 c.
1181 2665 1237 2701 13.
1265 2652 1335 2689 Sed
1356 2653 1547 2691 &ibidem
1578 2656 1754 2702 temporis
1780 2655 1906 2700 injuria
1937 2667 2088 2694 nomen·

1117 2690 1205 2740 illud
1246 2703 1435 2741 obtritum.
1497 2704 1620 2751 Lege,
1657 2708 1697 2739 Et
1728 2702 1843 2740 Clodia
1871 2707 1931 2744 ιΛ.
1960 2708 2080 2753 Ofilii,

1118 2753 1302 2803 quindecim
1332 2755 1423 2801 filiis
1461 2764 1538 2789 ante
1573 2753 1719 2800 amiffis,
1769 2753 2086 2802 quintumdecimum

1120 2813 1165 2840 θ’
1191 2806 1392 2852 centesimum
1419 2805 1567 2853 exple-vit
1593 2817 1726 2839 annum.
1777 2805 1977 2845 Rationem
2000 2809 2080 2856 plu·

1118 2855 1213 2893 ribus
1244 2854 1395 2893 reddam
1440 2866 1523 2891 curn
1563 2865 1609 2890 eo
1638 2865 1788 2891 venero.
1853 2857 1953 2894 Nota
1987 2870 2077 2895 vero

1121 2918 1165 2942 ex
1187 2907 1366 2944 hocloco
1390 2903 1626 2941 Tuditanorum
1648 2905 1825 2943 familiam
1850 2907 2076 2950 exstinetam„

1122 2968 1216 3005 quae
1237 2957 1281 2994 ab
1300 2967 1400 2994 anno
1421 2956 1467 2991 U.
1493 2955 1535 2990 C.
1559 2966 1639 3002 513.
1668 2954 1778 3003 usque
1799 2956 1844 2994 ad
1864 2958 1910 2995 A.
1932 2959 1980 2995 U.
1993 2959 2078 3002 624.

1123 3007 1365 3047 consulatibus
1385 3013 1543 3055 quatuor
1557 3032 1566 3049 ,
1581 3004 1748 3044 Censuris
1769 3006 1906 3046 duabus
1921 3035 1931 3052 2
1949 3009 2081 3095 triurqm

2022 3070 2095 3106 pua
