2516 3509
305 109 440 196 ‚3713
883 95 1752 160 EPITOME

328 214 458 272 sunt,
494 222 546 258 ut
582 207 786 273 Caepio:
824 218 1022 268 namque
1054 201 1148 250 hoc
1183 201 1231 247 in
1264 198 1415 246 Bruto
1450 196 1650 244 nominis
1687 196 1846 246 locum
1881 197 2102 246 obtinuit.

401 293 444 324 ¹4
480 285 735 335 Gentilicia
769 283 956 330 nomina
990 279 1142 327 Varro
1179 287 1313 343 putat
1346 273 1477 322 fuisse
1513 275 1783 335 innumera,
1821 276 1870 322 ὃς
1904 276 2199 340 praenomina
2232 273 2354 321 circa

332 365 535 428 triginta.
576 363 759 421 Pueris,
793 376 886 408 non
922 356 1183 423 priusquam
1217 366 1378 417 togam
1413 350 1592 400 virilem
1628 351 1881 408 sumerent3
1920 352 2111 415 puellis,
2145 369 2238 400 non
2274 368 2352 398 an-

337 459 522 510 tequam
559 444 813 503 nuberent,
849 439 1144 506 praenomina
1179 434 1358 499 imponi
1394 434 1533 480 moris
1567 432 1724 494 fuiffe,
1751 432 2064 494 QScaevola
2097 433 2255 481 aucior
2275 433 2356 481 est.

339 522 476 582 Quae
511 524 624 571 olim
660 521 952 587 praenomina
988 518 1203 575 fuerunt,
1237 530 1360 561 nunc
1396 513 1676 579 cognomina
1721 511 1855 559 sunt:
1908 518 1947 548 ¹5
1998 525 2050 558 ut
2084 511 2352 568 Postumus,

340 605 579 668 Agrippa,
614 601 867 659 Proculus,
910 595 950 625 ¹⁶
988 594 1162 642 Caesar.

406 685 604 748 Opiter,
637 684 716 747 qui
751 694 879 745 patre
913 691 1127 735 mortuO,
1163 691 1249 723 avo
1283 673 1393 723 vivo
1426 673 1716 739 gignebatur.
1765 667 2025 733 Vopiscus,
2060 669 2140 732 qui
2176 669 2223 714 in
2255 678 2356 712 ute-

2309 760 2362 790 ro

398 904 453 939 14.
483 890 702 928 Gentilitinm
726 889 860 926 nemina
881 891 992 926 Varro
1014 895 1112 932 putat
1135 883 1237 931 fuisse
1264 897 1327 918 nu·
1379 884 1568 933 praefert:
1600 882 1774 932 scriptum
1808 887 1934 918 autem
1961 877 2032 916 fuit
2059 860 2153 915 ταῖν.
2199 885 2240 916 ut
2275 862 2359 917 diei-13.

344 958 454 986 mem,
478 944 756 992 &praenomina
785 943 869 976 circa
894 937 1059 988 triginta]
1101 937 1149 972 V.
1177 946 1208 972 c.
1237 936 1328 970 Gen·
1380 947 1449 984 pro
1478 935 1621 973 dierum
1648 963 1658 979 ‚
1697 937 1733 972 &
1763 932 1893 970 fimilia
1920 931 2126 968 scribuntur
2157 928 2361 968 decurtate.

346 997 478 1031 etlicum
507 1002 639 1030 nemina
672 997 773 1032 Varro
791 1001 890 1040 putat
905 991 1006 1037 fuiJJe
1033 992 1069 1024 in
1089 1001 1232 1024 numero.
1256 984 1329 1023 Sed
1382 985 1465 1024 lfid.
1496 986 1578 1023 Lib.
1606 999 1638 1024 1.
1668 998 1702 1032 4.
1729 988 1880 1021 Ceterum
1900 994 2027 1031 proprre
2047 993 2164 1016 vocata
2185 984 2361 1027 Nicostra-

350 1044 423 1083 effe
449 1046 649 1094 legendum
675 1044 854 1093 suspicor.
885 1041 1071 1077 Gentilitia
1094 1040 1228 1074 nomina
1247 1039 1327 1076 Wr-

348 1112 384 1134 re
418 1109 520 1146 putat
550 1097 649 1143 fisiffe
679 1100 851 1131 innumera
872 1120 882 1136 ,
928 1102 973 1128 ω’
1003 1091 1219 1139 praenomina
1247 1090 1332 1124 circa

351 1150 499 1199 triginta
539 1148 681 1185 PIGH.
714 1145 821 1184 Paris.
848 1145 957 1192 prim.
986 1143 1176 1178 Gentilium
1197 1140 1332 1177 nemina

353 1204 466 1238 Varro
491 1211 589 1248 putat
608 1197 709 1246 flasse
740 1198 889 1248 quinque
910 1193 1143 1245 praenomina.

400 1263 452 1299 15.
481 1257 524 1286 Ut
544 1250 754 1298 Postlmmius
774 1245 964 1298 ιΛιζνίρρα]
996 1245 1043 1281 V.
1057 1255 1087 1281 c.
1119 1242 1335 1290 Postlmmus,

356 1305 542 1353 vigrippa.
597 1302 725 1350 Atque
753 1300 847 1337 haec
875 1298 1030 1347 quidem
1060 1292 1166 1333 fuisse
1197 1294 1236 1330 in
1272 1305 1334 1342 pa-

359 1354 472 1391 triciis
499 1353 668 1402 gentibus
689 1349 904 1402 quibusdam
934 1348 1092 1397 antiquis
1122 1345 1335 1394 praenomi-

359 1416 431 1448 na,
461 1405 537 1442 fasti
560 1403 764 1441 consulares
788 1401 1052 1439 demonstrant.
1101 1398 1254 1446 Nempe
1274 1399 1333 1433 Po-

345 1459 478 1503 stumus
506 1456 686 1505 reperitur
704 1455 741 1492 in
762 1453 963 1497 Cominia,
991 1453 1029 1488 δί
1052 1449 1234 1486 Aebutia:
1263 1451 1333 1487 :A-

350 1510 477 1557 grippa
505 1519 653 1550 autem,
681 1506 718 1543 in
737 1504 942 1548 Menenia,
971 1504 1008 1540 &
1026 1501 1156 1544 Furia;
1184 1499 1232 1537 fic
1253 1503 1335 1536 Pro-

353 1561 471 1603 culus,
506 1559 544 1595 in
573 1557 693 1605 julia,
721 1556 915 1606 Gegania,
953 1555 990 1592 ὅ(
1009 1553 1190 1601 Virginia.
1226 1553 1336 1600 Quae

357 1610 627 1658 praenomina,
665 1618 705 1646 ut
733 1610 772 1646 &
803 1607 894 1650 alia,
921 1605 1140 1655 posteriores
1169 1603 1336 1652 plebejae

356 1661 569 1709 praesertim
609 1669 737 1709 gentes
773 1658 959 1708 quaedam
999 1668 1067 1705 pro
1097 1655 1337 1703 cognomini-

358 1713 425 1750 bus
447 1720 696 1760 acceptarunt.
733 1714 910 1758 Postumus
938 1708 1039 1745 enim
1070 1706 1108 1743 in
1136 1714 1249 1754 gente
1269 1705 1336 1742 Vi-

358 1764 417 1801 bia
435 1790 443 1806 ,
471 1766 509 1802 &
542 1763 689 1801 Rabiria
718 1770 937 1809 cognomen
960 1758 1030 1801 est;
1071 1760 1243 1807 <Agrippa
1271 1768 1332 1793 au·

359 1823 439 1852 tem
466 1815 505 1853 in
536 1814 718 1863 Fonteja‚
753 1810 940 1852 Vibullia,
967 1808 1164 1857 Vipsania,
1192 1809 1230 1845 ὃς
1250 1806 1332 1844 Afi-

358 1867 442 1909 nia;
473 1868 564 1904 item
589 1866 748 1902 Proculus
774 1863 813 1900 in
840 1861 982 1899 Licinia
1006 1888 1017 1905 ,
1052 1866 1164 1909 atque
1183 1858 1335 1896 Plautia.

417 1971 473 2007 16.
511 1970 637 2017 Caesar
667 1975 713 2003 ω’
742 1963 875 2015 Opiter]
916 1962 1141 2002 Admodum
1174 1960 1338 1998 confuse.

365 2021 438 2058 Sed
464 2022 503 2059 in
531 2019 784 2067 manuscriptis
816 2016 994 2066 plerisque
1032 2010 1167 2062 copula
1194 2012 1341 2049 omitti-

360 2078 422 2110 tur
446 2104 453 2116 ,
496 2084 566 2109 nec
591 2070 699 2108 male.
754 2069 855 2105 Nam
885 2068 922 2104 in
947 2066 1082 2115 Opiter
1102 2063 1340 2111 fignificatio-

364 2135 430 2162 nes
469 2122 757 2172 praenominum
793 2119 920 2167 incipit
961 2127 1183 2166 exponere3
1234 2113 1340 2164 quod

364 2176 483 2224 ipsum
515 2173 667 2224 quidem
699 2169 802 2208 fniffe
833 2180 1048 2219 cognomen
1067 2196 1077 2211 ‚
1106 2177 1185 2204 non
1213 2166 1341 2215 liquet.

363 2227 506 2269 Porro,
534 2228 682 2272 Caesar,
711 2223 895 2270 Juliorum
920 2230 1136 2269 cognomen
1158 2214 1227 2254 effe
1250 2228 1340 2253 con-

366 2279 456 2323 stat3
483 2277 542 2315 sed
572 2288 619 2312 an
651 2285 881 2324 praenomen
907 2281 1014 2309 antea
1047 2270 1181 2313 fuerit,
1215 2268 1341 2305 obscu-

367 2342 451 2368 rum
483 2339 638 2378 quoque
665 2326 770 2362 nobis
800 2324 858 2361 est.
911 2324 1094 2372 Adjungit
1119 2329 1247 2358 tamen
1274 2319 1340 2363 iis,

367 2393 466 2429 quae
488 2393 532 2417 ex
555 2376 855 2427 praenominibus
878 2375 1105 2424 cognomina
1130 2370 1224 2408 faeta
1250 2371 1342 2407 sunt.

367 2433 485 2482 Atqui
521 2433 622 2479 Caeso
661 2436 766 2465 vetus
802 2437 1034 2475 praenomen
1070 2421 1141 2460 effe
1178 2421 1341 2470 ejusdem

368 2484 519 2532 originis
540 2483 578 2519 δε
598 2479 870 2529 significationis
899 2489 941 2513 ac
970 2477 1094 2522 Caesar
1123 2485 1341 2521 cognomen

361 2536 485 2585 Juliae
517 2534 635 2582 gentis
663 2531 782 2580 plures
810 2529 1021 2576 opinantur.
1051 2527 1116 2562 Ait
1148 2525 1249 2561 enim
1271 2524 1343 2560 Pli-

366 2589 449 2625 nius
479 2585 594 2623 Libro
615 2596 686 2621 vn.
714 2582 832 2630 capite
851 2593 886 2629 9.
939 2581 1091 2615 Primum
1119 2578 1292 2620 Caesarem
1322 2574 1341 2611 3

365 2642 456 2687 caeso
489 2639 608 2674 matris
645 2646 736 2671 utero
764 2634 887 2669 duflum
911 2660 920 2674 ‚
964 2627 1142 2677 eademque
1179 2628 1218 2661 a'e
1244 2631 1342 2673 causa

368 2699 415 2726 (9·
435 2692 593 2738 Caesones
616 2687 802 2738 appellatos
823 2682 936 2731 fuiffe.
955 2680 1094 2718 PIGH.
1122 2680 1256 2724 Caesar.
1286 2678 1344 2715 Sic

371 2742 484 2778 etiam
527 2737 649 2788 legisse
686 2736 833 2774 viderur
872 2736 952 2781 Jac.
990 2730 1139 2767 Curtius
1178 2729 1341 2766 Emend.

371 2792 456 2829 Lib.
487 2804 516 2828 1.
545 2802 624 2839 cap.
650 2789 708 2826 26.
739 2787 817 2835 Qui
845 2797 889 2823 ex
908 2782 1062 2821 Valerio
1085 2779 1207 2817 Probo
1226 2780 1339 2817 etiam

369 2853 604 2893 praenomen
627 2838 730 2877 fuisse
753 2849 872 2888 aeque
892 2848 934 2874 ac
949 2835 1111 2871 Proculus
1131 2839 1246 2879 putat.
1270 2831 1341 2869 Sed

368 2893 571 2944 legendum
594 2888 740 2929 fort-affe
762 2902 829 2939 pro
844 2890 964 2936 Caesar
979 2901 987 2929 ;
1005 2889 1166 2922 Ceterum.
1197 2883 1250 2919 Ut
1269 2883 1343 2920 hoc

370 2944 558 2985 vocabulo
580 2943 734 2980 transeat
757 2941 804 2978 ad
828 2938 1099 2989 expositionem
1132 2941 1343 2971 ceterorum

365 2996 657 3049 praenominum
681 3022 691 3038 ,
732 2993 877 3031 videtur
911 2990 1009 3029 enim
1040 2986 1204 3035 alioquin
1236 2986 1345 3022 nimis

374 3051 527 3098 abrupta
558 3045 628 3085 esse
658 3043 846 3089 transitio,
875 3054 970 3094 quae
997 3039 1158 3090 speciem
1189 3037 1345 3074 lacunae

1383 1049 1432 1075 ta.
1462 1037 1708 1075 PERIZON.
1747 1034 1855 1073 Paris.
1882 1034 1990 1082 prim.
2020 1032 2128 1070 Leid.
2164 1040 2246 1069 tert.
2275 1035 2358 1068 Cae-

1373 1092 1448 1139 sar.

1439 1150 1496 1186 17.
1523 1141 1656 1188 Hospes
1688 1150 1885 1188 praenomen
1910 1134 2003 1183 fuit]
2042 1135 2085 1171 In
2116 1148 2151 1172 v.
2182 1146 2212 1171 c.
2243 1136 2363 1175 Hostes

1381 1190 1516 1239 legitur
1541 1219 1550 1235 ,
1594 1191 1685 1228 item
1714 1187 1907 1226 mendose.
1958 1188 2103 1224 Verum
2144 1198 2188 1223 ex
2223 1186 2361 1230 Livio,

1387 1242 1588 1280 Macrobio
1604 1270 1614 1285 ,
1642 1239 1862 1278 Caffiodoro
1876 1267 1886 1283 ‚
1908 1238 2229 1286 marmoribusque
2249 1237 2361 1286 Capi-

1386 1294 1511 1332 tolinis
1530 1293 1705 1341 colligere
1724 1291 1795 1334 est,
1822 1292 1943 1336 Hostus
1963 1290 2035 1338 legi
2055 1289 2188 1326 debere
2203 1317 2212 1333 ,
2234 1300 2364 1338 quem—

1387 1345 1596 1383 admodum
1620 1345 1714 1382 ]ibro
1739 1341 1852 1380 tertio
1872 1341 2075 1378 Annalium
2102 1341 2139 1377 in
2169 1341 2265 1377 istius
2286 1340 2363 1377 Lu-

1387 1398 1515 1442 cretii,
1541 1397 1605 1447 qui
1630 1396 1691 1433 hic
1717 1393 1912 1432 adducitur
1934 1421 1945 1437 ‚
1982 1391 2173 1429 consulatu
2203 1392 2365 1429 demon·

1387 1449 1507 1487 stravi.
1561 1448 1710 1496 Insuper
1747 1457 1818 1483 ΧΠ.
1852 1443 1997 1483 tabulae
2028 1443 2225 1481 ostendunt
2258 1454 2364 1490 pere-

1388 1501 1513 1549 grinos
1554 1511 1688 1537 ornnes
1729 1497 1820 1535 olim
1861 1495 2064 1545 appellatos
2100 1495 2203 1540 hostes
2232 1492 2360 1537 fuiffe;

1389 1552 1494 1602 quod
1524 1551 1635 1588 etiam
1665 1549 1824 1591 Cicero,
1853 1549 1893 1585 ὅς
1913 1547 1995 1584 Sex.
2013 1547 2217 1594 Pompejus
2246 1557 2366 1583 anno-

1388 1611 1526 1641 tarunt.
1579 1603 1636 1640 Ex
1665 1613 1737 1651 qua
1769 1611 1868 1638 voce
1902 1597 2096 1636 deducitur
2134 1597 2226 1634 istud
2262 1608 2367 1645 prae-

1390 1666 1534 1693 nomen
1557 1682 1567 1698 ,
1602 1666 1680 1702 quo
1710 1650 1761 1690 ufi
1794 1651 1876 1689 sunt
1902 1650 2014 1699 primi
2042 1650 2188 1695 Hostilia
2217 1650 2254 1686 &
2280 1656 2366 1685 ante

1390 1706 1520 1743 urbem
1549 1704 1766 1746 conditam
1808 1703 1965 1739 Lucretia
1993 1700 2085 1738 item
2112 1710 2201 1747 gens
2221 1728 2231 1743 ‚
2277 1698 2369 1736 ficut

1389 1768 1433 1794 ex
1462 1757 1556 1794 fastis
1589 1753 1835 1793 consularibus
1873 1752 2023 1790 constat.
2073 1751 2213 1788 PIGH.
2256 1749 2369 1788 Paris.

1388 1808 1503 1856 prim.
1534 1807 1642 1844 Leid.
1675 1814 1756 1845 tert.
1782 1805 1916 1853 Ultraj.
1951 1803 2020 1840 see.
2047 1801 2116 1840 Ed.
2149 1803 2258 1850 Mog.
2292 1803 2370 1839 Ho-

1426 1873 1469 1896 εἰ.

1380 1864 1490 1948 Jp18.
1516 1908 1685 1945 Lucretius
1697 1904 1911 1956 Tricipitinus]
1926 1904 2143 1954 Tricipitinus
2163 1903 2365 1952 legendum

1392 1961 1441 1998 est
1468 1973 1514 1998 ex
1533 1960 1754 1998 auctoritate
1773 1968 2010 1995 marmorum
2033 1954 2365 2002 Capitolinorum,

1391 2012 1521 2063 quibus
1554 2010 1644 2048 nihil
1674 2010 1722 2047 est
1754 2007 1964 2046 correfiius.
1993 2006 2133 2043 PIGH.

1447 2076 1503 2112 19.
1529 2063 1649 2098 Volero
1668 2063 1754 2097 enim
1776 2061 1811 2095 in
1826 2070 2026 2108 praenomen
2043 2056 2150 2106 abiit]
2176 2058 2224 2094 V.
2240 2068 2271 2094 c.
2303 2062 2369 2093 Vo-

1391 2115 1459 2150 lero
1488 2115 1523 2150 in
1549 2125 1748 2162 praenomen
1773 2110 1864 2146 abiit
1887 2139 1896 2153 ,
1944 2109 2018 2146 fine
2050 2108 2179 2146 causali
2211 2110 2370 2158 conjun-

1394 2165 1543 2208 ciione,
1572 2175 1669 2214 quae
1695 2161 1873 2211 superflua
1905 2161 1965 2198 est.
2002 2159 2152 2198 Deinde
2181 2159 2367 2208 sequitur,

1392 2219 1488 2267 qua
1518 2214 1705 2252 nolentibus
1736 2215 1825 2261 naJii
1851 2211 1965 2248 liberis
1999 2211 2194 2262 parentibus
2230 2211 2370 2248 videba-

1393 2279 1459 2305 tur.
1489 2281 1523 2305 v.
1552 2279 1583 2304 c.
1613 2270 1653 2302 Et
1674 2263 1862 2302 nolentibus
1892 2265 2003 2311 nasci,
2036 2271 2109 2300 erc.
2138 2263 2265 2299 Locus
2293 2262 2369 2301 fine

1392 2319 1494 2356 sensu
1518 2318 1679 2356 multum
1711 2316 1885 2353 obscurus
1915 2314 1985 2359 est,
2015 2315 2053 2352 ὃς
2073 2313 2092 2351 ὲ
2115 2313 2369 2363 manuscriptis

1395 2371 1584 2408 codicibus
1605 2368 1697 2406 nihil
1722 2367 1810 2404 lucis
1827 2365 2004 2404 haetenus
2026 2364 2271 2414 depromitur.
2295 2366 2370 2403 Po·

1394 2423 1480 2459 terit
1509 2430 1638 2459 tamen
1670 2419 1827 2455 duarum
1852 2417 2043 2454 literarum
2066 2416 2300 2459 mutatione,
2329 2418 2369 2455 &

1395 2474 1502 2511 unius
1526 2470 1809 2519 transpositione
1831 2467 1878 2504 fic
1898 2467 1976 2504 fieri
1996 2467 2117 2504 multo
2142 2466 2369 2512 correctior,

1396 2526 1434 2562 &
1464 2522 1690 2564 dilucidior;
1736 2520 1759 2557 fi
1805 2518 2031 2566 (indebatur)
2066 2518 2231 2566 legamus
2255 2547 2264 2561 ‚
2301 2530 2371 2567 pro

1396 2574 1622 2623 (videbatur)
1670 2574 1708 2610 &
1745 2569 1983 2618 (volentibus)
2021 2579 2090 2617 pro
2131 2569 2372 2617 (nolentibus)

1394 2627 1474 2665 ita:
1514 2627 1626 2664 Volero
1651 2626 1687 2659 in
1715 2635 1912 2670 praenomen
1944 2620 2031 2657 abiit
2053 2647 2063 2662 ‚
2104 2629 2149 2656 (9⁵
2180 2620 2372 2657 ‘volentibus

1395 2681 1485 2727 nasci
1511 2677 1626 2714 liberis
1644 2673 1841 2725 parentibus
1869 2671 2059 2709 indebatur.
2096 2673 2196 2709 Nam
2232 2672 2372 2710 ominis

1394 2729 1573 2778 quiddam
1607 2728 1644 2764 in
1673 2726 1707 2763 se
1737 2725 1848 2762 habet
1874 2735 2108 2773 praenomen
2136 2721 2249 2767 istud,
2279 2722 2371 2761 ficut

1395 2783 1537 2824 Tullus,
1566 2780 1723 2821 stolus,
1752 2777 1925 2818 Manius,
1951 2776 1988 2813 &
2005 2775 2085 2812 alia.
2138 2775 2235 2811 ΜΟΧ
2256 2773 2371 2818 illud,

1394 2832 1537 2868 Publius
1570 2831 1680 2868 Pln'lo.
1743 2829 1851 2865 {Muta
1882 2827 1920 2864 in
1950 2826 2124 2877 Publiliqs
2153 2825 2251 2861 Philo
2271 2854 2281 2870 ,
2324 2825 2370 2863 ad

1396 2884 1650 2921 imitationem
1682 2879 1985 2928 Czipitolinorum
2019 2888 2253 2915 marmorum
2277 2905 2286 2920 ‚
2328 2877 2368 2913 in

1397 2934 1529 2984 quibus
1568 2933 1688 2970 adhuc
1727 2938 1826 2968 extat
1864 2931 1962 2967 inter
1992 2928 2160 2966 tribunos
2189 2926 2368 2966 consulari

1398 2986 1574 3034 potestate
1595 3014 1604 3028 ‚
1645 2983 1708 3032 qni
1740 2984 1891 3019 fuerunt
1919 2981 1968 3018 A.
2000 2994 2037 3017 u.
2061 2977 2368 3018 cccrxv.P1G1-1.

1399 3039 1512 3079 Volero
1548 3039 1585 3073 in
1612 3046 1810 3085 praenomen
1837 3032 1924 3071 abiit
1946 3060 1958 3077 ,
2003 3040 2049 3069 (θ’
2070 3028 2258 3069 volentibus
2283 3029 2374 3079 nasci

2335 3084 2378 3119 u.
