2516 3509
437 65 549 121 504.
686 49 1097 125 ¹VALERII
1173 49 1550 106 MAXIMI
1590 50 1719 108 Lu.
1761 51 1833 110 V.
1876 51 2021 114 CAp.
2061 55 2199 117 VH.

438 149 664 210 evaserat,
711 151 916 211 obtulit,
969 149 1369 213 occidendumque
1415 149 1639 199 militibus
1681 152 1878 202 tradidit.
1960 162 1998 185 ²¹
2038 158 2185 208 Pl'uris
2217 160 2436 217 nimirum

440 229 552 277 illud
586 244 909 292 momentum,
966 246 1059 295 quo
1105 229 1171 276 illi
1213 242 1390 294 praeter
1434 227 1557 294 spem
1604 230 1755 280 videre
1789 232 1937 283 filium
1972 238 2252 288 incolumem
2287 250 2437 295 conti-

441 328 567 379 gerat
591 347 607 372 ‚
650 330 788 377 quam
823 311 1009 361 salutem
1048 310 1172 359 suam
1217 310 1462 357 aestimans.
1532 309 1725 360 Miseros
1765 313 2058 365 adolescentis
2092 321 2251 368 oculos
2271 357 2287 382 ‚
2333 330 2435 390 qui..

440 391 522 439 bus
556 393 903 442 amantiffimum
937 392 1002 442 sui
1035 404 1209 456 patrem
1233 424 1250 450 ‚
1294 396 1332 417 ²²
1367 388 1504 455 ipsius
1539 407 1677 456 opera
1714 391 1777 440 sic
1811 397 2122 460 expirantem,
2155 401 2322 451 intueri
2355 423 2433 454 ne-

438 474 551 522 cesse
585 475 673 524 fuit
696 476 714 522 ?

1191 606 1666 652 EXTERNA.

1601 671 1616 700 t

217 734 417 812 App-{mgb
497 739 718 787 Ceterum
751 753 805 787 ut
837 738 894 786 ad
921 736 1197 803 jucundiora
1231 735 1427 800 cognitu
1461 734 1720 792 VeniamUS,
1759 739 1796 768 ²³
1835 732 2013 781 Seleuci
2048 738 2163 801 regis
2198 739 2317 789 filius
2337 743 2432 790 An-

212 820 390 888 },ff-ufff’gg-
431 821 615 868 tiochus
651 836 871 868 novercae
908 825 954 857 24
990 816 1266 866 Stratonices
1300 814 1486 861 infinito
1521 829 1674 860 amore
1711 826 1972 876 correptus,
2009 832 2186 864 memor
2224 826 2260 854 ²⁵
2297 838 2431 884 quam

211 905 291 928 met.
430 901 649 964 improbis
685 900 857 948 facibus
891 898 1064 947 arderet
1085 932 1100 957 9
1142 898 1337 959 impium
1381 894 1576 959 pectoris
1622 893 1783 939 vulnus
1828 893 1902 955 pia
1936 893 2283 946 diffimulatione
2317 917 2430 948 con-

426 982 625 1049 tegebat.
695 983 855 1044 Itaque
888 977 1049 1027 diversi
1084 977 1271 1024 affectus
1305 975 1459 1022 iisdem
1494 972 1735 1020 visceribus
1770 989 1821 1018 ac
1849 973 2055 1020 medullis
2089 977 2277 1039 inclusi»,
2307 981 2427 1028 sum-

429 1085 501 1114 ma
537 1064 786 1129 cupiditas,
823 1062 872 1108 &C
907 1061 1104 1107 maxima
1139 1059 1442 1116 verecundia,
1476 1057 1530 1103 ad
1567 1057 1774 1102 ultimam
1808 1055 1959 1101 tabem
1996 1073 2162 1121 corpus
2196 1065 2290 1124 ejus
2324 1062 2425 1109 red-

423 1159 629 1212 egerunt.
700 1141 745 1171 2⁶
767 1140 974 1205 Jacebat
1020 1137 1110 1203 ipse
1153 1139 1200 1183 in
1245 1138 1451 1194 lectulo,
1506 1133 1783 1181 moribundo
1829 1133 2017 1181 fimilis:
2067 1136 2427 1188 lamentabantur

420 1223 676 1272 neceffarii:
725 1234 851 1287 pater
885 1233 1092 1267 moerore
1127 1218 1373 1282 prostratus
1408 1217 1464 1264 de
1497 1217 1631 1266 obitu
1664 1217 1789 1264 unici
1823 1215 1907 1262 filii
1930 1250 1947 1276 ,
1990 1215 2136 1280 deque
2168 1218 2243 1265 sua
2272 1221 2423 1268 miser-

2317 1316 2432 1349 rima

414 1458 509 1485 unus
533 1443 644 1482 habet
665 1443 788 1489 falsus.
828 1442 1026 1481 VORST.
1072 1441 1298 1481 Lectionem
1340 1455 1384 1481 o—

417 1498 563 1535 mni—um
582 1503 661 1532 tam
680 1493 896 1544 scriptorum
911 1523 921 1538 ,
944 1506 1057 1544 quam
1077 1495 1172 1543 typis
1192 1492 1386 1543 impresso—

418 1560 501 1586 rum
523 1546 701 1584 librorum
725 1546 909 1583 revocavi.

470 1612 528 1637 21.
555 1597 672 1634 Pluris
691 1596 865 1646 nimirum]
898 1595 1081 1634 Nonnulli
1098 1595 1244 1643 scripti,
1275 1597 1388 1633 Pluris

416 1652 568 1687 nimium.

1438 1451 1533 1477 cam.
1556 1437 1677 1476 LIPS.
1701 1436 1833 1489 Infinita
1852 1451 1973 1475 amore.
1998 1438 2138 1476 Divina
2175 1439 2288 1489 Lipfii
2325 1440 2421 1482 divi*-

1439 1492 1564 1528 natio:
1595 1491 1760 1536 Infrunita
1783 1503 1902 1525 amore.
1932 1489 2046 1526 Certe
2069 1489 2225 1537 vulgaris
2245 1493 2420 1541 scriptura

1440 1542 1550 1579 nimis
1587 1540 1744 1589 vulgaris
1775 1541 2010 1578 &infrunita
2043 1539 2222 1579 videatur.
2277 1544 2420 1583 Multus

1443 1594 1482 1630 in
1519 1592 1639 1641 priscis
1676 1591 1741 1628 illis
1776 1591 1966 1628 vocabulis
2003 1591 2186 1629 Valerius.
2225 1593 2420 1634 COLER.

1445 1645 1646 1679 Stratonices
1665 1643 1797 1688 infinito
1818 1657 1928 1677 amore
1943 1653 2118 1690 correptus.
2145 1643 2252 1681 Putat
2274 1646 2418 1694 Lipsius

471 1713 529 1738 22.
558 1699 661 1747 Ipfius
681 1710 775 1747 opera
785 1697 834 1744 fic
853 1694 1077 1746 expirantem]
1092 1696 1259 1744 Apparet
1277 1707 1390 1745 quam

421 1752 494 1790 late
512 1763 587 1789 vox
613 1762 726 1800 operae
745 1755 876 1797 pateat.
928 1748 1019 1784 Non
1042 1745 1133 1783 filius
1159 1753 1303 1794 patrem
1334 1747 1390 1783 in-

421 1803 600 1844 teremit;
638 1801 698 1838 sed
722 1808 825 1848 pater
848 1826 859 1843 ‚
896 1809 982 1835 cum
1010 1794 1243 1845 retrogressus
1271 1796 1388 1834 filium

420 1853 652 1891 incolumem
691 1850 817 1888 videre
854 1849 1003 1891 voluit,
1040 1855 1240 1896 occupatus
1278 1856 1389 1897 arque

422 1906 666 1952 interemptus
686 1902 755 1939 fuit
772 1901 816 1939 ab
837 1900 923 1938 aliis.
978 1899 1026 1935 Et
1055 1899 1142 1936 dicit
1166 1905 1292 1936 tamen
1313 1900 1390 1936 Va-

423 1957 531 1994 lerius
554 1984 563 1999 ‚
596 1962 788 2002 parentem
821 1963 933 2000 opera
961 1949 1024 1987 filii
1055 1948 1239 1998 expirasse.
1296 1951 1387 1996 Quo

425 2007 472 2045 de
500 2004 671 2043 vocabuli
704 2004 766 2041 usu
794 2004 832 2040 ὃς
860 2004 898 2039 in
936 2000 994 2038 lib.
1022 1999 1068 2037 de
1097 2000 1249 2038 Latinit.
1276 2001 1388 2048 vulgo

425 2059 503 2096 fere
521 2055 687 2105 neglecta
707 2054 821 2092 acturi
841 2053 973 2090 sumus.
1000 2052 1195 2090 VORST.

473 2120 533 2158 23.
563 2108 684 2142 Seleuci
702 2104 807 2155 regis]
836 2105 979 2142 Primus
997 2102 1123 2152 Syriae
1151 2114 1213 2139 rex
1235 2101 1313 2149 post
1332 2103 1387 2139 A-

423 2158 588 2197 lexandri
607 2158 737 2205 Magni
760 2164 921 2193 mortem
944 2154 1013 2191 fuit
1033 2153 1204 2191 Seleucus
1216 2153 1391 2190 Nicanor.

423 2210 601 2248 secundus
630 2208 837 2245 Antiochus
866 2207 996 2249 Soter,
1021 2206 1084 2255 qui
1109 2206 1146 2242 ὃς
1165 2203 1273 2241 Asiae
1304 2215 1390 2248 rex,

422 2270 464 2299 ut
497 2271 627 2299 omnes
658 2258 791 2296 deinde
817 2258 1017 2306 sequentes.
1070 2255 1222 2294 Tertius
1253 2255 1390 2292 Antio-

425 2313 511 2349 chus
530 2312 623 2350 Θεὸς.
636 2313 796 2358 Quartus
809 2309 979 2345 Seleucus
992 2307 1191 2344 Gallinicus
1205 2335 1215 2351 ,
1227 2306 1389 2354 Quintus

426 2363 596 2400 Seleucus
625 2360 782 2408 nsgoev=8;.
818 2359 945 2396 Sextus
976 2358 1184 2395 Antiochus
1217 2359 1388 2405 Magnus.

426 2414 609 2462 Septimus
638 2411 807 2448 Seleucus
827 2437 837 2453 ,
873 2410 935 2458 qui
968 2410 1005 2445 δὲ
1025 2409 1250 2456 Philopator.
1274 2408 1388 2444 Oeta-

425 2477 492 2502 vus
514 2463 722 2502 Antiochus
736 2489 745 2504 ‚
764 2460 827 2509 qui
847 2461 885 2496 &
904 2459 1123 2506 Epiphanes.
1151 2458 1227 2494 Hic
1247 2470 1291 2494 ex
1313 2458 1391 2495 Va-

427 2515 520 2553 lerio
540 2515 602 2551 vix
623 2514 707 2551 scire
728 2522 864 2562 queas,
887 2509 932 2545 de
954 2520 1118 2558 quonam
1142 2507 1320 2551 Seleuco,
1343 2508 1389 2546 de

426 2579 505 2617 quo
530 2564 721 2603 Antiocho
749 2563 845 2599 hanc
874 2560 1059 2597 historiam
1096 2558 1296 2606 intelligere
1325 2558 1387 2595 de-

427 2618 591 2655 beamus.
640 2615 738 2652 Cum
769 2621 841 2650 tres
863 2610 1041 2648 Antiochi
1073 2609 1231 2657 imperio
1263 2609 1387 2647 Seleu-

429 2680 492 2706 cos
521 2665 760 2706 anteceffores
786 2663 989 2701 habuerint.
1023 2668 1140 2709 patres
1163 2671 1209 2696 ne
1239 2671 1384 2704 eorum,

426 2731 472 2758 an
493 2727 671 2767 cognatos
697 2717 892 2754 incertum.
938 2711 1008 2749 Sed
1029 2710 1075 2748 fic
1096 2722 1263 2748 racemos
1286 2711 1388 2748 colli-

418 2772 496 2820 gim
503 2782 553 2806 us.
576 2766 846 2805 GLAREAN.

1443 1693 1643 1742 legendum
1668 1691 1738 1729 effe
1769 1695 1933 1738 infrunito
1953 1707 2072 1729 amore.
2125 1694 2295 1744 Eamque
2325 1708 2419 1734 con-

1438 1744 1621 1793 jeciuram
1646 1743 1810 1781 divinam
1829 1742 2099 1779 divinationem
2123 1753 2256 1788 vocat,
2278 1746 2418 1794 ipsum-

1442 1807 1515 1843 que
1536 1797 1697 1840 infrunito
1728 1795 1767 1830 in
1796 1801 1940 1829 textum
1964 1793 2093 1841 recipit
2113 1794 2280 1833 Colerus.
2335 1798 2419 1847 Ego

1442 1845 1517 1882 fine
1542 1844 1759 1882 auctoritate
1792 1843 1967 1880 codicum
1998 1843 2104 1881 MSS.
2140 1845 2229 1882 nihil
2268 1857 2419 1887 mutan-

1441 1895 1530 1933 dum
1558 1903 1699 1945 putem.
1753 1894 1802 1931 Et
1839 1893 1967 1943 quidni
2004 1906 2113 1932 amor
2150 1897 2303 1943 infinitus
2342 1899 2415 1938 dici

1440 1948 1569 1996 possit,
1597 1947 1660 1995 qui
1681 1947 1729 1983 est
1753 1944 1983 1989 vehemens,
2012 1946 2050 1983 δε
2070 1946 2190 1984 nullos
2208 1946 2270 1984 fibi
2286 1952 2415 1988 termi-

1442 2010 1511 2036 nos
1539 1995 1646 2045 figit?
1682 1997 1812 2044 Nepos
1840 1996 1964 2031 bellum
2002 1997 2171 2043 infinitum
2213 1998 2301 2036 dicit
2338 2013 2417 2040 non

1443 2048 1547 2097 quod
1568 2057 1761 2096 nunquam
1777 2074 1787 2090 ‚
1808 2045 1870 2083 sed
1887 2045 1991 2095 quod
2014 2058 2090 2083 non
2108 2056 2194 2085 ante
2217 2048 2416 2090 desiturum

1449 2098 1510 2144 fit,
1539 2109 1653 2148 quam
1675 2097 1766 2134 alter
1785 2096 1971 2146 superatus
2000 2105 2111 2147 atque
2140 2099 2301 2148 imperio
2325 2114 2417 2141 exu-
2483 2111 2486 2114 ’

1443 2158 1500 2187 tus
1529 2150 1570 2188 fit
1592 2177 1603 2193 ,
1651 2161 1708 2186 tv.
1747 2161 1802 2186 10.
1836 2160 1867 2197 3.
1905 2147 2040 2185 Cicero
2067 2161 2124 2186 tv,
2152 2151 2260 2188 Tusc.
2290 2154 2341 2188 De
2370 2158 2415 2192 L.

1442 2203 1544 2237 Bruto
1568 2199 1708 2247 fortasse
1737 2198 1944 2242 dubitarim,
1970 2214 2016 2236 an
2035 2211 2169 2249 propter
2188 2203 2359 2248 infinitum
2381 2220 2417 2241 0..

1441 2251 1533 2288 dium
1563 2252 1701 2294 tyranni
1728 2249 1925 2299 effrenatius
1954 2252 1991 2286 in
2021 2254 2202 2291 eAruntem
2239 2256 2419 2298 invaserit,

1443 2303 1650 2340 Stratonice
1669 2301 1730 2338 ista
1753 2312 1969 2349 cognomen
1986 2301 2114 2338 habuit
2133 2305 2223 2344 Θεοῖς
2236 2319 2247 2347 ;
2261 2305 2298 2341 &
2319 2306 2415 2354 apud

1442 2354 1667 2403 Smyrnaeos
1695 2352 1905 2389 consecrata
1929 2380 1938 2396 ,
1974 2351 2088 2401 inque
2116 2352 2302 2391 honorem
2333 2358 2411 2405 ejus

1442 2406 1570 2442 fanum
1603 2403 1761 2441 Veneris
1792 2402 2045 2440 Stratonicidis
2078 2402 2287 2443 dedicatum
2318 2407 2411 2452 fuit,

1441 2465 1481 2494 ut
1502 2469 1546 2494 ex
1568 2455 1717 2493 decreto
1740 2453 2032 2502 Smyrnaeorum
2045 2482 2055 2497 ,
2074 2455 2177 2502 quod
2196 2457 2291 2493 inter
2309 2468 2407 2495 mar-

1442 2519 1547 2544 mora
1578 2504 1840 2544 Arundelliana
1871 2503 2043 2541 Seldenus
2071 2503 2170 2542 dedit
2190 2535 2200 2550 ,
2245 2517 2408 2555 apparet.

1439 2558 1633 2596 VORST.
1661 2558 1872 2597 Stratonice,
1901 2555 1994 2592 haec
2034 2556 2104 2592 fuit
2133 2555 2203 2594 filia
2225 2558 2413 2597 Demetrii

1438 2608 1681 2647 Poliorcetae.
1732 2606 1832 2644 Vide
1878 2603 2010 2642 Ufferii
2059 2607 2158 2643 Ann.
2207 2620 2315 2657 3722.
2367 2610 2408 2648 &

1439 2659 1633 2707 Spanhem.
1658 2658 1703 2695 de
1727 2656 1911 2695 Nurni‘fin.
1935 2657 1992 2693 Sic
2022 2658 2189 2704 infinitum
2217 2658 2326 2695 odium
2354 2659 2411 2697 di-

1438 2711 1485 2747 cit
1513 2712 1591 2748 Cic.
1628 2709 1739 2748 Tusc.
1771 2721 1827 2746 iv.
1864 2720 1922 2744 22.
1960 2707 2205 2746 PERIZON.
2240 2710 2287 2746 Et
2317 2710 2407 2759 quid

1438 2761 1564 2798 clarius
1587 2762 1650 2799 illo
1672 2761 1716 2796 L.
1748 2772 1803 2797 tx.
1835 2771 1891 2808 13.
1921 2767 1993 2796 ext.
2025 2771 2057 2808 3.
2086 2764 2182 2794 Nam
2203 2773 2272 2795 cum
2292 2762 2405 2807 infini-

463 2832 522 2866 24.
552 2821 757 2855 stratonices
788 2817 920 2861 infinito
954 2828 1063 2850 amore
1102 2810 1284 2864 correptus]
1317 2811 1380 2848 An
1435 2821 1467 2846 to
1492 2811 1608 2848 ardore
1635 2812 1778 2862 coniugis
1803 2808 1928 2846 Thebes
1957 2821 2134 2846 teneretur.
2164 2810 2249 2848 LiV.
2277 2811 2323 2847 L.
2345 2824 2408 2849 111.

409 2873 575 2915 infrunito
593 2872 730 2906 amore?
759 2869 870 2905 Certe
901 2865 945 2903 de
964 2864 1117 2908 stolido,
1144 2863 1318 2912 improbo
1341 2863 1379 2899 δί
1434 2874 1469 2909 9.
1499 2864 1624 2912 Qutppe
1645 2861 1724 2898 duos
1740 2873 1798 2910 pro
1830 2875 1894 2896 uno
1914 2858 2065 2897 dominos
2097 2872 2264 2906 acceptos,
2292 2864 2408 2896 immo-

412 2921 621 2972 impudenti
643 2919 791 2958 adfectu
809 2918 985 2968 loquitur.
1001 2916 1158 2965 privigni
1182 2916 1222 2953 in
1241 2924 1378 2953 nover-
1431 2911 1567 2959 derara,
1591 2914 1726 2960 infinita
1742 2915 1919 2962 potestate.
1943 2911 2006 2950 ubi
2027 2911 2238 2958 VideJ.Fr.
2258 2911 2409 2948 Gronooe

2290 2961 2406 2999 vium.
