2516 3509
183 224 264 252 Anii.
287 218 352 249 urb.

185 269 250 298 >¹5*⁷.
266 264 295 292 ὃς
310 266 375 294 5⁶3.

185 307 215 334 &
230 312 285 337 5‘19

184 354 297 374 xxxix.
326 345 357 374 δε

184 396 212 413 vi
227 395 273 417 ir.
291 386 357 415 Plu-

182 426 278 456 mich.
305 429 337 458 δε

184 475 222 498 A.
248 468 355 501 Viuo:

182 509 216 540 in
239 509 312 543 vita.

312 304 375 331 Liv.

182 766 266 794 Ann.
288 764 355 794 urb.

185 812 254 835 608.
269 808 300 837 v&
311 812 376 841 509.

183 852 220 877 A.
237 849 360 883 Victor⁴

183 892 269 920 Anii.
295 899 361 921 isio.

184 936 255 965 607·
283 937 363 973 App.

184 973 291 1006 Punic.

394 123 502 189 670
683 107 1088 171 VALERH
1138 101 1509 159 MAXiMi
1554 104 1831 164 LiB.VIi.
1876 108 2022 169 CAP.
2066 112 2138 169 V.

395 222 572 286 quoties
608 217 767 265 frustra
801 213 1087 261 consulatum
1124 210 1271 276 petiit.
1308 207 1559 273 Idemque,
1582 226 1690 257 cum
1719 213 1813 275 jam
1851 230 2068 280 campum
2102 217 2288 283 repulsis
2323 220 2406 270 suis

395 304 645 367 fiirigassiet,
692 301 759 348 bis
796 296 953 344 consul
1003 292 1045 321 ¹⁶
1083 293 1131 341 ἓξ
1168 290 1322 340 censor
1367 290 1536 351 factus,
1580 293 1900 357 ampliffimum
1943 298 2179 363 dignitatis
2212 303 2406 366 gradum

396 384 614 430 obtinuit.
683 380 830 444 Cujus
864 379 1085 426 vii-tutem
1122 376 1311 441 injuriae
1346 392 1441 423 non
1478 375 1745 441 fregerunt,
1779 379 1850 426 secl
1885 395 2119 430 acuerunt.
2193 391 2234 423 ¹7
2268 385 2405 447 Qio-

398 469 519 514 niam
556 465 740 530 quidem
788 462 877 527 ipsa
920 476 1029 508 nota
1070 458 1300 508 accensam
1346 457 1646 523 cupiditatem
1684 459 1845 508 summi
1881 462 2067 510 honoris
2101 465 2407 514 ardentiorem

399 549 453 597 ad.
490 547 679 596 comitia
713 544 914 600 detulit3
976 538 1018 568 ¹3
1054 555 1108 588 ut
1143 539 1370 605 populum
1394 573 1409 599 ‚
1457 556 1593 604 quem
1629 540 1879 589 nobilitatis
1913 540 2147 606 splendore
2184 546 2233 594 δὲ
2268 549 2406 595 animi

396 629 528 677 bonis
564 640 746 673 movere
779 639 872 669 non
906 633 1147 686 potuerat,
1180 619 1425 683 pertinacia
1460 619 1677 666 vinceret.

460 706 533 767 Q
558 719 710 752 autem
747 701 1003 749 Caecilium
1040 700 1289 747 Metellum
1323 699 1460 763 pauci
1493 698 1541 745 ἃ
1576 699 1728 746 maesti
1763 699 1924 758 amici,
1963 705 2007 737 ¹9
2044 701 2300 749 consulatus
2335 721 2402 752 re-

401 787 522 855 pulsa
556 785 773 832 afilic'tum
791 817 805 841 ,
832 781 1013 829 tristitia
1048 796 1100 825 ac
1133 779 1299 825 rubore
1333 777 1551 842 plenum,
1575 776 1766 823 domum
1793 776 2100 824 reduxerunt:
2127 783 2171 804 20
2195 778 2407 827 eumdem

399 868 454 914 de
490 864 880 929 Pseudophilippo
917 860 1277 924 triumphantem
1312 856 1540 905 universus
1577 857 1744 904 senatus
1780 856 1949 903 laetum
1985 856 2034 903 &
2065 857 2259 904 alacrem
2289 865 2327 885 ²¹
2360 861 2408 907 in

403 948 689 1012 Capitolium
726 943 990 1008 prosecutus
1025 942 1102 987 est.
1172 940 1366 986 Achaici
1402 939 1539 984 etiam
1574 937 1710 996 belli,
1758 937 1833 984 cui
1870 936 2090 984 summam
2126 955 2311 986 manum
2346 941 2404 987 L,

406 1030 662 1076 Mummius
708 1025 873 1089 adjecit
898 1057 912 1083 ‚
965 1023 1164 1070 maxima
1208 1037 1307 1086 pars
1349 1020 1405 1066 ab
1452 1020 1543 1066 hoc
1579 1020 1679 1066 viro
1714 1017 1960 1082 profligata
1993 1018 2073 1065 est.
2141 1019 2259 1066 Eine
2295 1036 2406 1085 ergo

398 1236 569 1285 pliffimmn
591 1245 664 1274 wc.
692 1238 820 1284 Quam
848 1235 1059 1273 orationem
1092 1245 1156 1271 cur
1187 1231 1376 1270 elumbem

404 1290 442 1326 Ge
471 1288 624 1326 fractam
661 1295 815 1326 vocaret
843 1287 991 1336 Pighius
1016 1285 1094 1323 satis
1125 1282 1264 1322 caussae
1297 1295 1377 1322 non

405 1348 493 1376 erat.

460 1402 516 1437 17.
545 1391 711 1438 Qtoniam
729 1387 860 1440 quidem
880 1390 950 1436 ipsa
971 1399 1049 1424 nota
1077 1388 1225 1434 accensus
1246 1384 1371 1434 cupidi-

405 1451 510 1478 tatem
532 1443 655 1488 summi
675 1442 804 1477 honoris
822 1439 1041 1476 ardentiorem
1061 1438 1106 1475 ad
1124 1440 1257 1474 comitia
1281 1436 1377 1473 detu—

408 1493 470 1542 lit]
515 1494 572 1530 Sic
596 1493 706 1530 tacite
733 1492 893 1529 mutavit
920 1491 1065 1539 Pighius
1088 1518 1097 1534 ‚
1136 1501 1253 1539 quum
1285 1487 1378 1526 Edd.

406 1554 491 1582 ante
512 1544 629 1592 ipsum
649 1545 686 1581 δί
699 1543 805 1580 MSS.
834 1543 1011 1580 haberent
1030 1545 1194 1587 accensam
1214 1539 1376 1590 cupidita-

403 1607 480 1632 tem.
502 1595 613 1632 Certe
632 1595 680 1632 ita
703 1595 855 1632 invenio
877 1595 914 1631 in
941 1593 1072 1630 Leidd.
1092 1592 1231 1640 septem
1248 1621 1258 1635 ‚
1276 1601 1371 1629 utro-

399 1659 474 1696 que
508 1646 640 1695 Uliraj.
679 1647 715 1683 δε
747 1646 876 1694 Copes.
916 1646 953 1681 in
984 1644 1162 1682 Gudianis
1191 1644 1373 1690 excerptis

398 1695 573 1735 oniiffiim
597 1697 710 1734 credo
732 1698 864 1734 notari.
905 1697 942 1733 δε
965 1697 1012 1733 est
1033 1696 1108 1733 hoc
1131 1693 1210 1731 stilo
1232 1694 1373 1730 Valerii

396 1749 538 1799 prorsus
577 1749 817 1786 conveniens.
869 1747 1085 1784 Perizonius
1116 1757 1185 1794 pro
1223 1742 1372 1789 detulit,

398 1798 548 1839 fortasse
577 1802 716 1843 retulit,
744 1797 944 1847 legendum
976 1796 1046 1834 effe
1076 1795 1252 1842 conjecit.

470 1851 527 1888 18.
571 1855 613 1886 Ut
648 1852 802 1899 populum
839 1852 921 1898 quia
955 1848 1145 1884 nobilitatis
1175 1844 1369 1896 splendore]

401 1902 527 1940 Etiam
570 1902 644 1938 hoc
679 1914 699 1938 a
729 1901 858 1950 Pighio
897 1899 945 1936 est
968 1927 978 1942 ‚
1019 1907 1127 1936 antea
1162 1897 1370 1946 legebatur.

400 1964 437 1989 ut
462 1952 641 2004 populum,
681 1967 776 2003 quem
795 1961 868 1989 eye.
898 1950 1001 2001 quod
1027 1951 1065 1987 in
1093 1961 1237 1987 novem
1266 1949 1373 1986 inve-

402 2006 468 2042 nio
504 2004 606 2041 MSS.
647 2006 711 2054 qui
740 2015 831 2040 mox
864 2013 997 2040 omnes
1030 2001 1166 2038 habent
1187 2028 1198 2044 ‚
1245 2013 1375 2035 movere

402 2071 466 2092 non
489 2065 672 2104 potuerat;
721 2067 789 2102 pro
816 2066 892 2103 quo
921 2053 1067 2101 Pighius
1098 2061 1230 2100 poterat
1255 2050 1375 2088 substi-

403 2107 482 2145 tuit.
511 2107 570 2143 cui
596 2117 659 2143 cui·
684 2103 920 2143 adliaesiffem
949 2103 1111 2141 diutius?

456 2152 512 2206 19.
548 2158 748 2198 Conhaelatus
776 2159 907 2207 repulsa
933 2153 1110 2204 affiiffum]
1143 2153 1185 2190 In
1208 2151 1377 2197 Susiano,

402 2209 698 2252 Puimamiiano,
727 2216 838 2256 atque
863 2205 1093 2244 Atrebatensi
1110 2206 1264 2253 legitur3
1291 2207 1377 2241 Con-

394 2262 533 2310 sulatus
562 2261 691 2308 repulsa
721 2260 896 2309 afflatum,
925 2257 1094 2305 Eleganti
1128 2255 1290 2293 formula
1322 2255 1378 2293 lo·

406 2311 568 2361 (piendi,
602 2312 639 2347 in
671 2323 743 2359 qna
775 2311 864 2348 item
895 2309 1161 2358 significatione
1191 2306 1379 2345 vocabulo

405 2363 596 2410 ambustus,
626 2361 676 2398 usi
704 2362 782 2398 sunt
804 2370 956 2398 veteres.
1011 2361 1140 2397 Livius
1162 2357 1378 2396 indifferen-

406 2423 462 2452 ter
490 2415 554 2451 has
576 2412 756 2450 die'tiones
784 2412 939 2460 usurpat.
967 2423 1054 2448 nam
1087 2410 1197 2458 afflati
1229 2409 1380 2446 incendio

408 2466 499 2504 dixit
531 2463 615 2501 Lib.
643 2476 727 2500 xxx.
764 2464 802 2500 δί
827 2463 994 2508 ambustus
1022 2460 1260 2503 damnatione,
1300 2461 1384 2499 Lib.

407 2530 475 2555 xxx
487 2529 518 2554 Ι.
544 2515 686 2553 PIGH.
719 2515 920 2562 Consulatus
951 2515 1081 2560 repulsa
1112 2510 1283 2560 affltb'lum.
1329 2512 1384 2550 Ita

409 2576 552 2606 veteres
571 2567 668 2616 typis
687 2564 838 2614 expreffi
860 2563 1087 2602 &Er-andeis.
1106 2561 1212 2599 MSS.
1237 2561 1384 2610 Pighius

408 2629 537 2658 tamen
559 2630 605 2656 ex
627 2629 704 2655 uno
733 2625 846 2666 atque
873 2615 990 2652 altero
1014 2614 1098 2651 cod.
1125 2611 1258 2661 scripsit
1285 2613 1380 2661 affla-

408 2684 500 2708 tum:
527 2678 707 2719 putatque
735 2668 940 2716 elegantem
970 2664 1170 2703 formulam
1201 2664 1381 2712 loquendi

409 2724 506 2760 hanc
526 2719 608 2758 effe.
621 2720 821 2758 VORST.
835 2717 1026 2767 Affli'cium
1042 2717 1179 2753 habent
1200 2716 1236 2752 &
1248 2727 1380 2753 omnes

409 2774 500 2812 inei.
552 2771 668 2821 Quod
699 2783 789 2808 vcro
816 2769 965 2818 Pighius
992 2768 1066 2811 ait,
1091 2766 1225 2816 afflatus
1246 2769 1381 2812 repulsa

412 2825 621 2873 elegantem
665 2822 866 2860 formulam
901 2817 972 2857 effe
1000 2818 1216 2867 loquendi,
1266 2818 1379 2865 inqua

412 2876 504 2913 item
533 2874 799 2923 significatione
820 2870 1007 2910 vocabulo
1028 2869 1169 2916 ambusti
1201 2866 1250 2905 ufi
1281 2868 1379 2914 sunt,-

412 2928 451 2965 i'n
471 2938 519 2964 eo
540 2927 656 2974 ipsum
681 2927 774 2962 ratio
795 2925 899 2973 fugit.
913 2923 1005 2961 Non
1027 2922 1146 2959 dicam
1170 2921 1243 2965 iam
1258 2946 1266 2961 ‚
1280 2919 1381 2968 quod

411 2991 458 3016 ne
488 2979 603 3016 unico
633 2977 785 3025 quidem
817 2976 891 3014 alio
922 2974 1011 3012 loco
1041 2969 1189 3011 fortasse
1227 2972 1383 3018 probare

409 3030 592 3079 potuerit,
622 3029 758 3066 Latine
779 3028 874 3074 dici,
900 3025 1035 3076 afflatus
1061 3027 1105 3074 est
1135 3023 1267 3073 repulsa
1283 3050 1292 3067 ,
1320 3022 1380 3061 vel

2321 1119 2407 1165 PO-

1431 1230 1610 1278 ambustus.
1648 1229 1736 1267 illud
1765 1229 1888 1279 potius
1922 1228 2042 1277 specsta
2073 1229 2164 1266 inihi
2186 1257 2196 1273 ,
2247 1229 2406 1269 debuisse

1432 1281 1502 1320 effe
1529 1282 1714 1331 utriusque
1743 1280 2050 1330 significationem
2084 1281 2243 1318 omnino
2285 1282 2408 1320 diver-

1430 1334 1518 1371 sam.
1532 1334 1697 1383 estfflatus
1710 1333 1811 1369 enim
1836 1335 1967 1382 repulsit
1989 1331 2106 1380 accipi
2125 1332 2186 1368 hic
2204 1331 2306 1370 aliter
2326 1345 2406 1372 non

1431 1385 1550 1432 potest
1564 1414 1574 1428 ‚
1602 1395 1715 1434 quam
1735 1384 1780 1421 de
1801 1395 1847 1421 eo
1864 1409 1873 1423 .
1901 1385 1962 1433 qui
1995 1394 2125 1420 revera
2149 1383 2327 1432 repulsam
2348 1394 2406 1423 tu-

1428 1436 1491 1474 lit:
1520 1435 1719 1486 quomodo
1749 1435 1795 1472 de
1818 1434 1963 1484 judiciis
1993 1434 2139 1482 usurpat
2161 1434 2294 1474 noster.
2322 1435 2406 1473 Lib.

1430 1500 1516 1527 .V11.
1531 1500 1561 1532 7.
1576 1500 1609 1533 4,
1639 1491 1723 1537 Ergo
1743 1485 1822 1521 dum
1836 1487 1882 1533 fii
1906 1489 2045 1537 tegeris
2061 1513 2071 1529 ‚
2097 1485 2142 1520 ad
2163 1487 2286 1528 inferos
2305 1491 2406 1536 usque

1429 1541 1552 1583 coelesti
1572 1541 1718 1585 fulmine
1735 1537 1864 1587 afflata.
1891 1538 1952 1575 ubi
1970 1538 2019 1574 ita
2040 1536 2206 1586 loquitur
2226 1549 2290 1586 per
2312 1538 2407 1576 adu-

1428 1590 1610 1628 lationem
1637 1588 1701 1627 sibi
1730 1589 1873 1626 solitam
1894 1613 1905 1631 ‚
1942 1589 2026 1639 quia
2052 1587 2225 1626 damnata
2259 1597 2336 1626 erat
2361 1590 2406 1628 ab

1429 1641 1623 1690 Augusto,
1656 1652 1769 1690 quem
1802 1640 1960 1678 alterum
1992 1640 2082 1676 facit
2110 1640 2225 1676 veluti
2255 1640 2407 1686 Jovem.

1426 1693 1600 1739 Ambusti
1632 1704 1723 1729 vero
1745 1691 1940 1734 dicuntur,
1969 1690 2033 1739 qui
2062 1692 2099 1727 in
2124 1690 2317 1729 discrimen
2342 1692 2408 1731 ad·

1426 1743 1547 1786 ducti,
1576 1754 1699 1792 neque
1729 1742 1894 1780 damnati
1913 1753 2036 1790 neque
2057 1741 2211 1778 absoluti
2228 1741 2335 1786 sunt,
2365 1751 2405 1783 ut

1424 1794 1590 1844 loquitur
1613 1794 1657 1830 L.
1688 1806 1777 1831 vm.
1812 1807 1843 1831 1.
1876 1807 1905 1831 1.
1934 1793 1979 1830 de
2003 1792 2199 1829 Ambustis.

1476 1859 1537 1884 20.
1576 1845 1719 1881 Eundem
1745 1844 1784 1881 de
1817 1842 2093 1891 Pseudophilippo
2122 1843 2406 1892 triumphantem,

1425 1897 1519 1946 &cxj
1553 1897 1643 1934 Non
1670 1894 1825 1933 dissimili
1846 1907 1918 1943 qua
1947 1894 2042 1943 prius
2068 1894 2283 1932 audacia‘in
2302 1896 2404 1935 hunc

1426 1959 1580 1996 quoque
1620 1947 1747 1984 locum
1786 1945 1927 1995 graffati
1966 1945 2047 1982 sunt
2083 1944 2195 1983 scioli.
2250 1946 2403 1987 Constat

1427 1999 1528 2036 enim
1658 1999 1842 2034 ‚zwetellunz
1877 1995 2128 2033 Macedonicum
2165 1997 2406 2045 triumphasse

1427 2049 1473 2086 de
1495 2049 1829 2098 Pseudophilippo,
1856 2048 2069 2098 bellumque
2094 2048 2303 2086 Achaicum
2327 2051 2406 2098 ges-

1428 2099 1505 2137 siffe
1536 2112 1580 2137 ε’(
1609 2108 1778 2149 praetura
1806 2100 2014 2149 priusquam
2049 2098 2280 2137 consulatum
2301 2109 2406 2149 pete-

1428 2160 1483 2189 ret
1522 2152 1640 2189 Atoui
1667 2152 1760 2189 haec
1794 2150 1906 2188 verba
1934 2151 2084 2187 sonant.
2114 2151 2193 2199 post
2221 2152 2405 2199 repulsam

1430 2203 1638 2241 consulatus
1665 2199 1905 2250 triumphasse
1921 2227 1931 2243 ,
1958 2202 2247 2250 Achaicumque
2268 2202 2405 2242 bellum

1430 2253 1637 2303 profligasse
1660 2253 1873 2291 Metellum.
1904 2252 2023 2301 Quod
2048 2252 2156 2300 plane
2178 2251 2306 2291 falsum
2334 2253 2406 2292 effe

1430 2306 1491 2343 vel
1510 2306 1603 2343 solus
1624 2305 1754 2343 auctor
1768 2333 1777 2349 ‚
1792 2305 1855 2353 qui
1875 2304 1920 2342 de
1942 2304 2026 2341 viris
2046 2303 2237 2341 illustribus
2257 2305 2408 2354 scripsit,

1430 2357 1576 2395 abunde
1601 2357 1712 2395 docet
1734 2368 1813 2405 cap.
1833 2356 1892 2393 61.
1922 2356 2012 2392 Hoc
2030 2354 2141 2402 paeto
2161 2353 2266 2393 nobis
2286 2355 2408 2394 bonos

1432 2407 1601 2446 auctores
1631 2407 1942 2445 deformaverunt
1970 2403 2228 2455 gloffographi.
2283 2407 2409 2446 Verae

1434 2469 1562 2498 tamen
1605 2458 1773 2496 leffionis
1803 2458 1949 2506 vestigia
1975 2457 2160 2507 quaedam
2201 2458 2408 2497 remansere

1435 2512 1469 2548 in
1502 2510 1701 2558 Campenfi
1730 2510 1823 2547 libro
1846 2534 1857 2553 ‚
1904 2509 2005 2557 cujus
2038 2508 2186 2545 initium
2227 2507 2298 2546 tale
2334 2510 2410 2548 hoc

1437 2563 1556 2600 modo
1590 2560 1891 2611 prosequendum
1923 2560 2078 2607 opinor;
2113 2562 2223 2608 ,Quem
2249 2558 2290 2596 de
2308 2562 2411 2610 Pseu-

1433 2614 1622 2662 dophilippo
1642 2613 1903 2662 triumphantem
1921 2613 2095 2658 universus
2117 2612 2260 2657 senatus
2280 2612 2408 2649 laetum

1434 2668 1633 2701 &alacrem
1653 2679 1686 2700 m
1700 2664 1902 2713 Capitolium
1917 2665 2136 2712 prosequutus
2152 2671 2238 2700 erat.
2263 2663 2410 2702 Achai-

1433 2720 1459 2751 ci
1491 2719 1593 2752 etiam
1621 2715 1701 2751 belli
1727 2718 1779 2751 cui
1797 2718 1964 2763 summam
1992 2728 2126 2750 manum
2156 2717 2197 2750 L.
2214 2715 2409 2750 Mummius

1432 2765 1554 2814 adjoit
1569 2795 1578 2807 ,
1612 2768 1762 2802 maxima
1790 2778 1869 2814 pars
1890 2764 1931 2801 ab
1950 2765 2004 2801 lmc
2024 2767 2099 2801 viro
2123 2766 2305 2814 profligata
2328 2765 2408 2809 fue-

1431 2830 1498 2853 rat.
1537 2819 1674 2855 PIGH.
1731 2820 1789 2854 De
1829 2815 2101 2865 Pseudophilippo
2137 2814 2407 2861 triumphantem.

1433 2870 1539 2905 Vero
1566 2870 1723 2906 nomine
1746 2866 1968 2915 tAndriscus,
2002 2874 2150 2905 mutato
2179 2872 2300 2903 autem
2324 2864 2408 2901 Phi-

1434 2921 1544 2968 lippus
1572 2928 1727 2958 vocatus
1754 2920 1847 2964 fuit,
1875 2919 1940 2969 qui
1968 2930 2037 2968 pro
2066 2917 2185 2955 Persei
2213 2915 2306 2963 regis
2327 2914 2406 2954 filio

1436 2972 1470 3008 'e
1493 2970 1594 3018 geffit
1608 2999 1619 3014 ‚
1644 2971 1990 3019 Macedoniamque
2010 2968 2072 3006 vel
2091 2968 2283 3006 voluntate
2300 2966 2410 3005 inco-

1432 3022 1590 3060 lentium
1616 3050 1627 3067 ,
1670 3022 1731 3060 vel
1765 3022 1879 3061 armis
1923 3019 2134 3069 occupavit.
2184 3017 2283 3106 Vile-lle
2310 3018 2410 3067 Epir.

2267 3097 2276 3108 .
2302 3080 2420 3110 xux,
