2516 3509
341 145 449 215 690
523 122 943 193 VALERH.
1012 117 1405 179 MAXIMI
1478 114 1784 178 L113.VII.
1841 120 1992 180 CAP.
2037 122 2202 184 VIII.

344 248 456 296 riam
491 232 817 287 tantummodo
852 227 1068 277 heredem
1102 228 1332 276 instituit:
1371 233 1388 265 7
1426 218 1532 273 filiis
1565 238 1718 274 autem
1752 229 1964 278 Afraniae
1997 246 2053 280 ex
2088 231 2168 280 suo
2203 231 2365 282 admo-

350 327 462 373 dum
508 316 662 381 amplo
706 312 987 379 patrimonio
1037 310 1204 376 viginti
1252 306 1501 355 nummum
1536 306 1719 371 legavit.
1795 307 1814 338 8
1851 310 2037 359 Afrania
2070 325 2223 361 tamen
2256 332 2366 363 cum

356 405 508 453 sorore
541 398 819 447 sacramento
856 391 1132 442 contendere
1165 391 1346 448 noluit3
1393 389 1806 456 testamentumque
1839 395 1992 440 matris
2029 397 2245 459 patientia
2278 398 2364 445 ho-

359 498 542 543 norare,
578 489 600 520 9
623 496 758 545 quam
790 477 967 543 judicio
1004 475 1290 533 convellere,
1312 472 1453 550 Q
1486 474 1571 522 effe
1599 474 1757 522 duxit:
1795 492 1849 522 eo
1872 475 2026 540 seipsa
2058 478 2365 543 indigniorem

360 563 525 628 injuria
557 559 820 619 ostendens,
856 574 949 622 quo
987 573 1084 604 eam
1122 555 1333 618 aequiore
1367 555 1518 601 animo
1555 553 1810 600 sustinebat.

428 648 471 670 ¹0
507 642 671 690 Minus
704 637 962 687 mirandum
997 651 1196 684 errorem
1232 633 1501 680 muliebrem
1537 633 1611 693 Q
1640 633 1858 679 risletellus
1903 633 2028 680 fecit.
2097 636 2139 682 Is
2173 654 2367 703 namque

360 724 568 790 plurimis
604 721 653 769 ὃς
688 719 991 768 celeberrimis
1036 717 1234 783 ejusdem
1280 715 1478 763 nominis
1514 714 1619 761 viris
1642 707 1711 759 in
1743 714 1858 761 urbe
1894 715 2041 763 nostra
2076 718 2365 781 vigentibus3

362 804 665 852 Claudiorum
701 802 838 849 etiam
869 798 1071 858 familia,
1117 814 1253 862 quam
1291 803 1328 823 ¹¹
1368 793 1608 842 aretiffimo
1642 793 1865 858 sanguinis
1900 796 2086 843 vinculo
2123 800 2366 862 continge-

362 883 469 942 bat,
519 882 741 939 florente,
796 885 834 906 ¹²
874 877 1156 927 Carrinatem
1192 875 1338 922 solum
1371 872 1584 919 heredem
1619 873 1838 936 reliquit:
1891 878 1930 908 ¹3
1969 887 2051 919 nec
2086 873 2235 922 hocce
2270 878 2367 939 ejus

366 968 406 996 ¹4
441 959 763 1007 testamentum
799 954 1035 1019 quisquam
1071 954 1328 1001 attentavit.

428 1040 548 1085 Item
588 1044 624 1074 ¹5
663 1036 912 1098 Pompejus
945 1035 1218 1099 Rhegfflus,
1252 1034 1322 1081 vir
1357 1031 1676 1096 Transalpinae
1710 1032 1935 1096 regionis,
1982 1050 2089 1081 cum
2124 1034 2365 1085 testamen-

360 1134 412 1169 to
447 1120 592 1167 fiatris
627 1117 894 1180 praeteritus
927 1116 1060 1176 esset,
1099 1116 1148 1163 δῖ.
1183 1116 1238 1163 ad
1275 1115 1609 1180 coarguendam
1644 1115 1933 1178 iniquitatem
1969 1117 2092 1178 ejus,
2137 1116 2262 1165 binas
2299 1133 2364 1168 ta-

364 1342 458 1368 unus
477 1327 610 1368 Brand.
630 1326 767 1365 habent
792 1327 922 1377 viginti
939 1326 1050 1363 millia
1079 1340 1271 1373 nummum3
1297 1333 1339 1364 ut

371 1383 506 1424 millia,
530 1379 633 1430 quod
654 1377 947 1416 subaudiendum
979 1376 1088 1422 effet,
1116 1378 1247 1416 diserte
1275 1378 1339 1416 ad-

362 1432 506 1482 Jec‘ium
536 1431 590 1469 fit.
643 1429 714 1467 Sed
743 1430 936 1467 contendit
954 1429 1110 1468 Colerus
1138 1430 1337 1478 ellipticam

366 1483 571 1521 formulam
602 1480 800 1519 reffiorem
834 1481 1023 1530 magisque
1051 1493 1096 1518 ex
1126 1493 1234 1519 more
1256 1479 1339 1519 effe.

366 1535 564 1572 VORST.
577 1538 642 1569 Suo
661 1543 739 1569 non
756 1533 959 1580 agnoscunt
979 1532 1179 1570 duodecim
1200 1544 1245 1570 ex
1266 1545 1336 1570 no-

363 1586 440 1624 stris
459 1584 565 1623 MSS.
594 1585 631 1621 &
655 1591 797 1620 veteres
817 1582 910 1620 Edd.
936 1582 973 1620 in
995 1583 1133 1632 septem
1156 1584 1203 1622 est
1222 1586 1337 1634 vigin-

363 1639 394 1673 ti
412 1638 523 1673 millia
539 1634 619 1680 ,-alii
639 1634 717 1672 fere
735 1636 861 1684 viginti
880 1632 1061 1671 mammam.
1087 1636 1215 1686 Vigmti
1243 1647 1336 1672 vero

364 1685 536 1724 mammam
560 1685 683 1728 redte,
711 1696 756 1722 ex
784 1697 914 1727 more,
943 1684 1015 1722 dici
1043 1684 1178 1723 vellem
1207 1698 1337 1724 exem-

368 1738 435 1787 plis
474 1734 653 1777 docuifl‘et
682 1735 850 1773 Colerus.
911 1736 1014 1774 Nota
1050 1736 1099 1774 est
1137 1736 1264 1784 ellipsis
1298 1738 1336 1774 in

366 1788 468 1826 decies
492 1789 680 1837 sestertium
699 1815 709 1831 ,
736 1787 775 1824 in
805 1798 883 1836 quo
900 1786 1088 1824 subaudias
1107 1798 1241 1823 centena
1261 1790 1340 1823 mil—

363 1842 439 1885 lia,
476 1839 538 1877 sed
568 1847 608 1877 ut
633 1837 798 1875 similiter
827 1837 984 1874 dixerint
1011 1839 1142 1889 viginti
1169 1837 1341 1876 mammam

365 1903 436 1940 pro
463 1891 592 1942 ‘viginti
617 1890 726 1925 millia
753 1886 947 1932 nummiim,
973 1887 1012 1925 id
1039 1889 1130 1926 mihi
1159 1901 1238 1927 non
1260 1901 1339 1939 per-

363 1940 500 1980 suadet.

369 1993 451 2030 ·-8.
479 1990 671 2041 &ephi-onia
689 2001 800 2027 tamen
821 2004 890 2026 cum
904 1993 1018 2038 sorore
1037 1992 1248 2038 sacramento
1267 2005 1341 2027 con-

363 2042 497 2081 tendere
520 2041 647 2090 noluit]
678 2041 924 2090 Legendum;
956 2044 1126 2086 ,Afrania
1144 2053 1254 2079 tamen
1272 2056 1342 2078 cum

358 2097 471 2143 sorore
498 2097 580 2138 sua,
609 2101 684 2130 wc.
711 2090 817 2140 Quid
833 2092 874 2130 fit
893 2096 1102 2140 sacramento
1128 2092 1342 2136 contendere,

372 2147 409 2182 &
431 2157 508 2195 quo
534 2144 606 2181 ritu
632 2143 707 2180 hoc
733 2143 862 2188 fiebat,
888 2142 1040 2191 pulchre
1058 2145 1113 2181 M.
1137 2145 1258 2182 Varro
1281 2145 1341 2182 De

366 2195 490 2244 lingua
532 2194 665 2231 Latina
706 2194 834 2231 Libro.
866 2205 923 2232 1v.
959 2194 1098 2233 PIGH.
1145 2195 1228 2246 Ego
1251 2198 1339 2243 sua,

366 2246 472 2297 quod
492 2247 663 2294 ignorant
685 2257 818 2282 omnes
836 2244 944 2282 MSS.
970 2256 990 2284 a
1005 2245 1137 2295 Pighio
1157 2245 1343 2292 additum,

366 2298 633 2348 ‚supervacuum
655 2304 745 2345 puto
759 2324 770 2341 ‚
797 2294 988 2335 &delevit
1005 2297 1118 2336 etiam
1137 2297 1318 2335 Vorsrius.

387 2363 403 2377 ⁸
428 2362 463 2398 9.
509 2349 616 2395 Quam
642 2347 767 2395 judicio
794 2348 975 2384 convellere
1001 2351 1110 2393 sinim
1135 2349 1194 2398 effe
1218 2348 1338 2398 duxit]

372 2401 428 2438 lta
448 2400 595 2448 Pighius
614 2410 659 2436 cx
678 2398 785 2435 MSS.
807 2398 965 2446 opinor,
979 2410 1066 2438 nam
1089 2399 1135 2437 fic
1155 2400 1266 2438 nostri
1287 2402 1340 2437 fe—

372 2463 411 2488 re
443 2462 585 2488 omnes.
640 2448 715 2486 Alii
745 2448 935 2487 ediderant
955 2452 1133 2498 sanHius,
1160 2460 1201 2488 ut
1227 2452 1275 2489 est
1306 2453 1344 2488 in

373 2502 507 2551 Copes.
537 2511 608 2538 nec
637 2499 808 2548 displicet.

429 2566 485 2591 10.
513 2552 637 2588 Minus
663 2549 850 2588 mirandum
881 2550 962 2601 wc]
1003 2553 1112 2591 Haec
1142 2552 1192 2589 ita
1211 2551 1347 2601 Ultraj.

376 2605 482 2653 prim.
514 2601 677 2640 exhibet.
698 2604 823 2640 Minus
844 2602 1031 2640 mirandum
1060 2617 1199 2639 errorem
1229 2605 1345 2639 mulie-

377 2656 488 2700 brem,
514 2668 617 2705 quam
633 2654 754 2697 illum,
775 2668 872 2703 quem
892 2656 934 2702 Q.
957 2654 1122 2691 Metellus
1136 2655 1231 2700 fecit.

434 2720 489 2745 11.
573 2720 588 2742 r
623 2706 634 2740 i
793 2708 895 2757 gum*
965 2703 1081 2753 'nculo]
1110 2704 1158 2741 Et
1179 2716 1250 2753 ego
1269 2706 1346 2742 exi-

379 2757 490 2795 stimo
517 2756 671 2804 intelligi
697 2755 758 2793 hic
779 2759 962 2794 Metellum
983 2762 1150 2805 Nepotem
1180 2768 1265 2793 cum
1287 2756 1346 2794 Pi-

378 2808 480 2856 ghio.
533 2807 604 2844 Sed
631 2808 659 2845 is
687 2815 815 2846 tamen
849 2808 1041 2857 dupliciter
1080 2815 1204 2852 errat,
1254 2807 1344 2845 dum

375 2859 501 2906 primo
525 2858 650 2896 tribuit
684 2858 717 2896 ei
745 2871 902 2898 uxorem
930 2860 971 2899 P.
1000 2857 1126 2897 Clodii
1153 2858 1342 2901 sororem,

373 2922 471 2959 quae
507 2908 575 2946 fuit
605 2911 746 2946 Metelli
785 2912 907 2948 Celeris
946 2923 1051 2949 uxor.
1111 2909 1259 2947 Deinde
1299 2921 1345 2947 ex

370 2961 547 2999 affinitate
575 2960 659 2997 facit
690 2961 871 3010 sanguinis
899 2962 1117 3004 vinculum,
1157 2972 1242 2998 curn
1265 2961 1344 2998 Ne-

371 3013 466 3059 potis
493 3019 614 3048 mater
644 3012 752 3050 fuerit
782 3014 949 3052 Claudia.
975 3014 1220 3052 PERIZON.
1261 3012 1343 3050 Scil.

372 3063 409 3103 in
438 3062 604 3112 margine
627 3062 816 3106 addiderat
833 3066 993 3116 Pighius.
1019 3066 1064 3116 9,-
1083 3066 1250 3103 Menum
1268 3067 1346 3103 Νι-

2281 1200 2366 1248 bu-

1387 1337 1468 1375 pos,
1496 1332 1587 1372 cuius
1607 1340 1692 1362 uxor
1716 1327 1751 1362 P.
1775 1328 1886 1363 Clodii
1897 1328 1992 1375 soror
2002 1327 2089 1369 suit.
2115 1338 2153 1364 ut
2174 1341 2215 1363 ex
2236 1328 2366 1366 Ciceross

1388 1380 1441 1414 nis
1458 1381 1621 1415 Caeliana
1641 1379 1838 1427 colligimus.

1442 1442 1497 1469 12..
1527 1426 1758 1474 Carrinatem]
1787 1430 1847 1466 An
1870 1429 1927 1465 ille
1954 1428 2001 1466 est
2019 1457 2029 1473 ‚
2052 1427 2097 1465 de
2126 1440 2203 1478 quo
2224 1431 2366 1480 Appia-

1390 1492 1457 1518 nus
1482 1481 1564 1518 Lib.
1597 1492 1650 1518 iv.
1685 1481 1722 1517 ὅ(
1743 1492 1777 1516 ν.
1805 1480 1883 1518 Dio
1904 1480 1988 1517 Lib.
2017 1492 2076 1517 ιι.
2107 1480 2259 1519 Praetor
2282 1483 2366 1521 Ibe-

1390 1533 1465 1569 riae
1500 1533 1570 1569 fuit
1599 1531 1661 1569 sub
1693 1531 1858 1569 Caesare.
1897 1531 2092 1569 COLER.
2141 1531 2247 1569 MSS.
2285 1535 2364 1572 fere

1389 1585 1582 1620 Curinatem
1598 1611 1607 1627 ‚
1630 1584 1837 1619 Cariniatem
1854 1613 1861 1626 ,
1875 1584 2085 1619 Curcinatem
2099 1610 2109 1627 ,
2121 1583 2181 1620 vel
2195 1586 2364 1623 Carman-

1388 1646 1454 1671 tem
1478 1634 1626 1672 habent.
2101 1666 2103 1668 .

1443 1697 1499 1735 13.
1529 1689 1602 1721 Nec
1620 1684 1709 1720 hocce
1729 1687 1958 1732 testamentum
1979 1683 2069 1733 ejus]
2100 1685 2233 1733 Ultraj.
2257 1687 2364 1735 prim.

1391 1736 1461 1773 Bit.
1494 1736 1594 1773 Med.
1624 1737 1731 1784 prim.
1759 1736 1868 1773 Leid.
1895 1735 2012 1785 quint.
2043 1739 2113 1772 Nec
2140 1737 2199 1772 hac
2224 1750 2258 1773 re
2291 1743 2364 1787 ejus

1390 1790 1631 1835 testamentum.

1453 1851 1506 1884 14.
1546 1841 1788 1885 Testamentum
1829 1842 1900 1885 ejus
1936 1837 2116 1887 quisquam
2154 1839 2361 1882 attenta-vit]

1392 1888 1523 1938 Ultraj.
1536 1888 1605 1926 sec.
1626 1891 1868 1936 Testamentum
1885 1891 1954 1932 ejus
1974 1888 2156 1937 improbare
2173 1886 2361 1941 quisquam]

1394 1939 1501 1977 Leid.
1538 1948 1657 1990 quart.
1685 1941 1822 1975 irritare
1849 1941 2038 1989 quisquam.
2065 1947 2146 1976 tert.
2173 1943 2311 1979 irritare
2338 1944 2364 1979 I.

1391 1990 1579 2039 refiindere.
1602 1991 1710 2028 nimis
1733 1991 1926 2027 manifesto
1948 2001 1992 2027 ex
2007 1989 2137 2037 glossis.

1446 2055 1502 2090 15,
1527 2045 1705 2092 pompejus
1728 2040 1918 2091 Rhegium]
1949 2041 2039 2078 Non
2058 2041 2187 2080 dubito
2206 2054 2292 2081 eum
2317 2044 2369 2082 es-

1392 2092 1448 2136 se,
1476 2093 1523 2131 de
1552 2105 1630 2143 quo
1658 2094 1779 2128 Varro
1810 2092 1892 2129 Lib.
1919 2105 1980 2128 111.
2019 2090 2064 2128 de
2089 2104 2128 2129 re
2159 2093 2275 2131 rustic.
2325 2099 2366 2132 In

1395 2144 1517 2180 Gallia
1545 2157 1624 2180 ‘vero
1645 2144 1869 2191 Transalpina
1894 2145 1931 2179 T.
1960 2145 2132 2185 Pompeius
2161 2155 2292 2180 tantum
2311 2149 2366 2194 se.

1387 2205 1483 2242 ptum
1504 2198 1708 2231 venationis.
1735 2194 1959 2240 2Arelatenfis
1993 2193 2105 2230 etiam
2127 2198 2261 2244 Pompei
2289 2208 2368 2235 me.

1393 2246 1502 2284 minit
1537 2246 1674 2284 Plinius
1721 2244 1804 2282 Lib.
1850 2257 1986 2282 xxxin.
2026 2255 2105 2293 cap.
2145 2259 2201 2284 11.
2259 2247 2367 2286 Co-

1395 2298 1427 2334 L
1444 2298 1475 2335 E
1486 2299 1532 2336 R.

1447 2350 1503 2387 16.
1532 2347 1665 2384 Habita
1691 2348 1863 2397 utriusque
1888 2345 2015 2382 ordinis
2044 2348 2195 2393 maxima
2211 2350 2370 2398 frequen-

1397 2399 1467 2450 tia]
1496 2408 1639 2448 Uterque
1665 2398 1741 2434 ordo
1763 2399 1895 2436 dicitur
1915 2398 1975 2434 hic
1996 2398 2166 2447 equestris
2189 2400 2227 2436 ἃ
2244 2400 2368 2447 plebe-

1390 2451 1460 2498 ius.
1489 2450 1684 2489 VORST.
1717 2450 1764 2486 Et
1784 2462 1846 2487 cur
1870 2460 1948 2486 non
1970 2449 2093 2497 potius
2116 2453 2304 2496 senatorius
2328 2453 2368 2490 δε

1397 2505 1551 2550 equestris
1567 2530 1576 2546 ,
1599 2500 1642 2538 ad
1662 2512 1776 2550 quem
1807 2509 2009 2549 utrumque
2032 2500 2203 2538 ordinem
2226 2501 2369 2551 judicia

1397 2552 1629 2601 pertinebant
1643 2553 1657 2589 ἓ

1453 2617 1508 2649 ¹7·
1543 2608 1665 2641 frater
1692 2614 1764 2639 erat
1782 2599 1946 2653 scriptus]
1981 2599 2090 2639 Leid.
2121 2600 2209 2640 sext.
2250 2606 2368 2642 Frater

1397 2659 1466 2699 ejus
1484 2666 1556 2693 erat
1578 2657 1764 2704 inscriptus.

1452 2707 1510 2745 18.
1537 2711 1658 2755 Neque
1679 2706 1846 2757 sanguine
1866 2703 2019 2754 Qaeegino
2046 2702 2163 2754 pares]
2194 2707 2366 2750 Quatuor

1399 2758 1646 2806 exemplaria,
1667 2759 1832 2808 sanguine
1859 2757 1992 2803 patria,
2020 2754 2159 2804 legunt.
2187 2754 2368 2793 Winch‘e-

1395 2807 1557 2851 lianurm
1579 2820 1733 2857 paterno.
1786 2806 2052 2850 Atrebatense‚
2076 2809 2228 2857 pagina,
2259 2817 2366 2844 rnen-

1397 2858 1507 2902 dose;
1539 2871 1584 2897 ex
1604 2872 1675 2909 qua
1697 2871 1793 2898 voce
1815 2857 1968 2908 quidam
1990 2858 2145 2910 Rhegino
2171 2855 2291 2895 feciffe
2310 2856 2365 2894 vi-

1397 2908 1538 2947 dentur.
1583 2922 1713 2949 verum
1746 2920 1785 2948 ut
1811 2911 1873 2948 hic
1901 2909 1920 2946 a
1953 2917 2056 2959 patre
2077 2938 2088 2954 ‚
2131 2909 2258 2958 patrius
2277 2909 2363 2955 san-

1387 2963 1470 3011 guis
1496 2961 1624 2999 dicitur
1646 2991 1655 3006 ‚
1686 2964 1740 3001 ‘ira
1771 2964 1809 3001 &
1838 2963 1858 3000 a
1889 2961 2075 2998 Cicerone
2109 2960 2243 3010 patrius
2271 2971 2365 3002 mos,

1396 3013 1436 3050 &
1474 3011 1496 3052 ὲ.
1534 3013 1714 3053 Lucretio
1750 3017 1898 3063 poeta,
1935 3013 2071 3063 patrius
2099 3020 2210 3061 pavor
2245 3008 2364 3046 Libro

1392 3075 1456 3103 ω,

2282 3109 2368 3147 Do-
