2387 3421
585 117 1770 207 PRAEFATIO.

78 287 283 364 phabeti.
356 284 404 336 6.
447 275 604 333 Alani
640 267 874 343 quaedam
914 261 1144 338 opuscula.
1219 257 1301 312 De
1345 257 1456 308 vita
1493 251 1783 307 Carialium.
1871 250 2114 327 Dialogus
2134 256 2287 329 saper

85 358 391 434 deploratione
418 346 605 403 Galliae
631 343 915 397 calamitatt.
947 337 1050 418 ὥς.
1135 338 1195 385 ln
1238 332 1340 384 fine
1377 330 1492 409 libri
1528 329 1775 407 scriptum
1811 341 1950 379 erat:
1998 328 2105 382 Hos
2146 329 2287 383 [κύνας

89 429 387 504 comparavit
410 418 628 493 Raphae'l
672 416 729 471 de
763 408 1065 468 Marcatellzs
1087 445 1103 470 ,
1150 405 1317 460 Abbas
1360 401 1438 454 Stz
1478 399 1694 454 Banoms
1739 397 1803 458 ὠ
1847 398 2202 455 Baccalaareus
2233 405 2283 457 S,

90 494 635 572 Theologiaeformatus.
677 486 841 559 Parts
874 486 943 541 A.
986 490 1138 551 1463.

156 574 227 630 H.
267 591 306 622 1.
354 569 441 621 [2st
472 569 671 638 primus
701 564 871 616 codex
905 575 1060 628 quem
1089 553 1358 607 habuimus
1387 550 1414 601 a
1447 547 1513 602 V.
1535 549 1594 597 A.
1626 545 1861 598 Nicolao
1895 545 2129 600 Heinsio,
2168 548 2291 601 Erat

92 646 322 701 formain
353 641 446 696 fol.
466 633 1064 694 membranaceus,litera
1079 626 1192 679 satis
1211 640 1393 696 aperta.
1441 625 1520 672 kx
1539 618 1767 690 vestigiis
1784 620 2090 689 quibusdam
2107 621 2292 674 subob.

89 721 244 772 scuris
275 716 548 787 apparebat
582 709 728 763 fuiffe
755 707 884 758 olim
911 704 1048 755 hunc
1082 701 1265 751 librum
1294 716 1356 749 ex
1373 693 1701 748 Bibliotheca
1721 693 2042 746 Marchionis
2063 695 2290 748 estensis.

159 790 232 845 H.
273 810 318 841 2.
362 788 623 840 Debemus
654 779 883 833 similiter
928 775 1065 842 hunc
1098 771 1359 822 Codicem
1396 766 1617 820 Heinsio
1660 765 1908 834 scriptum
1951 768 2001 816 in
2050 771 2299 820 membra-

92 884 155 920 na
187 900 202 927 ,
244 861 408 915 forma
432 871 609 929 quarta
641 892 657 917 ,
712 851 856 905 litera
887 866 976 918 per
1007 846 1330 898 librariorum
1363 840 1677 910 compendia
1704 835 1991 889 difficiliori
2014 843 2062 890 Sc
2095 838 2297 912 fugien-

92 942 150 990 ti.
195 938 253 988 ln
288 930 613 1001 frontispicio
645 926 762 979 libri
785 922 991 995 grandis
1016 932 1117 972 erat
1152 916 1306 969 index
1340 913 1587 966 foliorum
1616 912 2044 981 circitertriginta
2077 914 2124 965 in
2146 915 2299 966 Vale-

93 1012 227 1064 rium
246 1045 259 1069 ,
278 1006 558 1059 secundum
587 1001 752 1053 literas
775 993 1068 1067 Alphabeti.
1116 990 1275 1042 Hunc
1305 987 1607 1058 sequebatur
1636 983 1776 1037 Gens
1799 984 2296 1057 Cornelia&expli-

96 1084 234 1136 catio
247 1080 463 1131 aliorum
484 1072 811 1146 quorundam
827 1067 1095 1121 nominum
1115 1067 1165 1114 &
1183 1062 1498 1132 dignitatum
1524 1064 1895 1110 Romanarum.
1916 1061 2299 1124 bxaratuserat,

96 1171 154 1209 ut
179 1152 541 1208 annotabatur,
569 1151 722 1198 Anno
744 1135 1204 1196 MCCCCXX1.
1234 1139 1262 1187 a
1293 1135 1378 1187 die
1413 1152 1438 1185 2
1457 1152 1495 1184 1.
1515 1131 1681 1202 April.
1719 1129 1956 1200 usquead
1972 1132 2108 1185 diem
2126 1135 2298 1205 4·Jt1l·

160 1223 224 1293 J.
270 1223 463 1278 Codex
499 1221 911 1272 membranaceus
943 1215 993 1265 in
1022 1209 1112 1262 fol.
1144 1208 1238 1279 qui
1270 1206 1536 1259 videbatur
1576 1203 1790 1275 scriptus
1813 1205 1957 1257 annis
1991 1206 2178 1259 abhinc
2208 1224 2303 1260 tre-

101 1298 278 1353 centis,
360 1297 519 1349 Extat
566 1293 616 1344 in
663 1290 890 1360 collegio
924 1289 1170 1339 Romano
1198 1280 1522 1352 Jesuitarum.
1601 1276 1724 1330 Fuit
1754 1274 1883 1328 olim
1917 1296 1980 1330 ex
2012 1279 2302 1333 Bibliothe.

100 1390 158 1424 ca
188 1370 384 1422 Mureti
421 1407 434 1431 ‚
475 1365 808 1419 Inscribitur:
851 1358 1037 1414 Valerii
1068 1355 1284 1408 Maximi
1292 1350 1549 1424 fafforum
1581 1351 1640 1406 ὢ
1668 1348 1906 1404 dz'ilorum
1933 1350 2306 1405 memorabilium

107 1444 250 1500 Urbis
281 1445 458 1498 Romae
488 1451 892 1507 externarumque
906 1432 1144 1506 gentium.
1180 1425 1355 1498 Incipit
1386 1424 1501 1478 liber
1520 1425 1704 1497 primas
1728 1423 1793 1476 ad
1817 1421 2156 1479 Off‘t'avz'anam
2177 1425 2297 1500 Imp.

178 1518 240 1570 L.
283 1535 325 1567 1.
370 1518 449 1567 Ex
483 1510 814 1567 Bibliotheca
845 1509 1011 1577 Regia
1039 1500 1325 1560 Parisienfi,
1368 1498 1461 1552 fol.
1490 1501 1540 1552 in
1566 1499 1874 1551 membrana.

179 1591 247 1643 L.
282 1608 326 1641 2.
369 1588 446 1641 Ex
474 1586 648 1640 eadem
681 1579 1009 1636 Bibliotheca
1042 1575 1237 1644 Regia:
1279 1588 1494 1644 uterque
1520 1589 1705 1624 recens.

173 1663 239 1716 L.
277 1680 321 1732 3.
368 1662 449 1714 Ex
478 1660 653 1712 eadem
685 1655 854 1724 Regia
883 1648 1234 1704 Bibliotheca:
1274 1646 1499 1699 melioris
1531 1659 1680 1697 notae
1704 1649 1752 1697 δε
1790 1644 2051 1698 vetustior.

184 1737 250 1789 L.
281 1754 331 1804 4.
379 1733 615 1804 Ejusdem
649 1728 782 1780 Bibl.
819 1727 1040 1797 Regiae:
1087 1723 1249 1773 bonae
1275 1719 1428 1781 fidei,
1468 1736 1718 1771 annorum
1749 1723 1950 1773 circiter
1983 1736 2102 1789 350.
2166 1717 2308 1772 Cum

111 1811 315 1863 duobus
343 1808 420 1860 his
452 1802 813 1876 posterioribus
841 1801 1045 1869 aliquot
1072 1793 1266 1847 Valerii
1295 1793 1511 1845 contuli.

186 1882 267 1935 M.
305 1899 343 1933 1.
386 1879 658 1931 Mediceus
687 1876 917 1945 primuS,
957 1868 1090 1922 forte
1120 1885 1247 1937 400,
1283 1884 1549 1919 annorum.

185 1955 263 2008 M.
299 1972 342 2006 2.
384 1952 656 2004 Mediceus
688 1947 937 2001 secundus
964 1946 1011 1995 in
1046 1941 1134 1994 fol.
1165 1955 1280 1992 ante
1309 1941 1562 1992 ducentos
1590 1956 1750 1991 annos
1773 1956 1836 1990 ex
1858 1937 2065 1991 Codice
2091 1939 2312 2008 antiquo

111 2028 328 2099 scriptus
357 2027 403 2077 i‘n
433 2026 576 2092 cujus
608 2022 707 2075 fine
741 2020 925 2091 legitur
952 2037 962 2068 :
1005 2014 1153 2068 Liber
1185 2010 1817 2084 Poggiifi’cretarz'z'fiemmi
1847 2009 2099 2080 Pontificis
2116 2047 2132 2071 ‚
2172 2028 2312 2082 qoem

113 2100 334 2154 vendidit
356 2096 545 2165 Joaam‘
569 2093 745 2166 Cosme.
824 2093 931 2145 Hic
965 2090 1156 2141 Codex
1188 2085 1339 2139 habet
1365 2103 1674 2156 praenomen
1708 2083 1904 2137 Valerii
1942 2085 2165 2137 Publius.

182 2172 260 2226 M.
294 2191 340 2242 3.
389 2171 659 2223 Mediceus
693 2166 900 2222 tertius,
942 2165 992 2216 in
1025 2161 1156 2214 folio
1191 2195 1206 2220 ‚
1245 2174 1590 2212 trecentorum
1621 2174 1886 2211 annorum,
1927 2159 2101 2212 Habet
2136 2161 2187 2211 in
2217 2156 2318 2209 fine

118 2246 319 2316 aliquid
349 2263 411 2297 ex
448 2245 689 2314 Epitoma
723 2240 807 2292 illa
833 2238 947 2290 libri
975 2251 1030 2288 ut
1057 2237 1198 2303 ajunt
1230 2233 1297 2284 X.

189 2319 266 2371 M.
297 2338 347 2387 4.
395 2317 664 2369 Mediceus
696 2327 908 2384 quartus
944 2347 958 2371 ,
1013 2306 1117 2359 fere
1147 2302 1368 2374 ejusdem
1403 2322 1522 2356 cum
1569 2304 1892 2357 antecedenti
1923 2306 2100 2357 aetatis
2128 2307 2177 2358 in
2209 2301 2303 2356 fol.

189 2391 268 2443 M.
299 2410 343 2458 ς.
390 2391 658 2442 Mediceus
686 2386 898 2455 quintus
921 2420 933 2443 ,
971 2382 1139 2433 codex
1174 2395 1342 2431 recens
1377 2382 1423 2429 Sc
1461 2381 1549 2427 vix
1577 2378 1924 2430 ducentorum
1961 2396 2224 2431 annorum.

199 2465 272 2515 M.
302 2459 349 2517 ’6.
396 2463 670 2515 Mediceus
696 2458 890 2517 sextuS,
930 2456 978 2506 in
1004 2452 1095 2504 fol.
1121 2450 1331 2522 paulum
1357 2451 1564 2502 excedit
1593 2451 1846 2502 ducentos
1878 2470 2051 2504 annos.
2132 2453 2191 2504 ln
2220 2449 2321 2503 fine

127 2537 330 2608 legitur:
378 2536 528 2589 Liber
560 2532 703 2586 Petri
728 2529 782 2583 de
807 2527 1009 2582 Medicis
1042 2526 1146 2577 Cos.
1175 2521 1261 2575 Fz'l.

196 2609 259 2661 P.
303 2627 344 2660 1.
386 2611 586 2661 Primus
615 2606 809 2658 Codex
844 2600 1124 2655 Vaticanus
1150 2597 1198 2650 S.
1228 2595 1362 2647 Petri
1396 2595 1610 2668 scriptus
1640 2597 1690 2648 in
1719 2595 1810 2649 fol.
1840 2616 2126 2668 pergamen.
2161 2618 2317 2651 anno.

129 2701 237 2736 rum
269 2684 468 2735 circiter
491 2700 616 2750 400.
639 2678 953 2731 Continetur
977 2676 1026 2723 in
1050 2669 1377 2724 Bibliotheca
1404 2672 1564 2722 veteri
1590 2669 1839 2724 Vaticana
1866 2671 1955 2724 sub
1985 2690 2123 2724 num.
2163 2677 2317 2739 1928.

204 2755 268 2809 P.
301 2775 347 2807 2.
385 2755 650 2807 Secundus
681 2752 964 2803 Vaticanus
1008 2744 1164 2816 longe
1205 2745 1475 2795 recentiori
1514 2743 1599 2795 sed
1636 2745 1804 2796 multo
1834 2745 1986 2798 etiam
2017 2746 2319 2816 elegantiori

132 2846 283 2880 manu
315 2830 364 2880 in
395 2829 683 2879 membrana
712 2824 940 2894 scriptus.
1019 2818 1299 2889 Reperitur
1326 2833 1465 2868 num.
1495 2834 1657 2885 5209.

208 2901 270 2953 R.
313 2902 499 2954 Codex
532 2897 798 2954 Remenfis
826 2900 874 2948 in
903 2891 1178 2947 monastrio
1206 2893 1254 2943 S.
1291 2890 1541 2958 Remigii.
1619 2890 1941 2942 Continebat
1970 2904 2169 2945 tantum
2198 2913 2324 2965 qua-

133 2987 250 3024 tuor
282 2973 429 3025 libros
459 3009 475 3034 ,
525 2972 720 3025 Valerii
762 2987 880 3021 cum
909 2963 1283 3020 commentario
1318 2961 1488 3015 nescio
1536 2964 1679 3031 cujus
1711 3005 1727 3027 ,
1782 2980 1896 3014 nam
1929 2978 2064 3016 certe
2094 2985 2194 3019 non
2223 2983 2326 3019 erat

132 3044 345 3116 Dmnystz'
373 3046 427 3100 de
455 3046 616 3119 Bargo
643 3082 660 3109 ,
711 3044 803 3115 qui
829 3040 993 3096 statim
1020 3040 1204 3093 citatur
1231 3037 1380 3093 initio
1407 3057 1418 3088 ;
1474 3034 1644 3108 Incipit
1669 3037 1815 3108 primi
1847 3034 1966 3089 labri
1989 3035 2178 3093 Valerii
2206 3039 2323 3093 Μιε-

2243 3117 2323 3163 xia
