<?xml version="1.0" encoding="UTF-8"?>
<!DOCTYPE html PUBLIC "-//W3C//DTD XHTML 1.0 Transitional//EN"
    "http://www.w3.org/TR/xhtml1/DTD/xhtml1-transitional.dtd">
<html xmlns="http://www.w3.org/1999/xhtml" xml:lang="en" lang="en">
 <head>
  <title>
</title>
<meta http-equiv="Content-Type" content="text/html;charset=utf-8" />
  <meta name='ocr-system' content='tesseract 3.04.00' />
  <meta name='ocr-capabilities' content='ocr_page ocr_carea ocr_par ocr_line ocrx_word'/>
</head>
<body>
  <div class='ocr_page' id='page_1' title='image "./librinovemfactor00valeuoft_0584.png"; bbox 0 0 2516 3509; ppageno 0'>
   <div class='ocr_carea' id='block_1_1' title="bbox 705 57 2102 126">
    <p class='ocr_par' dir='ltr' id='par_1_1' title="bbox 705 57 2102 126">
     <span class='ocr_line' id='line_1_1' title="bbox 705 57 2102 126; baseline -0.009 0"><span class='ocrx_word' id='word_1_1' title='bbox 705 72 759 126; x_wconf 91' lang='lat' dir='ltr'>V</span> <span class='ocrx_word' id='word_1_2' title='bbox 780 69 823 121; x_wconf 86' lang='lat' dir='ltr'>A</span> <span class='ocrx_word' id='word_1_3' title='bbox 842 65 947 121; x_wconf 74' lang='lat' dir='ltr'>LE</span> <span class='ocrx_word' id='word_1_4' title='bbox 968 63 1107 120; x_wconf 77' lang='lat' dir='ltr'>RH</span> <span class='ocrx_word' id='word_1_5' title='bbox 1160 58 1356 123; x_wconf 83' lang='lat' dir='ltr'>MAX</span> <span class='ocrx_word' id='word_1_6' title='bbox 1374 59 1403 117; x_wconf 84' lang='lat' dir='ltr'>I</span> <span class='ocrx_word' id='word_1_7' title='bbox 1419 59 1486 117; x_wconf 90' lang='lat' dir='ltr'>M</span> <span class='ocrx_word' id='word_1_8' title='bbox 1505 62 1531 112; x_wconf 86' lang='lat'>1</span> <span class='ocrx_word' id='word_1_9' title='bbox 1574 57 2023 119; x_wconf 63' lang='lat' dir='ltr'>L1n..V1.1CAp.</span> <span class='ocrx_word' id='word_1_10' title='bbox 2053 60 2102 116; x_wconf 66' lang='lat' dir='ltr'>I.</span> 
     </span>
    </p>
   </div>
   <div class='ocr_carea' id='block_1_2' title="bbox 177 95 2402 488">
    <p class='ocr_par' dir='ltr' id='par_1_2' title="bbox 177 95 2402 488">
     <span class='ocr_line' id='line_1_2' title="bbox 385 95 490 148; baseline 0.01 -1"><span class='ocrx_word' id='word_1_11' title='bbox 385 96 410 147; x_wconf 76' lang='lat'>5</span> <span class='ocrx_word' id='word_1_12' title='bbox 426 95 490 148; x_wconf 74' lang='grc' dir='ltr'>ΞΟ</span> 
     </span>
     <span class='ocr_line' id='line_1_3' title="bbox 181 165 2398 247; baseline -0.007 -20"><span class='ocrx_word' id='word_1_13' title='bbox 181 198 263 227; x_wconf 61' lang='lat' dir='ltr'>Anu.</span> <span class='ocrx_word' id='word_1_14' title='bbox 286 189 352 247; x_wconf 40' lang='lat'>¹34³·</span> <span class='ocrx_word' id='word_1_15' title='bbox 387 182 490 226; x_wconf 55' lang='lat' dir='ltr'>feris</span> <span class='ocrx_word' id='word_1_16' title='bbox 530 177 637 239; x_wconf 67' lang='lat' dir='ltr'>sime</span> <span class='ocrx_word' id='word_1_17' title='bbox 677 175 822 236; x_wconf 77' lang='lat' dir='ltr'>filium</span> <span class='ocrx_word' id='word_1_18' title='bbox 847 205 862 230; x_wconf 87' lang='lat'>,</span> <span class='ocrx_word' id='word_1_19' title='bbox 916 169 1130 216; x_wconf 78' lang='lat' dir='ltr'>tribunum</span> <span class='ocrx_word' id='word_1_20' title='bbox 1171 167 1353 213; x_wconf 71' lang='lat' dir='ltr'>militum</span> <span class='ocrx_word' id='word_1_21' title='bbox 1375 198 1392 224; x_wconf 80' lang='lat'>‚</span> <span class='ocrx_word' id='word_1_22' title='bbox 1447 170 1504 203; x_wconf 51' lang='lat'>42&gt;</span> <span class='ocrx_word' id='word_1_23' title='bbox 1541 165 1570 210; x_wconf 69' lang='grc' dir='ltr'>οὶ</span> <span class='ocrx_word' id='word_1_24' title='bbox 1617 168 1675 209; x_wconf 70' lang='grc' dir='ltr'>Ε.-</span> <span class='ocrx_word' id='word_1_25' title='bbox 1712 165 1857 212; x_wconf 83' lang='lat' dir='ltr'>Plotio</span> <span class='ocrx_word' id='word_1_26' title='bbox 1886 198 1901 224; x_wconf 85' lang='lat'>‚</span> <span class='ocrx_word' id='word_1_27' title='bbox 1958 165 2235 226; x_wconf 71' lang='lat' dir='ltr'><em>manipulario</em></span> <span class='ocrx_word' id='word_1_28' title='bbox 2285 165 2398 211; x_wconf 75' lang='lat' dir='ltr'>mili·</span> 
     </span>
     <span class='ocr_line' id='line_1_4' title="bbox 179 238 2399 326; baseline -0.001 -34"><span class='ocrx_word' id='word_1_29' title='bbox 179 238 346 326; x_wconf 42' lang='lat' dir='ltr'>ffi‘itstssl&#39;f‘*</span> <span class='ocrx_word' id='word_1_30' title='bbox 388 270 455 315; x_wconf 62' lang='grc' dir='ltr'>ῃ),</span> <span class='ocrx_word' id='word_1_31' title='bbox 487 251 643 317; x_wconf 66' lang='lat' dir='ltr'>⁴⁵3jure</span> <span class='ocrx_word' id='word_1_32' title='bbox 677 251 836 316; x_wconf 64' lang='lat' dir='ltr'>caesum</span> <span class='ocrx_word' id='word_1_33' title='bbox 872 247 1215 315; x_wconf 81' lang='lat' dir='ltr'>pronuntiavit,</span> <span class='ocrx_word' id='word_1_34' title='bbox 1250 248 1350 307; x_wconf 70' lang='lat' dir='ltr'>quia</span> <span class='ocrx_word' id='word_1_35' title='bbox 1385 260 1477 291; x_wconf 82' lang='lat' dir='ltr'>eum</span> <span class='ocrx_word' id='word_1_36' title='bbox 1511 244 1562 290; x_wconf 81' lang='lat' dir='ltr'>de</span> <span class='ocrx_word' id='word_1_37' title='bbox 1593 243 1791 303; x_wconf 59' lang='lat' dir='ltr'>stuproff‘?</span> <span class='ocrx_word' id='word_1_38' title='bbox 1814 247 2052 306; x_wconf 76' lang='lat' dir='ltr'><em>compellare</em></span> <span class='ocrx_word' id='word_1_39' title='bbox 2086 243 2208 308; x_wconf 79' lang='lat' dir='ltr'>ausus</span> <span class='ocrx_word' id='word_1_40' title='bbox 2229 243 2399 305; x_wconf 77' lang='lat' dir='ltr'>fuerat.</span> 
     </span>
     <span class='ocr_line' id='line_1_5' title="bbox 177 316 2400 396; baseline -0.003 -21"><span class='ocrx_word' id='word_1_41' title='bbox 177 324 328 396; x_wconf 49' lang='grc' dir='ltr'>ἓξζοῖἳζρο</span> <span class='ocrx_word' id='word_1_42' title='bbox 458 328 573 388; x_wconf 76' lang='lat' dir='ltr'>Sed,</span> <span class='ocrx_word' id='word_1_43' title='bbox 610 343 661 376; x_wconf 88' lang='lat' dir='ltr'>ut</span> <span class='ocrx_word' id='word_1_44' title='bbox 696 344 770 374; x_wconf 91' lang='lat' dir='ltr'>eos</span> <span class='ocrx_word' id='word_1_45' title='bbox 807 340 1017 391; x_wconf 75' lang='lat' dir='ltr'>quoque,</span> <span class='ocrx_word' id='word_1_46' title='bbox 1053 323 1133 387; x_wconf 90' lang='lat' dir='ltr'>qui</span> <span class='ocrx_word' id='word_1_47' title='bbox 1164 322 1212 367; x_wconf 90' lang='lat' dir='ltr'>in</span> <span class='ocrx_word' id='word_1_48' title='bbox 1245 316 1516 372; x_wconf 78' lang='lat' dir='ltr'>vindicanda</span> <span class='ocrx_word' id='word_1_49' title='bbox 1551 318 1774 382; x_wconf 81' lang='lat' dir='ltr'>pudicitia</span> <span class='ocrx_word' id='word_1_50' title='bbox 1810 326 1853 358; x_wconf 82' lang='lat'>50</span> <span class='ocrx_word' id='word_1_51' title='bbox 1889 321 2049 368; x_wconf 84' lang='lat' dir='ltr'>dolore</span> <span class='ocrx_word' id='word_1_52' title='bbox 2082 321 2162 368; x_wconf 90' lang='lat' dir='ltr'>suo</span> <span class='ocrx_word' id='word_1_53' title='bbox 2194 338 2278 384; x_wconf 90' lang='lat' dir='ltr'>pro</span> <span class='ocrx_word' id='word_1_54' title='bbox 2313 339 2400 386; x_wconf 90' lang='lat' dir='ltr'>pu-</span> 
     </span>
     <span class='ocr_line' id='line_1_6' title="bbox 180 398 2402 488; baseline -0.003 -35"><span class='ocrx_word' id='word_1_55' title='bbox 180 400 312 488; x_wconf 46' lang='lat' dir='ltr'>Mflx‘g,</span> <span class='ocrx_word' id='word_1_56' title='bbox 393 408 513 455; x_wconf 76' lang='lat' dir='ltr'>blica</span> <span class='ocrx_word' id='word_1_57' title='bbox 546 406 647 469; x_wconf 82' lang='lat' dir='ltr'>lege</span> <span class='ocrx_word' id='word_1_58' title='bbox 681 405 746 452; x_wconf 77' lang='lat' dir='ltr'>usi</span> <span class='ocrx_word' id='word_1_59' title='bbox 783 403 918 464; x_wconf 75' lang='lat' dir='ltr'>sunt,</span> <span class='ocrx_word' id='word_1_60' title='bbox 954 402 1144 449; x_wconf 55' lang='lat' dir='ltr'>strictim</span> <span class='ocrx_word' id='word_1_61' title='bbox 1180 415 1457 464; x_wconf 81' lang='lat' dir='ltr'>percurram.</span> <span class='ocrx_word' id='word_1_62' title='bbox 1530 404 1566 435; x_wconf 83' lang='lat'>5¹</span> <span class='ocrx_word' id='word_1_63' title='bbox 1600 398 1895 461; x_wconf 78' lang='lat' dir='ltr'>Sempronius</span> <span class='ocrx_word' id='word_1_64' title='bbox 1930 399 2095 450; x_wconf 81' lang='lat' dir='ltr'>Musca</span> <span class='ocrx_word' id='word_1_65' title='bbox 2115 399 2172 445; x_wconf 87' lang='lat' dir='ltr'>C.</span> <span class='ocrx_word' id='word_1_66' title='bbox 2196 398 2402 446; x_wconf 81' lang='lat' dir='ltr'>Gallium</span> 
     </span>
    </p>
   </div>
   <div class='ocr_carea' id='block_1_3' title="bbox 392 473 2402 697">
    <p class='ocr_par' dir='ltr' id='par_1_3' title="bbox 392 473 2402 697">
     <span class='ocr_line' id='line_1_7' title="bbox 398 473 2401 549; baseline -0.004 -18"><span class='ocrx_word' id='word_1_67' title='bbox 398 493 438 523; x_wconf 75' lang='lat'>52</span> <span class='ocrx_word' id='word_1_68' title='bbox 477 482 806 549; x_wconf 86' lang='lat' dir='ltr'>deprehensum</span> <span class='ocrx_word' id='word_1_69' title='bbox 841 484 889 529; x_wconf 89' lang='lat' dir='ltr'>in</span> <span class='ocrx_word' id='word_1_70' title='bbox 922 480 1144 528; x_wconf 85' lang='lat' dir='ltr'>adulterio</span> <span class='ocrx_word' id='word_1_71' title='bbox 1181 476 1370 541; x_wconf 68' lang='lat' dir='ltr'>flagellis</span> <span class='ocrx_word' id='word_1_72' title='bbox 1405 473 1599 522; x_wconf 86' lang='lat' dir='ltr'>cecidit:</span> <span class='ocrx_word' id='word_1_73' title='bbox 1642 480 1681 511; x_wconf 80' lang='lat'>53</span> <span class='ocrx_word' id='word_1_74' title='bbox 1721 475 1778 521; x_wconf 91' lang='lat' dir='ltr'>C.</span> <span class='ocrx_word' id='word_1_75' title='bbox 1807 478 2061 523; x_wconf 85' lang='lat' dir='ltr'>Memmius</span> <span class='ocrx_word' id='word_1_76' title='bbox 2100 484 2142 516; x_wconf 73' lang='lat'>54</span> <span class='ocrx_word' id='word_1_77' title='bbox 2178 478 2234 524; x_wconf 93' lang='lat' dir='ltr'>L.</span> <span class='ocrx_word' id='word_1_78' title='bbox 2257 477 2401 525; x_wconf 64' lang='lat' dir='ltr'>Oeta-</span> 
     </span>
     <span class='ocr_line' id='line_1_8' title="bbox 392 552 2402 624; baseline -0.003 -15"><span class='ocrx_word' id='word_1_79' title='bbox 392 564 519 609; x_wconf 77' lang='lat' dir='ltr'>··.·ium</span> <span class='ocrx_word' id='word_1_80' title='bbox 554 560 756 608; x_wconf 80' lang='lat' dir='ltr'>similiter</span> <span class='ocrx_word' id='word_1_81' title='bbox 790 557 1117 624; x_wconf 79' lang='lat' dir='ltr'>deprehensum</span> <span class='ocrx_word' id='word_1_82' title='bbox 1151 557 1296 603; x_wconf 85' lang='lat' dir='ltr'>nervis</span> <span class='ocrx_word' id='word_1_83' title='bbox 1332 552 1574 601; x_wconf 85' lang='lat' dir='ltr'>contudit:</span> <span class='ocrx_word' id='word_1_84' title='bbox 1629 559 1669 590; x_wconf 80' lang='lat'>55</span> <span class='ocrx_word' id='word_1_85' title='bbox 1708 553 1861 600; x_wconf 83' lang='lat' dir='ltr'>Carbo</span> <span class='ocrx_word' id='word_1_86' title='bbox 1908 555 2136 602; x_wconf 86' lang='lat' dir='ltr'>Accienus</span> <span class='ocrx_word' id='word_1_87' title='bbox 2178 555 2204 602; x_wconf 69' lang='lat' dir='ltr'>a</span> <span class='ocrx_word' id='word_1_88' title='bbox 2239 556 2402 604; x_wconf 86' lang='lat' dir='ltr'>Vibie-</span> 
     </span>
     <span class='ocr_line' id='line_1_9' title="bbox 395 628 2402 697; baseline -0.002 -12"><span class='ocrx_word' id='word_1_89' title='bbox 395 655 453 685; x_wconf 71' lang='lat' dir='ltr'>no</span> <span class='ocrx_word' id='word_1_90' title='bbox 479 673 493 697; x_wconf 77' lang='grc'>,</span> <span class='ocrx_word' id='word_1_91' title='bbox 541 635 584 676; x_wconf 71' lang='lat'>50</span> <span class='ocrx_word' id='word_1_92' title='bbox 621 638 732 684; x_wconf 83' lang='lat' dir='ltr'>item</span> <span class='ocrx_word' id='word_1_93' title='bbox 767 637 960 685; x_wconf 85' lang='lat' dir='ltr'>Pontius</span> <span class='ocrx_word' id='word_1_94' title='bbox 996 634 1022 683; x_wconf 69' lang='lat' dir='ltr'>a</span> <span class='ocrx_word' id='word_1_95' title='bbox 1064 636 1114 682; x_wconf 91' lang='lat' dir='ltr'>P.</span> <span class='ocrx_word' id='word_1_96' title='bbox 1151 634 1323 681; x_wconf 77' lang='lat' dir='ltr'>Cei-nio</span> <span class='ocrx_word' id='word_1_97' title='bbox 1356 628 1624 695; x_wconf 86' lang='lat' dir='ltr'>deprehenfi</span> <span class='ocrx_word' id='word_1_98' title='bbox 1662 630 1840 677; x_wconf 85' lang='lat' dir='ltr'>castrati</span> <span class='ocrx_word' id='word_1_99' title='bbox 1875 629 2010 679; x_wconf 89' lang='lat' dir='ltr'>sunt:</span> <span class='ocrx_word' id='word_1_100' title='bbox 2064 640 2105 672; x_wconf 82' lang='lat'>57</span> <span class='ocrx_word' id='word_1_101' title='bbox 2141 632 2232 679; x_wconf 90' lang='lat' dir='ltr'>Cn.</span> <span class='ocrx_word' id='word_1_102' title='bbox 2264 635 2402 682; x_wconf 86' lang='lat' dir='ltr'>etiam</span> 
     </span>
    </p>
   </div>
   <div class='ocr_carea' id='block_1_4' title="bbox 401 841 1399 3041">
    <p class='ocr_par' dir='ltr' id='par_1_4' title="bbox 401 841 1381 1254">
     <span class='ocr_line' id='line_1_10' title="bbox 405 841 1377 888; baseline -0.008 -4"><span class='ocrx_word' id='word_1_103' title='bbox 405 846 528 884; x_wconf 69' lang='lat' dir='ltr'>fecisse</span> <span class='ocrx_word' id='word_1_104' title='bbox 558 846 764 884; x_wconf 74' lang='lat' dir='ltr'>observavit</span> <span class='ocrx_word' id='word_1_105' title='bbox 796 844 963 883; x_wconf 83' lang='lat' dir='ltr'>Colerus.</span> <span class='ocrx_word' id='word_1_106' title='bbox 989 842 1186 881; x_wconf 74' lang='lat' dir='ltr'>VORST.</span> <span class='ocrx_word' id='word_1_107' title='bbox 1229 841 1377 888; x_wconf 79' lang='lat' dir='ltr'>Clufium</span> 
     </span>
     <span class='ocr_line' id='line_1_11' title="bbox 407 893 1375 946; baseline -0.008 -11"><span class='ocrx_word' id='word_1_108' title='bbox 407 899 561 935; x_wconf 53' lang='lat' dir='ltr'>invenio</span> <span class='ocrx_word' id='word_1_109' title='bbox 589 899 625 935; x_wconf 86' lang='lat' dir='ltr'>in</span> <span class='ocrx_word' id='word_1_110' title='bbox 647 898 754 935; x_wconf 85' lang='lat' dir='ltr'>MSS.</span> <span class='ocrx_word' id='word_1_111' title='bbox 780 897 931 946; x_wconf 83' lang='lat' dir='ltr'><strong>septem.</strong></span> <span class='ocrx_word' id='word_1_112' title='bbox 959 895 1056 932; x_wconf 83' lang='lat' dir='ltr'>Edit.</span> <span class='ocrx_word' id='word_1_113' title='bbox 1084 895 1192 943; x_wconf 81' lang='lat' dir='ltr'>Mog.</span> <span class='ocrx_word' id='word_1_114' title='bbox 1219 893 1375 938; x_wconf 86' lang='lat' dir='ltr'>Clufium.</span> 
     </span>
     <span class='ocr_line' id='line_1_12' title="bbox 405 946 1381 998; baseline -0.007 -12"><span class='ocrx_word' id='word_1_115' title='bbox 405 951 486 986; x_wconf 80' lang='lat' dir='ltr'>sunt</span> <span class='ocrx_word' id='word_1_116' title='bbox 515 950 578 998; x_wconf 82' lang='lat' dir='ltr'>qui</span> <span class='ocrx_word' id='word_1_117' title='bbox 611 952 654 985; x_wconf 83' lang='lat' dir='ltr'>G.</span> <span class='ocrx_word' id='word_1_118' title='bbox 678 949 850 996; x_wconf 77' lang='lat' dir='ltr'>Clusium,</span> <span class='ocrx_word' id='word_1_119' title='bbox 886 947 1044 991; x_wconf 76' lang='lat' dir='ltr'>claufium</span> <span class='ocrx_word' id='word_1_120' title='bbox 1073 946 1130 983; x_wconf 82' lang='lat' dir='ltr'>vel</span> <span class='ocrx_word' id='word_1_121' title='bbox 1160 960 1230 982; x_wconf 73' lang='lat' dir='ltr'>cum</span> <span class='ocrx_word' id='word_1_122' title='bbox 1254 946 1381 981; x_wconf 74' lang='lat' dir='ltr'>com-lu-</span> 
     </span>
     <span class='ocr_line' id='line_1_13' title="bbox 401 995 1380 1049; baseline -0.006 -11"><span class='ocrx_word' id='word_1_123' title='bbox 401 1002 487 1049; x_wconf 75' lang='lat' dir='ltr'>fium</span> <span class='ocrx_word' id='word_1_124' title='bbox 527 1001 711 1037; x_wconf 80' lang='lat' dir='ltr'>exhibent.</span> <span class='ocrx_word' id='word_1_125' title='bbox 752 1000 866 1046; x_wconf 82' lang='lat' dir='ltr'>Lufius</span> <span class='ocrx_word' id='word_1_126' title='bbox 911 998 1104 1035; x_wconf 79' lang='lat' dir='ltr'>exhibetur</span> <span class='ocrx_word' id='word_1_127' title='bbox 1135 997 1246 1034; x_wconf 85' lang='lat' dir='ltr'>etiam</span> <span class='ocrx_word' id='word_1_128' title='bbox 1283 995 1380 1044; x_wconf 85' lang='lat' dir='ltr'>apud</span> 
     </span>
     <span class='ocr_line' id='line_1_14' title="bbox 408 1047 1379 1099; baseline -0.003 -13"><span class='ocrx_word' id='word_1_129' title='bbox 408 1052 540 1099; x_wconf 77' lang='lat' dir='ltr'>Quint.</span> <span class='ocrx_word' id='word_1_130' title='bbox 569 1052 615 1088; x_wconf 90' lang='lat' dir='ltr'>L.</span> <span class='ocrx_word' id='word_1_131' title='bbox 640 1064 703 1088; x_wconf 83' lang='lat'>111.</span> <span class='ocrx_word' id='word_1_132' title='bbox 742 1051 824 1088; x_wconf 86' lang='lat' dir='ltr'>lnst.</span> <span class='ocrx_word' id='word_1_133' title='bbox 862 1050 905 1086; x_wconf 87' lang='lat' dir='ltr'>C.</span> <span class='ocrx_word' id='word_1_134' title='bbox 938 1062 993 1086; x_wconf 90' lang='lat'>11.</span> <span class='ocrx_word' id='word_1_135' title='bbox 1040 1047 1111 1085; x_wconf 82' lang='lat' dir='ltr'>Sed</span> <span class='ocrx_word' id='word_1_136' title='bbox 1140 1048 1189 1084; x_wconf 89' lang='lat' dir='ltr'>ibi</span> <span class='ocrx_word' id='word_1_137' title='bbox 1227 1058 1379 1097; x_wconf 86' lang='lat' dir='ltr'>quoque</span> 
     </span>
     <span class='ocr_line' id='line_1_15' title="bbox 405 1099 1376 1147; baseline -0.005 -8"><span class='ocrx_word' id='word_1_138' title='bbox 405 1103 513 1139; x_wconf 81' lang='lat' dir='ltr'>MSS.</span> <span class='ocrx_word' id='word_1_139' title='bbox 540 1103 693 1139; x_wconf 81' lang='lat' dir='ltr'>variant.</span> <span class='ocrx_word' id='word_1_140' title='bbox 718 1102 767 1138; x_wconf 87' lang='lat' dir='ltr'>ita</span> <span class='ocrx_word' id='word_1_141' title='bbox 790 1109 917 1138; x_wconf 87' lang='lat' dir='ltr'>tamen</span> <span class='ocrx_word' id='word_1_142' title='bbox 939 1107 979 1136; x_wconf 89' lang='lat' dir='ltr'>ut</span> <span class='ocrx_word' id='word_1_143' title='bbox 999 1099 1133 1144; x_wconf 80' lang='lat' dir='ltr'>Lusium</span> <span class='ocrx_word' id='word_1_144' title='bbox 1156 1100 1376 1147; x_wconf 76' lang='lat' dir='ltr'>praeferant.</span> 
     </span>
     <span class='ocr_line' id='line_1_16' title="bbox 404 1149 1378 1202; baseline -0.005 -12"><span class='ocrx_word' id='word_1_145' title='bbox 404 1153 744 1202; x_wconf 80' lang='lat' dir='ltr'>Quemadmodum</span> <span class='ocrx_word' id='word_1_146' title='bbox 773 1153 811 1189; x_wconf 69' lang='grc' dir='ltr'>δε</span> <span class='ocrx_word' id='word_1_147' title='bbox 834 1151 950 1198; x_wconf 85' lang='lat' dir='ltr'>Lufius</span> <span class='ocrx_word' id='word_1_148' title='bbox 978 1157 1133 1187; x_wconf 78' lang='lat' dir='ltr'>vocatur</span> <span class='ocrx_word' id='word_1_149' title='bbox 1161 1149 1259 1197; x_wconf 88' lang='lat' dir='ltr'>apud</span> <span class='ocrx_word' id='word_1_150' title='bbox 1285 1149 1378 1186; x_wconf 88' lang='lat' dir='ltr'>Plut.</span> 
     </span>
     <span class='ocr_line' id='line_1_17' title="bbox 403 1200 1216 1254; baseline -0.007 -12"><span class='ocrx_word' id='word_1_151' title='bbox 403 1214 605 1254; x_wconf 85' lang='lat' dir='ltr'>utrumque</span> <span class='ocrx_word' id='word_1_152' title='bbox 626 1204 750 1241; x_wconf 90' lang='lat' dir='ltr'>locum</span> <span class='ocrx_word' id='word_1_153' title='bbox 772 1202 989 1240; x_wconf 76' lang='lat' dir='ltr'>observante</span> <span class='ocrx_word' id='word_1_154' title='bbox 1004 1200 1216 1237; x_wconf 86' lang='lat' dir='ltr'>Perizonio.</span> 
     </span>
    </p>

    <p class='ocr_par' dir='ltr' id='par_1_5' title="bbox 403 1251 1379 1549">
     <span class='ocr_line' id='line_1_18' title="bbox 452 1251 1379 1303; baseline -0.01 -10"><span class='ocrx_word' id='word_1_155' title='bbox 452 1268 511 1302; x_wconf 76' lang='lat'>47.</span> <span class='ocrx_word' id='word_1_156' title='bbox 542 1263 592 1296; x_wconf 45' lang='grc' dir='ltr'>αἱ</span> <span class='ocrx_word' id='word_1_157' title='bbox 621 1257 656 1291; x_wconf 88' lang='lat' dir='ltr'>C.</span> <span class='ocrx_word' id='word_1_158' title='bbox 679 1253 806 1303; x_wconf 75' lang='lat' dir='ltr'>Plotio]</span> <span class='ocrx_word' id='word_1_159' title='bbox 837 1255 938 1291; x_wconf 86' lang='lat' dir='ltr'>Ante</span> <span class='ocrx_word' id='word_1_160' title='bbox 956 1251 1146 1300; x_wconf 81' lang='lat' dir='ltr'>legebatur</span> <span class='ocrx_word' id='word_1_161' title='bbox 1166 1252 1277 1287; x_wconf 86' lang='lat' dir='ltr'>Coelio</span> <span class='ocrx_word' id='word_1_162' title='bbox 1298 1251 1379 1285; x_wconf 85' lang='lat' dir='ltr'>Plo-</span> 
     </span>
     <span class='ocr_line' id='line_1_19' title="bbox 403 1301 1379 1356; baseline -0.006 -13"><span class='ocrx_word' id='word_1_163' title='bbox 403 1309 473 1350; x_wconf 79' lang='lat' dir='ltr'>tio,</span> <span class='ocrx_word' id='word_1_164' title='bbox 500 1305 603 1356; x_wconf 85' lang='lat' dir='ltr'>quod</span> <span class='ocrx_word' id='word_1_165' title='bbox 633 1304 834 1342; x_wconf 89' lang='lat' dir='ltr'>secundum</span> <span class='ocrx_word' id='word_1_166' title='bbox 856 1303 987 1341; x_wconf 84' lang='lat' dir='ltr'>MStos</span> <span class='ocrx_word' id='word_1_167' title='bbox 1016 1303 1109 1339; x_wconf 86' lang='lat' dir='ltr'>bene</span> <span class='ocrx_word' id='word_1_168' title='bbox 1143 1302 1301 1339; x_wconf 81' lang='lat' dir='ltr'>correxit</span> <span class='ocrx_word' id='word_1_169' title='bbox 1320 1301 1379 1337; x_wconf 89' lang='lat' dir='ltr'>Pi-</span> 
     </span>
     <span class='ocr_line' id='line_1_20' title="bbox 403 1353 1376 1406; baseline -0.006 -11"><span class='ocrx_word' id='word_1_170' title='bbox 403 1358 518 1406; x_wconf 81' lang='lat' dir='ltr'>ghius.</span> <span class='ocrx_word' id='word_1_171' title='bbox 545 1357 696 1394; x_wconf 84' lang='lat' dir='ltr'>Pauculi</span> <span class='ocrx_word' id='word_1_172' title='bbox 715 1356 853 1392; x_wconf 85' lang='lat' dir='ltr'>habent</span> <span class='ocrx_word' id='word_1_173' title='bbox 874 1356 1003 1390; x_wconf 81' lang='lat' dir='ltr'>Plucio.</span> <span class='ocrx_word' id='word_1_174' title='bbox 1033 1354 1230 1403; x_wconf 65' lang='lat' dir='ltr'>Ca..l²l0tio</span> <span class='ocrx_word' id='word_1_175' title='bbox 1267 1353 1376 1400; x_wconf 80' lang='lat' dir='ltr'>Mog.</span> 
     </span>
     <span class='ocr_line' id='line_1_21' title="bbox 404 1403 1375 1455; baseline -0.005 -9"><span class='ocrx_word' id='word_1_176' title='bbox 404 1411 441 1446; x_wconf 87' lang='lat' dir='ltr'><em>A</em></span> <span class='ocrx_word' id='word_1_177' title='bbox 463 1407 661 1445; x_wconf 70' lang='lat' dir='ltr'>Plutarcho</span> <span class='ocrx_word' id='word_1_178' title='bbox 692 1406 849 1444; x_wconf 84' lang='lat' dir='ltr'>militem</span> <span class='ocrx_word' id='word_1_179' title='bbox 881 1405 1053 1455; x_wconf 84' lang='lat' dir='ltr'>appellari</span> <span class='ocrx_word' id='word_1_180' title='bbox 1080 1403 1272 1440; x_wconf 82' lang='lat' dir='ltr'>Tribonium</span> <span class='ocrx_word' id='word_1_181' title='bbox 1295 1405 1375 1451; x_wconf 87' lang='lat' dir='ltr'>jam</span> 
     </span>
     <span class='ocr_line' id='line_1_22' title="bbox 406 1456 1377 1505; baseline -0.005 -8"><span class='ocrx_word' id='word_1_182' title='bbox 406 1467 634 1497; x_wconf 82' lang='lat' dir='ltr'>monuerunt</span> <span class='ocrx_word' id='word_1_183' title='bbox 663 1459 731 1496; x_wconf 78' lang='lat' dir='ltr'>viri</span> <span class='ocrx_word' id='word_1_184' title='bbox 761 1457 903 1495; x_wconf 85' lang='lat' dir='ltr'>eruditi.</span> <span class='ocrx_word' id='word_1_185' title='bbox 930 1457 1023 1494; x_wconf 86' lang='lat' dir='ltr'>Plut.</span> <span class='ocrx_word' id='word_1_186' title='bbox 1051 1456 1315 1505; x_wconf 79' lang='lat' dir='ltr'>apophthegm.</span> <span class='ocrx_word' id='word_1_187' title='bbox 1341 1467 1377 1504; x_wconf 88' lang='lat' dir='ltr'>p.</span> 
     </span>
     <span class='ocr_line' id='line_1_23' title="bbox 405 1523 490 1549; baseline -0.012 -1"><span class='ocrx_word' id='word_1_188' title='bbox 405 1523 490 1549; x_wconf 77' lang='lat'>202.</span> 
     </span>
    </p>

    <p class='ocr_par' dir='ltr' id='par_1_6' title="bbox 406 1558 1384 1857">
     <span class='ocr_line' id='line_1_24' title="bbox 455 1558 1380 1609; baseline -0.004 -11"><span class='ocrx_word' id='word_1_189' title='bbox 455 1562 514 1607; x_wconf 78' lang='lat'>48.</span> <span class='ocrx_word' id='word_1_190' title='bbox 543 1561 631 1606; x_wconf 70' lang='lat' dir='ltr'>Jure</span> <span class='ocrx_word' id='word_1_191' title='bbox 656 1561 781 1608; x_wconf 78' lang='lat' dir='ltr'>caesum</span> <span class='ocrx_word' id='word_1_192' title='bbox 798 1558 1054 1609; x_wconf 70' lang='lat' dir='ltr'>pronuncia-ait]</span> <span class='ocrx_word' id='word_1_193' title='bbox 1094 1558 1181 1596; x_wconf 91' lang='lat' dir='ltr'>Imo</span> <span class='ocrx_word' id='word_1_194' title='bbox 1212 1558 1380 1606; x_wconf 85' lang='lat' dir='ltr'>insuper,</span> 
     </span>
     <span class='ocr_line' id='line_1_25' title="bbox 407 1609 1383 1660; baseline -0.005 -11"><span class='ocrx_word' id='word_1_195' title='bbox 407 1621 578 1650; x_wconf 75' lang='lat' dir='ltr'>narrante</span> <span class='ocrx_word' id='word_1_196' title='bbox 600 1611 796 1649; x_wconf 82' lang='lat' dir='ltr'>Plutarcho</span> <span class='ocrx_word' id='word_1_197' title='bbox 810 1639 819 1655; x_wconf 92' lang='lat'>‚</span> <span class='ocrx_word' id='word_1_198' title='bbox 838 1622 1109 1660; x_wconf 84' lang='lat' dir='ltr'>corona,quae</span> <span class='ocrx_word' id='word_1_199' title='bbox 1129 1609 1178 1647; x_wconf 86' lang='lat' dir='ltr'>ob</span> <span class='ocrx_word' id='word_1_200' title='bbox 1200 1621 1255 1647; x_wconf 86' lang='lat' dir='ltr'>res</span> <span class='ocrx_word' id='word_1_201' title='bbox 1277 1620 1383 1658; x_wconf 83' lang='lat' dir='ltr'>prae-</span> 
     </span>
     <span class='ocr_line' id='line_1_26' title="bbox 409 1660 1380 1716; baseline -0.005 -16"><span class='ocrx_word' id='word_1_202' title='bbox 409 1664 502 1701; x_wconf 78' lang='lat' dir='ltr'>clare</span> <span class='ocrx_word' id='word_1_203' title='bbox 540 1663 651 1716; x_wconf 32' lang='lat' dir='ltr'>gestans</span> <span class='ocrx_word' id='word_1_204' title='bbox 689 1662 819 1700; x_wconf 87' lang='lat' dir='ltr'>donari</span> <span class='ocrx_word' id='word_1_205' title='bbox 858 1662 1033 1706; x_wconf 87' lang='lat' dir='ltr'>solebat,</span> <span class='ocrx_word' id='word_1_206' title='bbox 1087 1673 1175 1698; x_wconf 90' lang='lat' dir='ltr'>eum</span> <span class='ocrx_word' id='word_1_207' title='bbox 1220 1660 1380 1697; x_wconf 81' lang='lat' dir='ltr'>ornavit.</span> 
     </span>
     <span class='ocr_line' id='line_1_27' title="bbox 408 1710 1384 1757; baseline -0.007 -6"><span class='ocrx_word' id='word_1_208' title='bbox 408 1714 586 1754; x_wconf 59' lang='grc' dir='ltr'>Κελόζῖτοις</span> <span class='ocrx_word' id='word_1_209' title='bbox 618 1718 652 1752; x_wconf 73' lang='grc' dir='ltr'>ἐν</span> <span class='ocrx_word' id='word_1_210' title='bbox 682 1714 700 1749; x_wconf 69' lang='grc' dir='ltr'><em>ὁ</em></span> <span class='ocrx_word' id='word_1_211' title='bbox 730 1713 886 1757; x_wconf 55' lang='lat' dir='ltr'>Miest&amp;</span> <span class='ocrx_word' id='word_1_212' title='bbox 909 1712 935 1751; x_wconf 62' lang='grc' dir='ltr'>’ἳ-</span> <span class='ocrx_word' id='word_1_213' title='bbox 959 1711 1015 1748; x_wconf 69' lang='grc' dir='ltr'>ἕπὶ</span> <span class='ocrx_word' id='word_1_214' title='bbox 1042 1713 1112 1749; x_wconf 75' lang='grc' dir='ltr'>ταῖς</span> <span class='ocrx_word' id='word_1_215' title='bbox 1134 1711 1308 1753; x_wconf 41' lang='lat' dir='ltr'>aledis-daug</span> <span class='ocrx_word' id='word_1_216' title='bbox 1339 1710 1384 1745; x_wconf 66' lang='grc' dir='ltr'>ἔι-</span> 
     </span>
     <span class='ocr_line' id='line_1_28' title="bbox 411 1761 1381 1813; baseline -0.006 -12"><span class='ocrx_word' id='word_1_217' title='bbox 411 1765 534 1813; x_wconf 65' lang='grc' dir='ltr'>ἕεὲμὶζιον</span> <span class='ocrx_word' id='word_1_218' title='bbox 564 1766 705 1809; x_wconf 56' lang='lat' dir='ltr'>§immor</span> <span class='ocrx_word' id='word_1_219' title='bbox 737 1765 930 1810; x_wconf 63' lang='grc' dir='ltr'>κομιιθῖξνοᾳ</span> <span class='ocrx_word' id='word_1_220' title='bbox 951 1789 963 1805; x_wconf 83' lang='grc'><strong><em>,</em></strong></span> <span class='ocrx_word' id='word_1_221' title='bbox 1002 1765 1049 1809; x_wconf 74' lang='grc' dir='ltr'>τῷ</span> <span class='ocrx_word' id='word_1_222' title='bbox 1075 1761 1245 1809; x_wconf 78' lang='grc' dir='ltr'>Τρεβωνίῳ</span> <span class='ocrx_word' id='word_1_223' title='bbox 1275 1761 1381 1802; x_wconf 45' lang='grc' dir='ltr'>παρετέ-</span> 
     </span>
     <span class='ocr_line' id='line_1_29' title="bbox 406 1819 503 1857; baseline 0.031 -7"><span class='ocrx_word' id='word_1_224' title='bbox 406 1819 503 1857; x_wconf 62' lang='grc' dir='ltr'><em>θῆκε.</em></span> 
     </span>
    </p>

    <p class='ocr_par' dir='ltr' id='par_1_7' title="bbox 409 1861 1385 2018">
     <span class='ocr_line' id='line_1_30' title="bbox 457 1861 1385 1917; baseline -0.009 -13"><span class='ocrx_word' id='word_1_225' title='bbox 457 1879 516 1913; x_wconf 71' lang='lat'>49.</span> <span class='ocrx_word' id='word_1_226' title='bbox 545 1867 752 1917; x_wconf 76' lang='lat' dir='ltr'>Compellare</span> <span class='ocrx_word' id='word_1_227' title='bbox 779 1867 879 1914; x_wconf 80' lang='lat' dir='ltr'>ausus</span> <span class='ocrx_word' id='word_1_228' title='bbox 908 1861 998 1912; x_wconf 78' lang='lat' dir='ltr'>erat]</span> <span class='ocrx_word' id='word_1_229' title='bbox 1036 1861 1219 1900; x_wconf 85' lang='lat' dir='ltr'>Nonnulli</span> <span class='ocrx_word' id='word_1_230' title='bbox 1247 1863 1385 1910; x_wconf 82' lang='lat' dir='ltr'>compel-</span> 
     </span>
     <span class='ocr_line' id='line_1_31' title="bbox 409 1913 1379 1966; baseline -0.002 -14"><span class='ocrx_word' id='word_1_231' title='bbox 409 1918 672 1966; x_wconf 55' lang='lat' dir='ltr'>Iaffesz‘supra</span> <span class='ocrx_word' id='word_1_232' title='bbox 693 1919 838 1954; x_wconf 73' lang='lat' dir='ltr'>militiae</span> <span class='ocrx_word' id='word_1_233' title='bbox 850 1921 947 1965; x_wconf 87' lang='lat' dir='ltr'>jure,</span> <span class='ocrx_word' id='word_1_234' title='bbox 974 1922 1131 1965; x_wconf 87' lang='lat' dir='ltr'>uterque</span> <span class='ocrx_word' id='word_1_235' title='bbox 1145 1913 1277 1961; x_wconf 86' lang='lat' dir='ltr'>Ultraj.</span> <span class='ocrx_word' id='word_1_236' title='bbox 1296 1924 1379 1950; x_wconf 90' lang='lat' dir='ltr'>cum</span> 
     </span>
     <span class='ocr_line' id='line_1_32' title="bbox 412 1969 680 2018; baseline 0.007 -14"><span class='ocrx_word' id='word_1_237' title='bbox 412 1976 574 2018; x_wconf 75' lang='lat' dir='ltr'>quatuor</span> <span class='ocrx_word' id='word_1_238' title='bbox 593 1969 680 2006; x_wconf 86' lang='lat' dir='ltr'>aliis.</span> 
     </span>
    </p>

    <p class='ocr_par' dir='ltr' id='par_1_8' title="bbox 413 2014 1384 2171">
     <span class='ocr_line' id='line_1_33' title="bbox 467 2014 1383 2069; baseline -0.007 -12"><span class='ocrx_word' id='word_1_239' title='bbox 467 2034 524 2068; x_wconf 68' lang='lat'>50.</span> <span class='ocrx_word' id='word_1_240' title='bbox 554 2021 674 2056; x_wconf 81' lang='lat' dir='ltr'>Dolore</span> <span class='ocrx_word' id='word_1_241' title='bbox 685 2021 747 2066; x_wconf 84' lang='lat' dir='ltr'>suo</span> <span class='ocrx_word' id='word_1_242' title='bbox 764 2029 823 2066; x_wconf 85' lang='lat' dir='ltr'>pro</span> <span class='ocrx_word' id='word_1_243' title='bbox 835 2016 970 2069; x_wconf 76' lang='lat' dir='ltr'>publica</span> <span class='ocrx_word' id='word_1_244' title='bbox 992 2014 1080 2066; x_wconf 80' lang='lat' dir='ltr'>lege]</span> <span class='ocrx_word' id='word_1_245' title='bbox 1110 2014 1228 2052; x_wconf 86' lang='lat' dir='ltr'>Aldus</span> <span class='ocrx_word' id='word_1_246' title='bbox 1245 2015 1280 2052; x_wconf 70' lang='grc' dir='ltr'>δί</span> <span class='ocrx_word' id='word_1_247' title='bbox 1295 2026 1383 2051; x_wconf 77' lang='lat' dir='ltr'>eum</span> 
     </span>
     <span class='ocr_line' id='line_1_34' title="bbox 413 2065 1384 2118; baseline -0.006 -10"><span class='ocrx_word' id='word_1_248' title='bbox 413 2071 524 2108; x_wconf 88' lang='lat' dir='ltr'>secuti</span> <span class='ocrx_word' id='word_1_249' title='bbox 548 2071 728 2107; x_wconf 88' lang='lat' dir='ltr'>omittunt</span> <span class='ocrx_word' id='word_1_250' title='bbox 745 2081 814 2118; x_wconf 86' lang='lat' dir='ltr'>pro.</span> <span class='ocrx_word' id='word_1_251' title='bbox 843 2068 914 2106; x_wconf 86' lang='lat' dir='ltr'>Sed</span> <span class='ocrx_word' id='word_1_252' title='bbox 939 2066 1077 2105; x_wconf 81' lang='lat' dir='ltr'>addunt</span> <span class='ocrx_word' id='word_1_253' title='bbox 1096 2066 1202 2104; x_wconf 89' lang='lat' dir='ltr'>MSS.</span> <span class='ocrx_word' id='word_1_254' title='bbox 1233 2067 1271 2103; x_wconf 68' lang='grc' dir='ltr'>δε</span> <span class='ocrx_word' id='word_1_255' title='bbox 1291 2065 1384 2103; x_wconf 86' lang='lat' dir='ltr'>Edd.</span> 
     </span>
     <span class='ocr_line' id='line_1_35' title="bbox 418 2122 695 2171; baseline -0.004 -13"><span class='ocrx_word' id='word_1_256' title='bbox 418 2122 695 2171; x_wconf 76' lang='lat' dir='ltr'>antiquiffimae.</span> 
     </span>
    </p>

    <p class='ocr_par' dir='ltr' id='par_1_9' title="bbox 416 2168 1388 2313">
     <span class='ocr_line' id='line_1_36' title="bbox 469 2168 1387 2221; baseline -0.008 -12"><span class='ocrx_word' id='word_1_257' title='bbox 469 2186 526 2221; x_wconf 77' lang='lat'>51.</span> <span class='ocrx_word' id='word_1_258' title='bbox 555 2172 763 2220; x_wconf 78' lang='lat' dir='ltr'>Sempronius</span> <span class='ocrx_word' id='word_1_259' title='bbox 782 2169 920 2220; x_wconf 76' lang='lat' dir='ltr'>Musca]</span> <span class='ocrx_word' id='word_1_260' title='bbox 951 2169 1042 2206; x_wconf 84' lang='lat' dir='ltr'>Sunt</span> <span class='ocrx_word' id='word_1_261' title='bbox 1059 2168 1165 2206; x_wconf 89' lang='lat' dir='ltr'>MSS.</span> <span class='ocrx_word' id='word_1_262' title='bbox 1196 2169 1259 2217; x_wconf 91' lang='lat' dir='ltr'>qui</span> <span class='ocrx_word' id='word_1_263' title='bbox 1283 2168 1387 2214; x_wconf 85' lang='lat' dir='ltr'>Musa</span> 
     </span>
     <span class='ocr_line' id='line_1_37' title="bbox 417 2220 1388 2267; baseline -0.007 -6"><span class='ocrx_word' id='word_1_264' title='bbox 417 2224 564 2261; x_wconf 83' lang='lat' dir='ltr'>habent.</span> <span class='ocrx_word' id='word_1_265' title='bbox 614 2223 687 2260; x_wconf 84' lang='lat' dir='ltr'>Pro</span> <span class='ocrx_word' id='word_1_266' title='bbox 710 2223 889 2267; x_wconf 79' lang='lat' dir='ltr'>Gallium,</span> <span class='ocrx_word' id='word_1_267' title='bbox 916 2222 1079 2266; x_wconf 75' lang='lat' dir='ltr'>Galim,</span> <span class='ocrx_word' id='word_1_268' title='bbox 1109 2221 1274 2263; x_wconf 83' lang='lat' dir='ltr'>Gallum,</span> <span class='ocrx_word' id='word_1_269' title='bbox 1307 2220 1388 2255; x_wconf 86' lang='lat' dir='ltr'>Gel-</span> 
     </span>
     <span class='ocr_line' id='line_1_38' title="bbox 416 2277 510 2313; baseline 0.032 -3"><span class='ocrx_word' id='word_1_270' title='bbox 416 2277 510 2313; x_wconf 82' lang='lat' dir='ltr'>lium.</span> 
     </span>
    </p>

    <p class='ocr_par' dir='ltr' id='par_1_10' title="bbox 423 2320 1392 2580">
     <span class='ocr_line' id='line_1_39' title="bbox 475 2320 1387 2375; baseline -0.009 -11"><span class='ocrx_word' id='word_1_271' title='bbox 475 2340 530 2375; x_wconf 78' lang='lat'>52.</span> <span class='ocrx_word' id='word_1_272' title='bbox 559 2325 808 2373; x_wconf 70' lang='lat' dir='ltr'>Deprehensum</span> <span class='ocrx_word' id='word_1_273' title='bbox 834 2325 870 2360; x_wconf 84' lang='lat' dir='ltr'>in</span> <span class='ocrx_word' id='word_1_274' title='bbox 902 2322 1066 2359; x_wconf 77' lang='lat' dir='ltr'>adulterio</span> <span class='ocrx_word' id='word_1_275' title='bbox 1079 2323 1234 2373; x_wconf 77' lang='lat' dir='ltr'>flagellis</span> <span class='ocrx_word' id='word_1_276' title='bbox 1255 2320 1387 2370; x_wconf 55' lang='lat' dir='ltr'>widin]</span> 
     </span>
     <span class='ocr_line' id='line_1_40' title="bbox 423 2373 1391 2415; baseline -0.006 0"><span class='ocrx_word' id='word_1_277' title='bbox 423 2378 480 2414; x_wconf 85' lang='lat' dir='ltr'>Sic</span> <span class='ocrx_word' id='word_1_278' title='bbox 509 2379 564 2415; x_wconf 88' lang='lat' dir='ltr'>M.</span> <span class='ocrx_word' id='word_1_279' title='bbox 594 2378 715 2413; x_wconf 83' lang='lat' dir='ltr'>Varro</span> <span class='ocrx_word' id='word_1_280' title='bbox 747 2376 791 2412; x_wconf 89' lang='lat' dir='ltr'>C.</span> <span class='ocrx_word' id='word_1_281' title='bbox 820 2374 1023 2412; x_wconf 89' lang='lat' dir='ltr'>Sallustium</span> <span class='ocrx_word' id='word_1_282' title='bbox 1053 2375 1097 2410; x_wconf 83' lang='lat' dir='ltr'>ab</span> <span class='ocrx_word' id='word_1_283' title='bbox 1125 2374 1254 2411; x_wconf 82' lang='lat' dir='ltr'>Annio</span> <span class='ocrx_word' id='word_1_284' title='bbox 1276 2373 1391 2410; x_wconf 84' lang='lat' dir='ltr'>Milo-</span> 
     </span>
     <span class='ocr_line' id='line_1_41' title="bbox 425 2424 1391 2474; baseline -0.006 -8"><span class='ocrx_word' id='word_1_285' title='bbox 425 2441 472 2466; x_wconf 87' lang='lat' dir='ltr'>ne</span> <span class='ocrx_word' id='word_1_286' title='bbox 494 2428 531 2466; x_wconf 90' lang='lat' dir='ltr'>in</span> <span class='ocrx_word' id='word_1_287' title='bbox 562 2427 742 2465; x_wconf 83' lang='lat' dir='ltr'>adulterio</span> <span class='ocrx_word' id='word_1_288' title='bbox 772 2425 1039 2474; x_wconf 89' lang='lat' dir='ltr'>deprehensum</span> <span class='ocrx_word' id='word_1_289' title='bbox 1069 2424 1156 2462; x_wconf 87' lang='lat' dir='ltr'>loris</span> <span class='ocrx_word' id='word_1_290' title='bbox 1185 2424 1279 2461; x_wconf 87' lang='lat' dir='ltr'>bene</span> <span class='ocrx_word' id='word_1_291' title='bbox 1309 2436 1391 2460; x_wconf 89' lang='lat' dir='ltr'>cae-</span> 
     </span>
     <span class='ocr_line' id='line_1_42' title="bbox 425 2473 1391 2528; baseline -0.008 -10"><span class='ocrx_word' id='word_1_292' title='bbox 425 2481 502 2518; x_wconf 80' lang='lat' dir='ltr'>sum</span> <span class='ocrx_word' id='word_1_293' title='bbox 519 2509 530 2524; x_wconf 87' lang='lat'>‚</span> <span class='ocrx_word' id='word_1_294' title='bbox 546 2480 584 2517; x_wconf 88' lang='lat'>&amp;</span> <span class='ocrx_word' id='word_1_295' title='bbox 598 2507 609 2524; x_wconf 89' lang='lat'>,</span> <span class='ocrx_word' id='word_1_296' title='bbox 634 2490 751 2528; x_wconf 89' lang='lat' dir='ltr'>quum</span> <span class='ocrx_word' id='word_1_297' title='bbox 773 2474 925 2513; x_wconf 76' lang='lat' dir='ltr'>dedisset</span> <span class='ocrx_word' id='word_1_298' title='bbox 943 2475 1141 2524; x_wconf 81' lang='lat' dir='ltr'>pecuniam</span> <span class='ocrx_word' id='word_1_299' title='bbox 1154 2503 1163 2517; x_wconf 89' lang='lat'><em>‚</em></span> <span class='ocrx_word' id='word_1_300' title='bbox 1191 2473 1391 2517; x_wconf 73' lang='lat' dir='ltr'>dimissum,</span> 
     </span>
     <span class='ocr_line' id='line_1_43' title="bbox 424 2525 1392 2580; baseline -0.009 -10"><span class='ocrx_word' id='word_1_301' title='bbox 424 2531 580 2580; x_wconf 82' lang='lat' dir='ltr'>scripfit‚</span> <span class='ocrx_word' id='word_1_302' title='bbox 603 2530 690 2568; x_wconf 88' lang='lat' dir='ltr'>teste</span> <span class='ocrx_word' id='word_1_303' title='bbox 709 2527 831 2565; x_wconf 91' lang='lat' dir='ltr'>Gellio</span> <span class='ocrx_word' id='word_1_304' title='bbox 860 2526 941 2563; x_wconf 86' lang='lat' dir='ltr'>Lib.</span> <span class='ocrx_word' id='word_1_305' title='bbox 960 2537 1055 2562; x_wconf 77' lang='lat' dir='ltr'>xm.</span> <span class='ocrx_word' id='word_1_306' title='bbox 1079 2525 1392 2562; x_wconf 75' lang='lat' dir='ltr'>18.PERIZON.</span> 
     </span>
    </p>

    <p class='ocr_par' dir='ltr' id='par_1_11' title="bbox 428 2575 1399 2831">
     <span class='ocr_line' id='line_1_44' title="bbox 481 2575 1393 2633; baseline -0.01 -13"><span class='ocrx_word' id='word_1_307' title='bbox 481 2595 539 2633; x_wconf 78' lang='lat'>53.</span> <span class='ocrx_word' id='word_1_308' title='bbox 568 2584 604 2619; x_wconf 91' lang='lat' dir='ltr'>C.</span> <span class='ocrx_word' id='word_1_309' title='bbox 635 2577 839 2628; x_wconf 63' lang='lat' dir='ltr'>Memmius]</span> <span class='ocrx_word' id='word_1_310' title='bbox 868 2578 970 2614; x_wconf 77' lang='lat' dir='ltr'>Ven.</span> <span class='ocrx_word' id='word_1_311' title='bbox 989 2575 1127 2620; x_wconf 80' lang='lat' dir='ltr'>Aldus,</span> <span class='ocrx_word' id='word_1_312' title='bbox 1156 2576 1297 2624; x_wconf 86' lang='lat' dir='ltr'>Gryph.</span> <span class='ocrx_word' id='word_1_313' title='bbox 1317 2576 1393 2612; x_wconf 89' lang='lat' dir='ltr'>CO-</span> 
     </span>
     <span class='ocr_line' id='line_1_45' title="bbox 428 2627 1394 2682; baseline -0.011 -10"><span class='ocrx_word' id='word_1_314' title='bbox 428 2635 489 2672; x_wconf 78' lang='lat' dir='ltr'>lin.</span> <span class='ocrx_word' id='word_1_315' title='bbox 519 2633 641 2682; x_wconf 88' lang='lat' dir='ltr'>Steph.</span> <span class='ocrx_word' id='word_1_316' title='bbox 670 2634 706 2668; x_wconf 91' lang='lat' dir='ltr'>C.</span> <span class='ocrx_word' id='word_1_317' title='bbox 723 2633 874 2667; x_wconf 75' lang='lat' dir='ltr'>Meuius.</span> <span class='ocrx_word' id='word_1_318' title='bbox 902 2627 1047 2666; x_wconf 83' lang='lat' dir='ltr'>Ascens.</span> <span class='ocrx_word' id='word_1_319' title='bbox 1075 2629 1112 2664; x_wconf 88' lang='lat' dir='ltr'>C.</span> <span class='ocrx_word' id='word_1_320' title='bbox 1125 2627 1394 2674; x_wconf 70' lang='lat' dir='ltr'>Mevius.lviog.</span> 
     </span>
     <span class='ocr_line' id='line_1_46' title="bbox 431 2677 1397 2726; baseline -0.009 -4"><span class='ocrx_word' id='word_1_321' title='bbox 431 2687 623 2722; x_wconf 82' lang='lat' dir='ltr'>Meninius.</span> <span class='ocrx_word' id='word_1_322' title='bbox 667 2681 822 2720; x_wconf 78' lang='lat' dir='ltr'>Mediol.</span> <span class='ocrx_word' id='word_1_323' title='bbox 872 2680 1056 2716; x_wconf 83' lang='lat' dir='ltr'>Memmius</span> <span class='ocrx_word' id='word_1_324' title='bbox 1079 2707 1090 2722; x_wconf 88' lang='lat'>‚</span> <span class='ocrx_word' id='word_1_325' title='bbox 1135 2677 1237 2726; x_wconf 91' lang='lat' dir='ltr'>quod</span> <span class='ocrx_word' id='word_1_326' title='bbox 1278 2677 1397 2726; x_wconf 82' lang='lat' dir='ltr'>plures</span> 
     </span>
     <span class='ocr_line' id='line_1_47' title="bbox 435 2729 1399 2785; baseline -0.009 -11"><span class='ocrx_word' id='word_1_327' title='bbox 435 2738 645 2785; x_wconf 81' lang='lat' dir='ltr'>praeferunt</span> <span class='ocrx_word' id='word_1_328' title='bbox 669 2729 800 2782; x_wconf 83' lang='lat' dir='ltr'>scripti.</span> <span class='ocrx_word' id='word_1_329' title='bbox 853 2731 943 2768; x_wconf 89' lang='lat' dir='ltr'>Sunt</span> <span class='ocrx_word' id='word_1_330' title='bbox 970 2730 1055 2779; x_wconf 89' lang='lat' dir='ltr'>qui,</span> <span class='ocrx_word' id='word_1_331' title='bbox 1084 2730 1281 2772; x_wconf 85' lang='lat' dir='ltr'>Memnius,</span> <span class='ocrx_word' id='word_1_332' title='bbox 1308 2729 1399 2765; x_wconf 90' lang='lat' dir='ltr'>item</span> 
     </span>
     <span class='ocr_line' id='line_1_48' title="bbox 432 2783 1153 2831; baseline -0.01 -7"><span class='ocrx_word' id='word_1_333' title='bbox 432 2789 624 2831; x_wconf 74' lang='lat' dir='ltr'>Mennim,</span> <span class='ocrx_word' id='word_1_334' title='bbox 650 2785 797 2823; x_wconf 79' lang='lat' dir='ltr'>habent.</span> <span class='ocrx_word' id='word_1_335' title='bbox 826 2783 935 2820; x_wconf 83' lang='lat' dir='ltr'>Unus</span> <span class='ocrx_word' id='word_1_336' title='bbox 955 2785 1153 2817; x_wconf 79' lang='lat' dir='ltr'>Menturus.</span> 
     </span>
    </p>

    <p class='ocr_par' dir='ltr' id='par_1_12' title="bbox 424 2828 1396 3041">
     <span class='ocr_line' id='line_1_49' title="bbox 489 2828 1395 2886; baseline -0.011 -11"><span class='ocrx_word' id='word_1_337' title='bbox 489 2851 544 2886; x_wconf 77' lang='lat'>54.</span> <span class='ocrx_word' id='word_1_338' title='bbox 574 2842 612 2873; x_wconf 86' lang='lat' dir='ltr'>L.</span> <span class='ocrx_word' id='word_1_339' title='bbox 642 2837 819 2874; x_wconf 51' lang='lat' dir='ltr'>ommium</span> <span class='ocrx_word' id='word_1_340' title='bbox 837 2833 1065 2885; x_wconf 77' lang='lat' dir='ltr'>deprehensum</span> <span class='ocrx_word' id='word_1_341' title='bbox 1086 2831 1199 2867; x_wconf 68' lang='lat' dir='ltr'>nervis</span> <span class='ocrx_word' id='word_1_342' title='bbox 1227 2828 1395 2878; x_wconf 72' lang='lat' dir='ltr'>contudit]</span> 
     </span>
     <span class='ocr_line' id='line_1_50' title="bbox 435 2881 1396 2936; baseline -0.01 -9"><span class='ocrx_word' id='word_1_343' title='bbox 435 2888 607 2927; x_wconf 85' lang='lat' dir='ltr'>Sambuci</span> <span class='ocrx_word' id='word_1_344' title='bbox 629 2888 748 2925; x_wconf 79' lang='lat' dir='ltr'>codex</span> <span class='ocrx_word' id='word_1_345' title='bbox 764 2916 773 2932; x_wconf 90' lang='lat'><strong>‚</strong></span> <span class='ocrx_word' id='word_1_346' title='bbox 797 2887 919 2936; x_wconf 84' lang='lat' dir='ltr'>pernix</span> <span class='ocrx_word' id='word_1_347' title='bbox 937 2881 1102 2921; x_wconf 78' lang='lat' dir='ltr'>contudit.</span> <span class='ocrx_word' id='word_1_348' title='bbox 1126 2892 1220 2919; x_wconf 82' lang='lat' dir='ltr'>unus</span> <span class='ocrx_word' id='word_1_349' title='bbox 1241 2893 1260 2918; x_wconf 90' lang='lat' dir='ltr'>e</span> <span class='ocrx_word' id='word_1_350' title='bbox 1282 2881 1396 2926; x_wconf 85' lang='lat' dir='ltr'>meis,</span> 
     </span>
     <span class='ocr_line' id='line_1_51' title="bbox 424 2933 1396 2987; baseline -0.006 -11"><span class='ocrx_word' id='word_1_351' title='bbox 424 2941 577 2987; x_wconf 73' lang='lat' dir='ltr'>protinus</span> <span class='ocrx_word' id='word_1_352' title='bbox 608 2938 785 2976; x_wconf 79' lang='lat' dir='ltr'>contudit:</span> <span class='ocrx_word' id='word_1_353' title='bbox 821 2937 910 2982; x_wconf 79' lang='lat' dir='ltr'>alii,</span> <span class='ocrx_word' id='word_1_354' title='bbox 943 2935 1077 2987; x_wconf 79' lang='lat' dir='ltr'>pugnis.</span> <span class='ocrx_word' id='word_1_355' title='bbox 1131 2933 1215 2982; x_wconf 85' lang='lat' dir='ltr'>Ego</span> <span class='ocrx_word' id='word_1_356' title='bbox 1247 2933 1396 2970; x_wconf 75' lang='lat' dir='ltr'>haereo.</span> 
     </span>
     <span class='ocr_line' id='line_1_52' title="bbox 432 2983 1396 3041; baseline -0.009 -11"><span class='ocrx_word' id='word_1_357' title='bbox 432 2991 553 3030; x_wconf 78' lang='lat' dir='ltr'>LIPS.</span> <span class='ocrx_word' id='word_1_358' title='bbox 582 2990 694 3029; x_wconf 82' lang='lat' dir='ltr'>Liber</span> <span class='ocrx_word' id='word_1_359' title='bbox 724 2991 820 3029; x_wconf 84' lang='lat' dir='ltr'>Dan.</span> <span class='ocrx_word' id='word_1_360' title='bbox 842 2988 968 3041; x_wconf 80' lang='lat' dir='ltr'>pernis.</span> <span class='ocrx_word' id='word_1_361' title='bbox 1018 2985 1140 3027; x_wconf 67' lang='lat' dir='ltr'>Placet</span> <span class='ocrx_word' id='word_1_362' title='bbox 1171 2984 1286 3035; x_wconf 82' lang='lat' dir='ltr'>magis</span> <span class='ocrx_word' id='word_1_363' title='bbox 1317 2983 1396 3024; x_wconf 84' lang='lat' dir='ltr'>vul-</span> 
     </span>
    </p>
   </div>
   <div class='ocr_carea' id='block_1_5' title="bbox 2308 711 2402 758">
    <p class='ocr_par' dir='ltr' id='par_1_13' title="bbox 2308 711 2402 758">
     <span class='ocr_line' id='line_1_53' title="bbox 2308 711 2402 758; baseline 0.011 -1"><span class='ocrx_word' id='word_1_364' title='bbox 2308 711 2402 758; x_wconf 90' lang='lat' dir='ltr'>Fu-</span> 
     </span>
    </p>
   </div>
   <div class='ocr_carea' id='block_1_6' title="bbox 1423 836 2423 2979">
    <p class='ocr_par' dir='ltr' id='par_1_14' title="bbox 1423 836 2414 2264">
     <span class='ocr_line' id='line_1_54' title="bbox 1428 836 2402 888; baseline 0.002 -12"><span class='ocrx_word' id='word_1_365' title='bbox 1428 846 1511 888; x_wconf 82' lang='lat' dir='ltr'>gata</span> <span class='ocrx_word' id='word_1_366' title='bbox 1545 837 1668 876; x_wconf 62' lang='lat' dir='ltr'>lectio.</span> <span class='ocrx_word' id='word_1_367' title='bbox 1722 837 1764 875; x_wconf 90' lang='lat' dir='ltr'>In</span> <span class='ocrx_word' id='word_1_368' title='bbox 1785 836 1966 875; x_wconf 87' lang='lat' dir='ltr'>adulterio</span> <span class='ocrx_word' id='word_1_369' title='bbox 1989 837 2233 886; x_wconf 87' lang='lat' dir='ltr'>deprehensos</span> <span class='ocrx_word' id='word_1_370' title='bbox 2254 838 2402 888; x_wconf 84' lang='lat' dir='ltr'>flagellis</span> 
     </span>
     <span class='ocr_line' id='line_1_55' title="bbox 1430 888 2403 937; baseline 0.001 -9"><span class='ocrx_word' id='word_1_371' title='bbox 1430 892 1507 928; x_wconf 84' lang='lat' dir='ltr'>fere</span> <span class='ocrx_word' id='word_1_372' title='bbox 1524 890 1598 927; x_wconf 77' lang='lat' dir='ltr'>sive</span> <span class='ocrx_word' id='word_1_373' title='bbox 1631 889 1717 926; x_wconf 79' lang='lat' dir='ltr'>loris</span> <span class='ocrx_word' id='word_1_374' title='bbox 1739 888 1843 926; x_wconf 87' lang='lat' dir='ltr'>caedi</span> <span class='ocrx_word' id='word_1_375' title='bbox 1868 888 1994 926; x_wconf 87' lang='lat' dir='ltr'>solitos</span> <span class='ocrx_word' id='word_1_376' title='bbox 2021 889 2187 937; x_wconf 76' lang='lat' dir='ltr'>legimus.</span> <span class='ocrx_word' id='word_1_377' title='bbox 2239 890 2403 929; x_wconf 86' lang='lat' dir='ltr'>Proinde</span> 
     </span>
     <span class='ocr_line' id='line_1_56' title="bbox 1430 940 2406 989; baseline -0.002 -9"><span class='ocrx_word' id='word_1_378' title='bbox 1430 943 1505 980; x_wconf 70' lang='lat' dir='ltr'>lzoc</span> <span class='ocrx_word' id='word_1_379' title='bbox 1537 942 1625 978; x_wconf 89' lang='lat' dir='ltr'>loco</span> <span class='ocrx_word' id='word_1_380' title='bbox 1648 952 1781 977; x_wconf 84' lang='lat' dir='ltr'>nervos</span> <span class='ocrx_word' id='word_1_381' title='bbox 1807 952 1874 989; x_wconf 88' lang='lat' dir='ltr'>pro</span> <span class='ocrx_word' id='word_1_382' title='bbox 1895 940 1981 977; x_wconf 88' lang='lat' dir='ltr'>loris</span> <span class='ocrx_word' id='word_1_383' title='bbox 2000 941 2158 988; x_wconf 81' lang='lat' dir='ltr'>accipio.</span> <span class='ocrx_word' id='word_1_384' title='bbox 2216 941 2271 979; x_wconf 83' lang='lat' dir='ltr'>Ita</span> <span class='ocrx_word' id='word_1_385' title='bbox 2289 944 2406 978; x_wconf 83' lang='lat' dir='ltr'>Sallu-</span> 
     </span>
     <span class='ocr_line' id='line_1_57' title="bbox 1423 990 2403 1041; baseline 0.003 -13"><span class='ocrx_word' id='word_1_386' title='bbox 1423 995 1527 1041; x_wconf 84' lang='lat' dir='ltr'>stium</span> <span class='ocrx_word' id='word_1_387' title='bbox 1551 994 1628 1028; x_wconf 73' lang='lat' dir='ltr'>loris</span> <span class='ocrx_word' id='word_1_388' title='bbox 1649 992 1726 1027; x_wconf 76' lang='lat' dir='ltr'>hene</span> <span class='ocrx_word' id='word_1_389' title='bbox 1745 995 1871 1040; x_wconf 82' lang='lat' dir='ltr'>caesum</span> <span class='ocrx_word' id='word_1_390' title='bbox 1883 990 2047 1039; x_wconf 81' lang='lat' dir='ltr'>Agellius</span> <span class='ocrx_word' id='word_1_391' title='bbox 2064 991 2194 1028; x_wconf 80' lang='lat' dir='ltr'>scribit.</span> <span class='ocrx_word' id='word_1_392' title='bbox 2207 993 2403 1031; x_wconf 84' lang='lat' dir='ltr'>COLER.</span> 
     </span>
     <span class='ocr_line' id='line_1_58' title="bbox 1431 1042 2404 1083; baseline 0.003 -3"><span class='ocrx_word' id='word_1_393' title='bbox 1431 1045 1564 1081; x_wconf 61' lang='lat' dir='ltr'>Nervis</span> <span class='ocrx_word' id='word_1_394' title='bbox 1583 1042 1729 1079; x_wconf 79' lang='lat' dir='ltr'>contudit</span> <span class='ocrx_word' id='word_1_395' title='bbox 1765 1043 1818 1080; x_wconf 90' lang='lat' dir='ltr'>Ita</span> <span class='ocrx_word' id='word_1_396' title='bbox 1841 1042 1955 1079; x_wconf 87' lang='lat' dir='ltr'>Aldus</span> <span class='ocrx_word' id='word_1_397' title='bbox 1977 1043 2015 1079; x_wconf 66' lang='grc' dir='ltr'>δε</span> <span class='ocrx_word' id='word_1_398' title='bbox 2038 1042 2213 1080; x_wconf 82' lang='lat' dir='ltr'>Chalcoc.</span> <span class='ocrx_word' id='word_1_399' title='bbox 2242 1043 2404 1083; x_wconf 86' lang='lat' dir='ltr'>edidere.</span> 
     </span>
     <span class='ocr_line' id='line_1_59' title="bbox 1432 1094 2400 1145; baseline -0.001 -11"><span class='ocrx_word' id='word_1_400' title='bbox 1432 1097 1562 1145; x_wconf 82' lang='lat' dir='ltr'>anue</span> <span class='ocrx_word' id='word_1_401' title='bbox 1591 1094 1703 1131; x_wconf 66' lang='lat' dir='ltr'>lectio</span> <span class='ocrx_word' id='word_1_402' title='bbox 1738 1094 1926 1142; x_wconf 78' lang='lat' dir='ltr'>&amp;Pighio</span> <span class='ocrx_word' id='word_1_403' title='bbox 1956 1101 2068 1142; x_wconf 87' lang='lat' dir='ltr'>atque</span> <span class='ocrx_word' id='word_1_404' title='bbox 2100 1094 2240 1131; x_wconf 86' lang='lat' dir='ltr'>Colero</span> <span class='ocrx_word' id='word_1_405' title='bbox 2268 1094 2400 1143; x_wconf 87' lang='lat' dir='ltr'>placet.</span> 
     </span>
     <span class='ocr_line' id='line_1_60' title="bbox 1432 1143 2401 1195; baseline -0.001 -12"><span class='ocrx_word' id='word_1_406' title='bbox 1432 1145 1573 1195; x_wconf 73' lang='lat' dir='ltr'>Lipsius</span> <span class='ocrx_word' id='word_1_407' title='bbox 1597 1145 1801 1182; x_wconf 85' lang='lat' dir='ltr'>observavit</span> <span class='ocrx_word' id='word_1_408' title='bbox 1820 1146 1858 1182; x_wconf 62' lang='grc' dir='ltr'>ὃς</span> <span class='ocrx_word' id='word_1_409' title='bbox 1876 1144 1923 1181; x_wconf 83' lang='lat' dir='ltr'>fic</span> <span class='ocrx_word' id='word_1_410' title='bbox 1942 1143 2113 1192; x_wconf 82' lang='lat' dir='ltr'>scriptum</span> <span class='ocrx_word' id='word_1_411' title='bbox 2128 1173 2137 1189; x_wconf 93' lang='lat'><strong>,</strong></span> <span class='ocrx_word' id='word_1_412' title='bbox 2158 1147 2311 1194; x_wconf 78' lang='lat' dir='ltr'>protinus</span> <span class='ocrx_word' id='word_1_413' title='bbox 2330 1160 2401 1182; x_wconf 79' lang='lat' dir='ltr'><em>con·</em></span> 
     </span>
     <span class='ocr_line' id='line_1_61' title="bbox 1430 1195 2401 1245; baseline 0.002 -13"><span class='ocrx_word' id='word_1_414' title='bbox 1430 1199 1544 1240; x_wconf 77' lang='lat' dir='ltr'>tudit;</span> <span class='ocrx_word' id='word_1_415' title='bbox 1574 1198 1742 1245; x_wconf 74' lang='lat' dir='ltr'>itemque</span> <span class='ocrx_word' id='word_1_416' title='bbox 1762 1208 1829 1244; x_wconf 84' lang='lat' dir='ltr'>pro</span> <span class='ocrx_word' id='word_1_417' title='bbox 1848 1197 1960 1231; x_wconf 62' lang='lat' dir='ltr'>nervis</span> <span class='ocrx_word' id='word_1_418' title='bbox 1979 1195 2151 1244; x_wconf 80' lang='lat' dir='ltr'>scriptum</span> <span class='ocrx_word' id='word_1_419' title='bbox 2168 1199 2314 1245; x_wconf 73' lang='lat' dir='ltr'>pugnis;</span> <span class='ocrx_word' id='word_1_420' title='bbox 2337 1206 2401 1235; x_wconf 79' lang='lat' dir='ltr'>aut</span> 
     </span>
     <span class='ocr_line' id='line_1_62' title="bbox 1427 1246 2404 1297; baseline 0 -13"><span class='ocrx_word' id='word_1_421' title='bbox 1427 1251 1562 1297; x_wconf 78' lang='lat' dir='ltr'>pernix.</span> <span class='ocrx_word' id='word_1_422' title='bbox 1588 1246 1964 1295; x_wconf 79' lang='lat' dir='ltr'>Brandeburgenssum</span> <span class='ocrx_word' id='word_1_423' title='bbox 1986 1258 2100 1290; x_wconf 83' lang='lat' dir='ltr'>unus,</span> <span class='ocrx_word' id='word_1_424' title='bbox 2120 1250 2271 1294; x_wconf 67' lang='lat' dir='ltr'>protinus</span> <span class='ocrx_word' id='word_1_425' title='bbox 2291 1259 2404 1284; x_wconf 82' lang='lat' dir='ltr'>contu-</span> 
     </span>
     <span class='ocr_line' id='line_1_63' title="bbox 1431 1298 2403 1346; baseline 0.001 -11"><span class='ocrx_word' id='word_1_426' title='bbox 1431 1298 1502 1336; x_wconf 80' lang='lat' dir='ltr'>dit.-</span> <span class='ocrx_word' id='word_1_427' title='bbox 1527 1298 1616 1336; x_wconf 83' lang='lat' dir='ltr'>alter</span> <span class='ocrx_word' id='word_1_428' title='bbox 1633 1299 1744 1346; x_wconf 80' lang='lat' dir='ltr'>pernis</span> <span class='ocrx_word' id='word_1_429' title='bbox 1764 1308 1848 1334; x_wconf 76' lang='lat' dir='ltr'>conr.</span> <span class='ocrx_word' id='word_1_430' title='bbox 1880 1299 2056 1345; x_wconf 87' lang='lat' dir='ltr'>Quorum</span> <span class='ocrx_word' id='word_1_431' title='bbox 2080 1298 2253 1344; x_wconf 84' lang='lat' dir='ltr'>posterius</span> <span class='ocrx_word' id='word_1_432' title='bbox 2281 1298 2403 1336; x_wconf 78' lang='lat' dir='ltr'>codex</span> 
     </span>
     <span class='ocr_line' id='line_1_64' title="bbox 1431 1348 2403 1400; baseline -0.001 -12"><span class='ocrx_word' id='word_1_433' title='bbox 1431 1361 1585 1400; x_wconf 82' lang='lat' dir='ltr'>quoque</span> <span class='ocrx_word' id='word_1_434' title='bbox 1615 1349 1654 1386; x_wconf 94' lang='lat' dir='ltr'>P.</span> <span class='ocrx_word' id='word_1_435' title='bbox 1684 1349 1782 1386; x_wconf 90' lang='lat' dir='ltr'>Dan.</span> <span class='ocrx_word' id='word_1_436' title='bbox 1818 1348 1938 1386; x_wconf 82' lang='lat' dir='ltr'>habet.</span> <span class='ocrx_word' id='word_1_437' title='bbox 1975 1349 2029 1385; x_wconf 87' lang='lat' dir='ltr'>uti</span> <span class='ocrx_word' id='word_1_438' title='bbox 2057 1348 2215 1385; x_wconf 88' lang='lat' dir='ltr'>Colerus</span> <span class='ocrx_word' id='word_1_439' title='bbox 2243 1349 2403 1387; x_wconf 86' lang='lat' dir='ltr'>testatur.</span> 
     </span>
     <span class='ocr_line' id='line_1_65' title="bbox 1432 1399 2404 1448; baseline -0.002 -8"><span class='ocrx_word' id='word_1_440' title='bbox 1432 1401 1627 1440; x_wconf 86' lang='lat' dir='ltr'>VORST.</span> <span class='ocrx_word' id='word_1_441' title='bbox 1655 1399 1748 1437; x_wconf 88' lang='lat' dir='ltr'>Med</span> <span class='ocrx_word' id='word_1_442' title='bbox 1768 1400 1875 1448; x_wconf 86' lang='lat' dir='ltr'>prim.</span> <span class='ocrx_word' id='word_1_443' title='bbox 1904 1399 2036 1447; x_wconf 88' lang='lat' dir='ltr'>Copes.</span> <span class='ocrx_word' id='word_1_444' title='bbox 2064 1399 2168 1436; x_wconf 84' lang='lat' dir='ltr'>Barb.</span> <span class='ocrx_word' id='word_1_445' title='bbox 2198 1400 2305 1448; x_wconf 84' lang='lat' dir='ltr'>prim.</span> <span class='ocrx_word' id='word_1_446' title='bbox 2333 1400 2404 1438; x_wconf 91' lang='lat' dir='ltr'>Pe-</span> 
     </span>
     <span class='ocr_line' id='line_1_66' title="bbox 1430 1450 2406 1501; baseline -0.001 -11"><span class='ocrx_word' id='word_1_447' title='bbox 1430 1454 1492 1490; x_wconf 78' lang='lat' dir='ltr'>riz.</span> <span class='ocrx_word' id='word_1_448' title='bbox 1515 1454 1646 1501; x_wconf 74' lang='lat' dir='ltr'>pernix.</span> <span class='ocrx_word' id='word_1_449' title='bbox 1676 1451 1780 1489; x_wconf 76' lang='lat' dir='ltr'>Barb.</span> <span class='ocrx_word' id='word_1_450' title='bbox 1807 1450 1875 1488; x_wconf 81' lang='lat' dir='ltr'>sec.</span> <span class='ocrx_word' id='word_1_451' title='bbox 1900 1452 2045 1500; x_wconf 78' lang='lat' dir='ltr'>pernix,</span> <span class='ocrx_word' id='word_1_452' title='bbox 2068 1453 2117 1486; x_wconf 85' lang='lat' dir='ltr'>al’</span> <span class='ocrx_word' id='word_1_453' title='bbox 2139 1453 2264 1500; x_wconf 81' lang='lat' dir='ltr'>pernis.</span> <span class='ocrx_word' id='word_1_454' title='bbox 2296 1451 2406 1490; x_wconf 74' lang='lat' dir='ltr'>Leid-</span> 
     </span>
     <span class='ocr_line' id='line_1_67' title="bbox 1431 1501 2401 1553; baseline -0.001 -12"><span class='ocrx_word' id='word_1_455' title='bbox 1431 1505 1539 1553; x_wconf 86' lang='lat' dir='ltr'>prim.</span> <span class='ocrx_word' id='word_1_456' title='bbox 1565 1503 1692 1552; x_wconf 82' lang='lat' dir='ltr'>pennis.</span> <span class='ocrx_word' id='word_1_457' title='bbox 1724 1502 1840 1551; x_wconf 85' lang='lat' dir='ltr'>quint.</span> <span class='ocrx_word' id='word_1_458' title='bbox 1866 1503 1902 1539; x_wconf 69' lang='grc' dir='ltr'>ὅ(</span> <span class='ocrx_word' id='word_1_459' title='bbox 1930 1501 2036 1539; x_wconf 88' lang='lat' dir='ltr'>Med.</span> <span class='ocrx_word' id='word_1_460' title='bbox 2062 1503 2130 1539; x_wconf 92' lang='lat' dir='ltr'>sec.</span> <span class='ocrx_word' id='word_1_461' title='bbox 2158 1503 2264 1551; x_wconf 72' lang='lat' dir='ltr'>penis.</span> <span class='ocrx_word' id='word_1_462' title='bbox 2293 1502 2401 1540; x_wconf 91' lang='lat' dir='ltr'>Leid.</span> 
     </span>
     <span class='ocr_line' id='line_1_68' title="bbox 1431 1552 2405 1604; baseline -0.002 -11"><span class='ocrx_word' id='word_1_463' title='bbox 1431 1564 1514 1593; x_wconf 87' lang='lat' dir='ltr'>tert.</span> <span class='ocrx_word' id='word_1_464' title='bbox 1551 1563 1668 1604; x_wconf 82' lang='lat' dir='ltr'>quart.</span> <span class='ocrx_word' id='word_1_465' title='bbox 1699 1554 1832 1602; x_wconf 83' lang='lat' dir='ltr'>Ultraj.</span> <span class='ocrx_word' id='word_1_466' title='bbox 1865 1553 1937 1590; x_wconf 80' lang='lat' dir='ltr'>set.</span> <span class='ocrx_word' id='word_1_467' title='bbox 1970 1552 2073 1590; x_wconf 84' lang='lat' dir='ltr'>Harl.</span> <span class='ocrx_word' id='word_1_468' title='bbox 2096 1554 2216 1590; x_wconf 84' lang='lat' dir='ltr'>Duae.</span> <span class='ocrx_word' id='word_1_469' title='bbox 2248 1561 2405 1603; x_wconf 89' lang='lat' dir='ltr'>uterque</span> 
     </span>
     <span class='ocr_line' id='line_1_69' title="bbox 1427 1604 2406 1658; baseline 0.001 -16"><span class='ocrx_word' id='word_1_470' title='bbox 1427 1608 1563 1658; x_wconf 79' lang='lat' dir='ltr'>pugnis.</span> <span class='ocrx_word' id='word_1_471' title='bbox 1601 1605 1709 1643; x_wconf 82' lang='lat' dir='ltr'>Leid.</span> <span class='ocrx_word' id='word_1_472' title='bbox 1745 1605 1831 1653; x_wconf 71' lang='lat' dir='ltr'>iept.</span> <span class='ocrx_word' id='word_1_473' title='bbox 1861 1606 1972 1653; x_wconf 83' lang='lat' dir='ltr'>pernis</span> <span class='ocrx_word' id='word_1_474' title='bbox 1997 1629 2006 1646; x_wconf 89' lang='lat'>‚</span> <span class='ocrx_word' id='word_1_475' title='bbox 2046 1605 2091 1640; x_wconf 76' lang='lat' dir='ltr'>al&#39;</span> <span class='ocrx_word' id='word_1_476' title='bbox 2118 1606 2250 1654; x_wconf 79' lang='lat' dir='ltr'>pugnis·</span> <span class='ocrx_word' id='word_1_477' title='bbox 2272 1604 2406 1654; x_wconf 75' lang='lat' dir='ltr'>Ultl‘aj.</span> 
     </span>
     <span class='ocr_line' id='line_1_70' title="bbox 1434 1655 2406 1706; baseline -0.001 -11"><span class='ocrx_word' id='word_1_478' title='bbox 1434 1660 1541 1706; x_wconf 74' lang='lat' dir='ltr'>prim.</span> <span class='ocrx_word' id='word_1_479' title='bbox 1576 1660 1747 1693; x_wconf 69' lang='lat' dir='ltr'>Protinus.</span> <span class='ocrx_word' id='word_1_480' title='bbox 1775 1657 1884 1703; x_wconf 55' lang='lat' dir='ltr'>hlog.</span> <span class='ocrx_word' id='word_1_481' title='bbox 1922 1655 2061 1703; x_wconf 80' lang='lat' dir='ltr'>Pugnis.</span> <span class='ocrx_word' id='word_1_482' title='bbox 2095 1655 2298 1704; x_wconf 80' lang='lat' dir='ltr'>Theophil.</span> <span class='ocrx_word' id='word_1_483' title='bbox 2335 1668 2406 1694; x_wconf 86' lang='lat' dir='ltr'>no-</span> 
     </span>
     <span class='ocr_line' id='line_1_71' title="bbox 1435 1706 2405 1756; baseline -0.004 -10"><span class='ocrx_word' id='word_1_484' title='bbox 1435 1718 1498 1746; x_wconf 88' lang='lat' dir='ltr'>tat.</span> <span class='ocrx_word' id='word_1_485' title='bbox 1528 1710 1655 1744; x_wconf 65' lang='lat' dir='ltr'>Nervis</span> <span class='ocrx_word' id='word_1_486' title='bbox 1673 1735 1682 1752; x_wconf 89' lang='lat'>,</span> <span class='ocrx_word' id='word_1_487' title='bbox 1724 1708 1863 1756; x_wconf 82' lang='lat' dir='ltr'>antiqui</span> <span class='ocrx_word' id='word_1_488' title='bbox 1900 1706 2060 1742; x_wconf 82' lang='lat' dir='ltr'>Codices</span> <span class='ocrx_word' id='word_1_489' title='bbox 2097 1706 2233 1743; x_wconf 86' lang='lat' dir='ltr'>habent</span> <span class='ocrx_word' id='word_1_490' title='bbox 2269 1708 2405 1753; x_wconf 78' lang='lat' dir='ltr'>pernis,</span> 
     </span>
     <span class='ocr_line' id='line_1_72' title="bbox 1437 1755 2404 1805; baseline -0.001 -9"><span class='ocrx_word' id='word_1_491' title='bbox 1437 1760 1459 1796; x_wconf 91' lang='lat' dir='ltr'>i.</span> <span class='ocrx_word' id='word_1_492' title='bbox 1473 1771 1504 1796; x_wconf 93' lang='lat' dir='ltr'>e.</span> <span class='ocrx_word' id='word_1_493' title='bbox 1534 1758 1700 1796; x_wconf 85' lang='lat' dir='ltr'>calcibus.</span> <span class='ocrx_word' id='word_1_494' title='bbox 1720 1760 1851 1794; x_wconf 67' lang='lat' dir='ltr'>Nervis</span> <span class='ocrx_word' id='word_1_495' title='bbox 1867 1755 2017 1792; x_wconf 79' lang='lat' dir='ltr'>contudit</span> <span class='ocrx_word' id='word_1_496' title='bbox 2030 1783 2039 1799; x_wconf 85' lang='lat'>‚</span> <span class='ocrx_word' id='word_1_497' title='bbox 2062 1755 2087 1792; x_wconf 85' lang='lat' dir='ltr'>fi</span> <span class='ocrx_word' id='word_1_498' title='bbox 2109 1757 2224 1804; x_wconf 88' lang='lat' dir='ltr'>potest</span> <span class='ocrx_word' id='word_1_499' title='bbox 2244 1757 2404 1805; x_wconf 82' lang='lat' dir='ltr'>placere,</span> 
     </span>
     <span class='ocr_line' id='line_1_73' title="bbox 1438 1807 2410 1858; baseline -0.001 -11"><span class='ocrx_word' id='word_1_500' title='bbox 1438 1810 1529 1847; x_wconf 88' lang='lat' dir='ltr'>nihil</span> <span class='ocrx_word' id='word_1_501' title='bbox 1559 1809 1657 1846; x_wconf 84' lang='lat' dir='ltr'>aliud</span> <span class='ocrx_word' id='word_1_502' title='bbox 1684 1808 1920 1858; x_wconf 79' lang='lat' dir='ltr'>significabit,</span> <span class='ocrx_word' id='word_1_503' title='bbox 1941 1818 2053 1855; x_wconf 85' lang='lat' dir='ltr'>quam</span> <span class='ocrx_word' id='word_1_504' title='bbox 2075 1807 2177 1856; x_wconf 86' lang='lat' dir='ltr'>quod</span> <span class='ocrx_word' id='word_1_505' title='bbox 2196 1809 2276 1855; x_wconf 79' lang='lat' dir='ltr'>jam</span> <span class='ocrx_word' id='word_1_506' title='bbox 2308 1808 2410 1846; x_wconf 84' lang='lat' dir='ltr'>dixe-</span> 
     </span>
     <span class='ocr_line' id='line_1_74' title="bbox 1437 1857 2410 1911; baseline -0.001 -13"><span class='ocrx_word' id='word_1_507' title='bbox 1437 1870 1490 1898; x_wconf 85' lang='lat' dir='ltr'>rat</span> <span class='ocrx_word' id='word_1_508' title='bbox 1514 1889 1524 1905; x_wconf 88' lang='lat'><strong>,</strong></span> <span class='ocrx_word' id='word_1_509' title='bbox 1554 1861 1705 1911; x_wconf 73' lang='lat' dir='ltr'>flagellis</span> <span class='ocrx_word' id='word_1_510' title='bbox 1740 1857 1864 1896; x_wconf 74' lang='lat' dir='ltr'>cecidit.</span> <span class='ocrx_word' id='word_1_511' title='bbox 1914 1858 1989 1895; x_wconf 90' lang='lat' dir='ltr'>Hic</span> <span class='ocrx_word' id='word_1_512' title='bbox 2017 1869 2107 1895; x_wconf 86' lang='lat' dir='ltr'>vero</span> <span class='ocrx_word' id='word_1_513' title='bbox 2137 1858 2233 1896; x_wconf 84' lang='lat' dir='ltr'>aliud</span> <span class='ocrx_word' id='word_1_514' title='bbox 2263 1871 2410 1908; x_wconf 81' lang='lat' dir='ltr'>poenae</span> 
     </span>
     <span class='ocr_line' id='line_1_75' title="bbox 1435 1909 2406 1960; baseline -0.001 -11"><span class='ocrx_word' id='word_1_515' title='bbox 1435 1923 1550 1960; x_wconf 82' lang='lat' dir='ltr'>genus</span> <span class='ocrx_word' id='word_1_516' title='bbox 1576 1910 1729 1948; x_wconf 82' lang='lat' dir='ltr'>indicari</span> <span class='ocrx_word' id='word_1_517' title='bbox 1757 1909 1921 1952; x_wconf 60' lang='lat' dir='ltr'>videtum</span> <span class='ocrx_word' id='word_1_518' title='bbox 1961 1921 2049 1946; x_wconf 81' lang='lat' dir='ltr'>nam</span> <span class='ocrx_word' id='word_1_519' title='bbox 2079 1909 2217 1946; x_wconf 73' lang='lat' dir='ltr'>diversa</span> <span class='ocrx_word' id='word_1_520' title='bbox 2246 1911 2406 1949; x_wconf 88' lang='lat' dir='ltr'>omnino</span> 
     </span>
     <span class='ocr_line' id='line_1_76' title="bbox 1434 1959 2405 2011; baseline -0.001 -11"><span class='ocrx_word' id='word_1_521' title='bbox 1434 1963 1696 2011; x_wconf 84' lang='lat' dir='ltr'>suppliciorum</span> <span class='ocrx_word' id='word_1_522' title='bbox 1718 1973 1855 2009; x_wconf 86' lang='lat' dir='ltr'>genera</span> <span class='ocrx_word' id='word_1_523' title='bbox 1876 1959 2069 1998; x_wconf 57' lang='lat' dir='ltr'>audlorem</span> <span class='ocrx_word' id='word_1_524' title='bbox 2095 1972 2314 1998; x_wconf 78' lang='lat' dir='ltr'>enumerare</span> <span class='ocrx_word' id='word_1_525' title='bbox 2333 1974 2405 1999; x_wconf 88' lang='lat' dir='ltr'>vo-</span> 
     </span>
     <span class='ocr_line' id='line_1_77' title="bbox 1436 2011 2412 2062; baseline -0.002 -11"><span class='ocrx_word' id='word_1_526' title='bbox 1436 2013 1538 2051; x_wconf 86' lang='lat' dir='ltr'>luiffe</span> <span class='ocrx_word' id='word_1_527' title='bbox 1563 2013 1744 2050; x_wconf 82' lang='lat' dir='ltr'>existimo.</span> <span class='ocrx_word' id='word_1_528' title='bbox 1795 2013 1877 2060; x_wconf 81' lang='lat' dir='ltr'>Jam</span> <span class='ocrx_word' id='word_1_529' title='bbox 1898 2023 1989 2049; x_wconf 85' lang='lat' dir='ltr'>vero</span> <span class='ocrx_word' id='word_1_530' title='bbox 2008 2014 2129 2062; x_wconf 78' lang='lat' dir='ltr'>pugnis</span> <span class='ocrx_word' id='word_1_531' title='bbox 2147 2012 2341 2048; x_wconf 79' lang='lat' dir='ltr'>contundere</span> <span class='ocrx_word' id='word_1_532' title='bbox 2357 2011 2412 2049; x_wconf 91' lang='lat' dir='ltr'>le-</span> 
     </span>
     <span class='ocr_line' id='line_1_78' title="bbox 1438 2062 2412 2113; baseline -0.001 -11"><span class='ocrx_word' id='word_1_533' title='bbox 1438 2066 1519 2102; x_wconf 84' lang='lat' dir='ltr'>vius</span> <span class='ocrx_word' id='word_1_534' title='bbox 1540 2064 1611 2109; x_wconf 86' lang='lat' dir='ltr'>est,</span> <span class='ocrx_word' id='word_1_535' title='bbox 1635 2075 1746 2113; x_wconf 85' lang='lat' dir='ltr'>quam</span> <span class='ocrx_word' id='word_1_536' title='bbox 1769 2075 1837 2111; x_wconf 86' lang='lat' dir='ltr'>pro</span> <span class='ocrx_word' id='word_1_537' title='bbox 1863 2063 2041 2111; x_wconf 80' lang='lat' dir='ltr'>gravitate</span> <span class='ocrx_word' id='word_1_538' title='bbox 2064 2062 2185 2100; x_wconf 64' lang='lat' dir='ltr'>delicii</span> <span class='ocrx_word' id='word_1_539' title='bbox 2200 2089 2209 2106; x_wconf 89' lang='lat'>,</span> <span class='ocrx_word' id='word_1_540' title='bbox 2237 2071 2300 2100; x_wconf 88' lang='lat' dir='ltr'>aut</span> <span class='ocrx_word' id='word_1_541' title='bbox 2318 2076 2412 2112; x_wconf 90' lang='lat' dir='ltr'>poe-</span> 
     </span>
     <span class='ocr_line' id='line_1_79' title="bbox 1438 2113 2414 2166; baseline -0.002 -12"><span class='ocrx_word' id='word_1_542' title='bbox 1438 2128 1524 2161; x_wconf 80' lang='lat' dir='ltr'>nae,</span> <span class='ocrx_word' id='word_1_543' title='bbox 1538 2127 1632 2166; x_wconf 85' lang='lat' dir='ltr'>quae</span> <span class='ocrx_word' id='word_1_544' title='bbox 1655 2114 1783 2151; x_wconf 81' lang='lat' dir='ltr'>ceteris</span> <span class='ocrx_word' id='word_1_545' title='bbox 1800 2113 1970 2162; x_wconf 72' lang='lat' dir='ltr'>imposita</span> <span class='ocrx_word' id='word_1_546' title='bbox 1989 2113 2050 2150; x_wconf 89' lang='lat' dir='ltr'>hic</span> <span class='ocrx_word' id='word_1_547' title='bbox 2071 2115 2414 2152; x_wconf 85' lang='lat' dir='ltr'>memoratur.Bar—</span> 
     </span>
     <span class='ocr_line' id='line_1_80' title="bbox 1439 2163 2411 2215; baseline -0.003 -9"><span class='ocrx_word' id='word_1_548' title='bbox 1439 2169 1533 2206; x_wconf 82' lang='lat' dir='ltr'>thius</span> <span class='ocrx_word' id='word_1_549' title='bbox 1561 2166 1722 2215; x_wconf 87' lang='lat' dir='ltr'>conjecit</span> <span class='ocrx_word' id='word_1_550' title='bbox 1743 2168 1862 2201; x_wconf 83' lang='lat' dir='ltr'>Pernis</span> <span class='ocrx_word' id='word_1_551' title='bbox 1890 2163 2027 2200; x_wconf 63' lang='lat' dir='ltr'>contidit</span> <span class='ocrx_word' id='word_1_552' title='bbox 2044 2193 2053 2208; x_wconf 93' lang='lat'>‚</span> <span class='ocrx_word' id='word_1_553' title='bbox 2083 2174 2121 2202; x_wconf 91' lang='lat' dir='ltr'>ut</span> <span class='ocrx_word' id='word_1_554' title='bbox 2154 2164 2199 2202; x_wconf 88' lang='lat' dir='ltr'>de</span> <span class='ocrx_word' id='word_1_555' title='bbox 2227 2165 2411 2204; x_wconf 82' lang='lat' dir='ltr'>Annibale</span> 
     </span>
     <span class='ocr_line' id='line_1_81' title="bbox 1440 2215 2246 2264; baseline -0.005 -7"><span class='ocrx_word' id='word_1_556' title='bbox 1440 2219 1592 2258; x_wconf 84' lang='lat' dir='ltr'>Ennius.</span> <span class='ocrx_word' id='word_1_557' title='bbox 1645 2217 1742 2255; x_wconf 88' lang='lat' dir='ltr'>Vide</span> <span class='ocrx_word' id='word_1_558' title='bbox 1761 2216 1849 2253; x_wconf 86' lang='lat' dir='ltr'>Fest.</span> <span class='ocrx_word' id='word_1_559' title='bbox 1877 2215 1913 2252; x_wconf 87' lang='lat' dir='ltr'>in</span> <span class='ocrx_word' id='word_1_560' title='bbox 1933 2227 2028 2253; x_wconf 87' lang='lat' dir='ltr'>voce</span> <span class='ocrx_word' id='word_1_561' title='bbox 2039 2218 2246 2264; x_wconf 60' lang='lat' dir='ltr'>fiappernati.</span> 
     </span>
    </p>

    <p class='ocr_par' dir='ltr' id='par_1_15' title="bbox 1441 2266 2423 2829">
     <span class='ocr_line' id='line_1_82' title="bbox 1491 2266 2311 2317; baseline -0.002 -11"><span class='ocrx_word' id='word_1_562' title='bbox 1491 2273 1580 2307; x_wconf 89' lang='lat' dir='ltr'>Heis</span> <span class='ocrx_word' id='word_1_563' title='bbox 1596 2280 1717 2316; x_wconf 75' lang='lat' dir='ltr'>pernas</span> <span class='ocrx_word' id='word_1_564' title='bbox 1729 2266 1870 2316; x_wconf 78' lang='lat' dir='ltr'>succidit</span> <span class='ocrx_word' id='word_1_565' title='bbox 1890 2268 2008 2317; x_wconf 76' lang='lat' dir='ltr'>iniqua</span> <span class='ocrx_word' id='word_1_566' title='bbox 2021 2267 2177 2314; x_wconf 71' lang='lat' dir='ltr'>superbia</span> <span class='ocrx_word' id='word_1_567' title='bbox 2200 2267 2311 2304; x_wconf 77' lang='lat' dir='ltr'>Poeni.</span> 
     </span>
     <span class='ocr_line' id='line_1_83' title="bbox 1443 2318 2416 2360; baseline -0.003 -1"><span class='ocrx_word' id='word_1_568' title='bbox 1443 2322 1617 2360; x_wconf 87' lang='lat' dir='ltr'>Similiter</span> <span class='ocrx_word' id='word_1_569' title='bbox 1637 2320 1748 2357; x_wconf 85' lang='lat' dir='ltr'>etiam</span> <span class='ocrx_word' id='word_1_570' title='bbox 1769 2319 1914 2356; x_wconf 88' lang='lat' dir='ltr'>locutus</span> <span class='ocrx_word' id='word_1_571' title='bbox 1937 2318 2112 2355; x_wconf 86' lang='lat' dir='ltr'>Catullus.</span> <span class='ocrx_word' id='word_1_572' title='bbox 2156 2319 2255 2355; x_wconf 85' lang='lat' dir='ltr'>Vide</span> <span class='ocrx_word' id='word_1_573' title='bbox 2276 2318 2324 2356; x_wconf 85' lang='lat' dir='ltr'>ibi</span> <span class='ocrx_word' id='word_1_574' title='bbox 2342 2330 2416 2356; x_wconf 91' lang='lat' dir='ltr'>no-</span> 
     </span>
     <span class='ocr_line' id='line_1_84' title="bbox 1442 2369 2411 2419; baseline -0.005 -8"><span class='ocrx_word' id='word_1_575' title='bbox 1442 2383 1495 2411; x_wconf 82' lang='lat' dir='ltr'>tas</span> <span class='ocrx_word' id='word_1_576' title='bbox 1518 2372 1697 2419; x_wconf 78' lang='lat' dir='ltr'>Scaligeri.</span> <span class='ocrx_word' id='word_1_577' title='bbox 1748 2371 1927 2408; x_wconf 88' lang='lat' dir='ltr'>Ceterum</span> <span class='ocrx_word' id='word_1_578' title='bbox 1950 2381 2013 2406; x_wconf 88' lang='lat' dir='ltr'>cur</span> <span class='ocrx_word' id='word_1_579' title='bbox 2031 2381 2108 2406; x_wconf 87' lang='lat' dir='ltr'>non</span> <span class='ocrx_word' id='word_1_580' title='bbox 2131 2371 2168 2407; x_wconf 69' lang='lat'>8&lt;</span> <span class='ocrx_word' id='word_1_581' title='bbox 2189 2369 2308 2406; x_wconf 83' lang='lat' dir='ltr'>noster</span> <span class='ocrx_word' id='word_1_582' title='bbox 2329 2377 2411 2406; x_wconf 88' lang='lat' dir='ltr'>tum</span> 
     </span>
     <span class='ocr_line' id='line_1_85' title="bbox 1444 2419 2416 2474; baseline -0.006 -12"><span class='ocrx_word' id='word_1_583' title='bbox 1444 2425 1567 2474; x_wconf 85' lang='lat' dir='ltr'>potius</span> <span class='ocrx_word' id='word_1_584' title='bbox 1586 2423 1675 2460; x_wconf 82' lang='lat' dir='ltr'>dixit</span> <span class='ocrx_word' id='word_1_585' title='bbox 1691 2433 1810 2469; x_wconf 78' lang='lat' dir='ltr'>pernas</span> <span class='ocrx_word' id='word_1_586' title='bbox 1824 2419 1994 2470; x_wconf 72' lang='lat' dir='ltr'>succidit?</span> <span class='ocrx_word' id='word_1_587' title='bbox 2022 2432 2107 2457; x_wconf 84' lang='lat' dir='ltr'>nam</span> <span class='ocrx_word' id='word_1_588' title='bbox 2131 2420 2294 2468; x_wconf 72' lang='lat' dir='ltr'>succidere</span> <span class='ocrx_word' id='word_1_589' title='bbox 2312 2420 2349 2457; x_wconf 91' lang='lat' dir='ltr'>in</span> <span class='ocrx_word' id='word_1_590' title='bbox 2372 2432 2416 2457; x_wconf 89' lang='lat' dir='ltr'>ea</span> 
     </span>
     <span class='ocr_line' id='line_1_86' title="bbox 1445 2469 2420 2521; baseline -0.006 -8"><span class='ocrx_word' id='word_1_591' title='bbox 1445 2488 1483 2513; x_wconf 88' lang='lat' dir='ltr'>re</span> <span class='ocrx_word' id='word_1_592' title='bbox 1514 2475 1669 2513; x_wconf 86' lang='lat' dir='ltr'>verbum</span> <span class='ocrx_word' id='word_1_593' title='bbox 1700 2474 1859 2510; x_wconf 86' lang='lat' dir='ltr'>omnino</span> <span class='ocrx_word' id='word_1_594' title='bbox 1890 2471 1938 2508; x_wconf 86' lang='lat' dir='ltr'>est</span> <span class='ocrx_word' id='word_1_595' title='bbox 1966 2473 2168 2521; x_wconf 87' lang='lat' dir='ltr'>proprium.</span> <span class='ocrx_word' id='word_1_596' title='bbox 2191 2473 2235 2509; x_wconf 89' lang='lat' dir='ltr'>&#39;ut</span> <span class='ocrx_word' id='word_1_597' title='bbox 2255 2469 2420 2519; x_wconf 83' lang='lat' dir='ltr'>succidere</span> 
     </span>
     <span class='ocr_line' id='line_1_87' title="bbox 1441 2521 2421 2576; baseline -0.003 -13"><span class='ocrx_word' id='word_1_598' title='bbox 1441 2528 1596 2576; x_wconf 77' lang='lat' dir='ltr'>poplites.</span> <span class='ocrx_word' id='word_1_599' title='bbox 1617 2524 1703 2562; x_wconf 76' lang='lat' dir='ltr'>vide</span> <span class='ocrx_word' id='word_1_600' title='bbox 1725 2524 1781 2561; x_wconf 91' lang='lat' dir='ltr'>Cl.</span> <span class='ocrx_word' id='word_1_601' title='bbox 1803 2524 1975 2561; x_wconf 84' lang='lat' dir='ltr'>Burman.</span> <span class='ocrx_word' id='word_1_602' title='bbox 1996 2522 2042 2560; x_wconf 88' lang='lat' dir='ltr'>ad</span> <span class='ocrx_word' id='word_1_603' title='bbox 2059 2523 2208 2560; x_wconf 86' lang='lat' dir='ltr'>Petron.</span> <span class='ocrx_word' id='word_1_604' title='bbox 2242 2533 2272 2559; x_wconf 88' lang='lat' dir='ltr'>c.</span> <span class='ocrx_word' id='word_1_605' title='bbox 2288 2535 2318 2560; x_wconf 84' lang='lat'>1.</span> <span class='ocrx_word' id='word_1_606' title='bbox 2347 2521 2421 2560; x_wconf 81' lang='lat' dir='ltr'>Sed</span> 
     </span>
     <span class='ocr_line' id='line_1_88' title="bbox 1448 2573 2417 2627; baseline -0.006 -11"><span class='ocrx_word' id='word_1_607' title='bbox 1448 2579 1578 2627; x_wconf 85' lang='lat' dir='ltr'>&amp;ipsa</span> <span class='ocrx_word' id='word_1_608' title='bbox 1609 2587 1705 2614; x_wconf 87' lang='lat' dir='ltr'>voce</span> <span class='ocrx_word' id='word_1_609' title='bbox 1735 2576 1845 2622; x_wconf 83' lang='lat' dir='ltr'>pernis</span> <span class='ocrx_word' id='word_1_610' title='bbox 1874 2578 1941 2611; x_wconf 88' lang='lat' dir='ltr'>cur</span> <span class='ocrx_word' id='word_1_611' title='bbox 1965 2575 2088 2623; x_wconf 87' lang='lat' dir='ltr'>potius</span> <span class='ocrx_word' id='word_1_612' title='bbox 2120 2575 2198 2611; x_wconf 79' lang='lat' dir='ltr'>usus</span> <span class='ocrx_word' id='word_1_613' title='bbox 2228 2573 2274 2611; x_wconf 92' lang='lat' dir='ltr'>est</span> <span class='ocrx_word' id='word_1_614' title='bbox 2303 2585 2417 2623; x_wconf 88' lang='lat' dir='ltr'>quam</span> 
     </span>
     <span class='ocr_line' id='line_1_89' title="bbox 1444 2623 2420 2678; baseline -0.005 -13"><span class='ocrx_word' id='word_1_615' title='bbox 1444 2629 1650 2678; x_wconf 76' lang='lat' dir='ltr'>poplitibus,</span> <span class='ocrx_word' id='word_1_616' title='bbox 1677 2626 1702 2663; x_wconf 84' lang='lat' dir='ltr'><strong>fi</strong></span> <span class='ocrx_word' id='word_1_617' title='bbox 1730 2626 1829 2664; x_wconf 87' lang='lat' dir='ltr'>idem</span> <span class='ocrx_word' id='word_1_618' title='bbox 1858 2625 2058 2674; x_wconf 72' lang='lat' dir='ltr'>significare</span> <span class='ocrx_word' id='word_1_619' title='bbox 2087 2623 2234 2662; x_wconf 87' lang='lat' dir='ltr'>voluit?</span> <span class='ocrx_word' id='word_1_620' title='bbox 2271 2632 2312 2661; x_wconf 91' lang='lat' dir='ltr'>ut</span> <span class='ocrx_word' id='word_1_621' title='bbox 2340 2625 2420 2661; x_wconf 89' lang='lat' dir='ltr'>En-</span> 
     </span>
     <span class='ocr_line' id='line_1_90' title="bbox 1450 2676 2421 2725; baseline -0.004 -9"><span class='ocrx_word' id='word_1_622' title='bbox 1450 2681 1553 2718; x_wconf 89' lang='lat' dir='ltr'>nium</span> <span class='ocrx_word' id='word_1_623' title='bbox 1578 2677 1809 2717; x_wconf 81' lang='lat' dir='ltr'>imitaretur?</span> <span class='ocrx_word' id='word_1_624' title='bbox 1838 2689 1884 2714; x_wconf 84' lang='lat' dir='ltr'>an</span> <span class='ocrx_word' id='word_1_625' title='bbox 1914 2676 2030 2715; x_wconf 77' lang='lat' dir='ltr'>hausit</span> <span class='ocrx_word' id='word_1_626' title='bbox 2050 2688 2094 2713; x_wconf 79' lang='lat' dir='ltr'>ex</span> <span class='ocrx_word' id='word_1_627' title='bbox 2115 2676 2240 2725; x_wconf 83' lang='lat' dir='ltr'>aliquo</span> <span class='ocrx_word' id='word_1_628' title='bbox 2261 2676 2421 2725; x_wconf 83' lang='lat' dir='ltr'>antiqui—</span> 
     </span>
     <span class='ocr_line' id='line_1_91' title="bbox 1454 2726 2423 2780; baseline -0.004 -13"><span class='ocrx_word' id='word_1_629' title='bbox 1454 2743 1518 2767; x_wconf 84' lang='lat' dir='ltr'>ore</span> <span class='ocrx_word' id='word_1_630' title='bbox 1539 2735 1651 2780; x_wconf 83' lang='lat' dir='ltr'>po&#39;e&#39;ta</span> <span class='ocrx_word' id='word_1_631' title='bbox 1665 2759 1675 2775; x_wconf 89' lang='lat'>‚</span> <span class='ocrx_word' id='word_1_632' title='bbox 1704 2731 1805 2778; x_wconf 83' lang='lat' dir='ltr'>cujus</span> <span class='ocrx_word' id='word_1_633' title='bbox 1824 2727 1935 2766; x_wconf 78' lang='lat' dir='ltr'>verba</span> <span class='ocrx_word' id='word_1_634' title='bbox 1956 2726 2133 2766; x_wconf 80' lang='lat' dir='ltr'>retinuit?</span> <span class='ocrx_word' id='word_1_635' title='bbox 2163 2728 2339 2770; x_wconf 84' lang='lat' dir='ltr'>Haereo;</span> <span class='ocrx_word' id='word_1_636' title='bbox 2368 2727 2423 2763; x_wconf 83' lang='lat' dir='ltr'>fa-</span> 
     </span>
     <span class='ocr_line' id='line_1_92' title="bbox 1452 2777 2344 2829; baseline -0.006 -11"><span class='ocrx_word' id='word_1_637' title='bbox 1452 2789 1535 2819; x_wconf 88' lang='lat' dir='ltr'>teor</span> <span class='ocrx_word' id='word_1_638' title='bbox 1549 2811 1558 2826; x_wconf 93' lang='lat'>‚</span> <span class='ocrx_word' id='word_1_639' title='bbox 1582 2794 1666 2820; x_wconf 89' lang='lat' dir='ltr'>cum</span> <span class='ocrx_word' id='word_1_640' title='bbox 1691 2779 1819 2829; x_wconf 86' lang='lat' dir='ltr'>Lipfio</span> <span class='ocrx_word' id='word_1_641' title='bbox 1833 2809 1842 2825; x_wconf 93' lang='lat'>‚</span> <span class='ocrx_word' id='word_1_642' title='bbox 1870 2781 1907 2817; x_wconf 74' lang='grc' dir='ltr'>ὅ(</span> <span class='ocrx_word' id='word_1_643' title='bbox 1927 2778 2179 2828; x_wconf 82' lang='lat' dir='ltr'>ampliandum</span> <span class='ocrx_word' id='word_1_644' title='bbox 2201 2777 2344 2814; x_wconf 85' lang='lat' dir='ltr'>censeo.</span> 
     </span>
    </p>

    <p class='ocr_par' dir='ltr' id='par_1_16' title="bbox 1451 2828 2423 2979">
     <span class='ocr_line' id='line_1_93' title="bbox 1506 2828 2423 2881; baseline -0.003 -12"><span class='ocrx_word' id='word_1_645' title='bbox 1506 2846 1564 2881; x_wconf 78' lang='lat'>55.</span> <span class='ocrx_word' id='word_1_646' title='bbox 1594 2832 1699 2869; x_wconf 78' lang='lat' dir='ltr'>Carbo</span> <span class='ocrx_word' id='word_1_647' title='bbox 1720 2834 1900 2871; x_wconf 64' lang='lat' dir='ltr'>„Acceinus</span> <span class='ocrx_word' id='word_1_648' title='bbox 1927 2845 1948 2867; x_wconf 87' lang='lat' dir='ltr'><em>a</em></span> <span class='ocrx_word' id='word_1_649' title='bbox 1970 2828 2128 2878; x_wconf 74' lang='lat' dir='ltr'>Vibieno]</span> <span class='ocrx_word' id='word_1_650' title='bbox 2159 2828 2267 2866; x_wconf 82' lang='lat' dir='ltr'>MSS.</span> <span class='ocrx_word' id='word_1_651' title='bbox 2288 2828 2423 2866; x_wconf 66' lang='grc' dir='ltr'>,Λὲἳίσ-</span> 
     </span>
     <span class='ocr_line' id='line_1_94' title="bbox 1451 2879 2422 2928; baseline -0.008 -7"><span class='ocrx_word' id='word_1_652' title='bbox 1451 2896 1534 2925; x_wconf 74' lang='lat' dir='ltr'>nus,</span> <span class='ocrx_word' id='word_1_653' title='bbox 1562 2884 1788 2928; x_wconf 58' lang='lat' dir='ltr'>stabimus,</span> <span class='ocrx_word' id='word_1_654' title='bbox 1813 2883 2006 2926; x_wconf 47' lang='lat' dir='ltr'>tsi-vienus,</span> <span class='ocrx_word' id='word_1_655' title='bbox 2035 2883 2235 2923; x_wconf 50' lang='lat' dir='ltr'>Uiuimus,</span> <span class='ocrx_word' id='word_1_656' title='bbox 2260 2879 2422 2919; x_wconf 65' lang='lat' dir='ltr'>eAcilius.</span> 
     </span>
     <span class='ocr_line' id='line_1_95' title="bbox 1451 2927 2421 2979; baseline -0.007 -10"><span class='ocrx_word' id='word_1_657' title='bbox 1451 2933 1600 2971; x_wconf 90' lang='lat' dir='ltr'>Deinde</span> <span class='ocrx_word' id='word_1_658' title='bbox 1619 2949 1640 2969; x_wconf 83' lang='lat' dir='ltr'><em>a</em></span> <span class='ocrx_word' id='word_1_659' title='bbox 1660 2934 1790 2971; x_wconf 74' lang='lat' dir='ltr'>Bibieno</span> <span class='ocrx_word' id='word_1_660' title='bbox 1804 2963 1813 2976; x_wconf 90' lang='lat'><em>,</em></span> <span class='ocrx_word' id='word_1_661' title='bbox 1838 2942 1878 2971; x_wconf 89' lang='lat' dir='ltr'>ut</span> <span class='ocrx_word' id='word_1_662' title='bbox 1900 2933 1958 2970; x_wconf 87' lang='lat' dir='ltr'>edi</span> <span class='ocrx_word' id='word_1_663' title='bbox 1977 2942 2061 2971; x_wconf 88' lang='lat' dir='ltr'>ante</span> <span class='ocrx_word' id='word_1_664' title='bbox 2079 2932 2249 2979; x_wconf 78' lang='lat' dir='ltr'>Pighium</span> <span class='ocrx_word' id='word_1_665' title='bbox 2269 2927 2421 2971; x_wconf 80' lang='lat' dir='ltr'>solebat,</span> 
     </span>
    </p>
   </div>
   <div class='ocr_carea' id='block_1_7' title="bbox 1450 2977 2422 3079">
    <p class='ocr_par' dir='ltr' id='par_1_17' title="bbox 1450 2977 2422 3079">
     <span class='ocr_line' id='line_1_96' title="bbox 1450 2977 2420 3026; baseline -0.007 -4"><span class='ocrx_word' id='word_1_666' title='bbox 1450 2983 1557 3022; x_wconf 80' lang='lat' dir='ltr'>vela</span> <span class='ocrx_word' id='word_1_667' title='bbox 1589 2984 1740 3026; x_wconf 71' lang='lat' dir='ltr'>Vibieno.</span> <span class='ocrx_word' id='word_1_668' title='bbox 1793 2985 2017 3024; x_wconf 84' lang='lat' dir='ltr'>Torrentius</span> <span class='ocrx_word' id='word_1_669' title='bbox 2045 2983 2091 3022; x_wconf 85' lang='lat' dir='ltr'>ad</span> <span class='ocrx_word' id='word_1_670' title='bbox 2118 2983 2250 3020; x_wconf 84' lang='lat' dir='ltr'>Horat.</span> <span class='ocrx_word' id='word_1_671' title='bbox 2283 2991 2314 3017; x_wconf 89' lang='lat'>1.</span> <span class='ocrx_word' id='word_1_672' title='bbox 2349 2977 2420 3015; x_wconf 82' lang='lat' dir='ltr'>Sat.</span> 
     </span>
     <span class='ocr_line' id='line_1_97' title="bbox 2315 3040 2422 3079; baseline 0.009 -13"><span class='ocrx_word' id='word_1_673' title='bbox 2315 3040 2422 3079; x_wconf 59' lang='lat'>237.</span> 
     </span>
    </p>
   </div>
  </div>
 </body>
</html>
