2516 3509
308 174 326 179 „
745 132 883 187 DE
996 133 1562 193 SOMNIOES.
2078 105 2148 208 9't

142 245 183 281 93
205 243 445 308 Megaram
464 249 707 288 venerunt:
746 256 946 304 quorum
981 247 1026 279 9⁹
1049 242 1160 290 alter
1180 243 1234 290 ad
1266 243 1494 308 hospitem
1527 241 1569 288 se
1600 241 1828 303 contulit,
1861 241 1973 290 alter
2002 241 2049 288 in
2081 253 2150 289 ta·⁸²

140 310 324 372 bernam
344 322 623 369 meritoriam
650 320 862 367 devertit.
905 327 964 348 ¹00
987 322 1055 382 IS,
1078 324 1154 386 qui
1185 326 1232 371 in
1263 323 1463 387 hospitio
1484 334 1605 380 erat,
1632 330 1641 348 ¹
1666 322 1783 369 vidit
1812 324 1859 369 in
1880 323 2043 370 somnis
2067 338 2147 368 co-

141 402 301 448 mitem
319 400 449 469 suum
468 412 702 459 orantem,
737 398 893 446 ut'fibi
922 402 1141 465 cauponis
1174 401 1340 448 infidiis
1369 402 1687 454 circumvento
1722 398 1990 448 subveniret.
2026 400 2152 464 poffe

141 480 262 525 enim
301 485 317 505 2
345 477 480 524 celeri
507 479 602 542 ejus
622 474 807 523 accursu
831 474 873 522 se
899 476 1158 524 imminenti
1191 476 1396 541 periculo
1429 472 1644 521 subtrahi.
1713 471 1828 532 Qo
1856 475 1949 520 viso
1979 476 2152 522 excita-

140 571 239 620 tus,
276 558 513 623 prosiluit,
532 557 879 621 tabernamque‚
918 559 965 604 in
983 573 1071 622 qua
1090 560 1125 605 is
1144 555 1474 615 diversabatur‚
1496 569 1651 620 petere
1670 567 1860 602 conatus
1879 553 1956 599 est.
2028 563 2042 592 3
2066 559 2151 603 Pe-

142 638 294 687 stifero
323 637 486 684 deinde
515 636 610 684 fato
643 640 738 702 ejus
780 636 1148 684 humanissimum
1186 634 1478 700 propositum
1517 647 1732 700 tanquam
1780 641 1799 669 4
1828 632 2155 697 supervacuum

137 707 400 778 damnavit.
430 718 479 765 Sc
501 718 670 766 lectum
690 735 742 765 ac
762 717 971 765 somnum
999 717 1204 781 repetiit.'
1265 717 1408 765 Tunc
1432 715 1553 763 idem
1586 718 1627 764 ei
1659 715 1830 763 saucius
1863 715 2042 762 oblatus
2071 714 2156 761 ob-

137 795 350 856 secravit,
385 807 438 842 ut
459 796 538 859 qui
558 795 780 842 auxilium
799 795 918 842 vitae
940 792 1039 840 suae
1057 793 1173 840 ferre
1194 793 1459 857 neglexiffet
1473 828 1488 853 ‚
1513 794 1617 841 neci
1640 792 1795 840 saltem
1815 791 2042 839 ultionem
2061 807 2155 837 non

141 888 342 938 negaret.
412 875 596 938 Corpus
615 876 738 921 enim
759 873 889 919 suum
910 873 935 917 εἴ
955 887 1165 933 caupone
1187 866 1465 918 trucidatum
1480 906 1495 931 ,
1530 886 1633 920 tum
1662 874 1859 919 maxime
1882 872 2080 937 plaustro
2100 869 2157 918 ad

141 968 323 1020 portam
343 954 446 1000 ferri
467 952 661 998 stercore
681 961 971 1012 coopertum.
1040 947 1166 995 Tam
1186 949 1497 996 constantibus
1528 949 1755 997 familiaris
1787 951 1995 1015 precibus
2026 967 2157 999 com-

145 1033 294 1097 pulsus
305 1054 327 1092 ,·
343 1031 551 1096 protinus
569 1030 625 1075 ad
645 1041 828 1088 portam
852 1027 1087 1086 cucurrit,
1123 1025 1171 1073 &
1196 1026 1474 1090 plaustrum,
1495 1026 1623 1092 quod
1640 1027 1688 1073 in
1706 1027 1859 1091 quiete
1877 1025 2153 1072 demonstra*

142 1125 243 1159 tum
267 1124 387 1170 erat,
424 1108 804 1174 comprehendit,
840 1125 1189 1174 cauponemque
1206 1108 1261 1156 ad
1285 1110 1478 1174 capitale
1503 1108 1780 1174 supplicium
1800 1100 2033 1173 perduxit.

141 1239 222 1284 γίοιν
240 1239 442 1290 quandam.
468 1252 557 1279 nam
579 1240 683 1291 quod
712 1240 829 1278 verbo
849 1239 962 1277 videre
982 1239 1123 1278 dicere-

139 1291 278 1335 tur‚·id
296 1291 373 1340 ipso
390 1292 547 1330 nomine
561 1293 703 1341 somniis
717 1291 1031 1343 jaminvolvitur.
1057 1292 1123 1339 Ju-

138 1342 249 1379 stinus
276 1356 308 1386 Ι,
329 1355 361 1389 4.
379 1346 446 1380 Per
455 1346 609 1392 somnum
627 1342 719 1380 vidit
739 1358 780 1379 ex
799 1342 1012 1380 naturalibus
1022 1344 1123 1390 filiae

143 1401 222 1430 (76.
249 1394 326 1431 Ubi
343 1405 402 1443 per
413 1397 565 1442 somnum
578 1395 626 1432 est
644 1407 713 1443 pro
731 1396 766 1431 in
777 1397 903 1442 somno.
924 1393 1121 1433 VORST.

145 1444 242 1492 Cop.
270 1445 307 1482 in
327 1448 453 1493 somno.
512 1446 583 1483 Sed
610 1447 648 1483 in
668 1448 795 1492 somnis
813 1445 883 1482 Ed.
900 1446 1009 1494 Mog.
1033 1456 1120 1483 cum

144 1494 252 1532 Leid.
277 1495 364 1544 sept.
393 1496 512 1546 plures
533 1498 571 1534 &c
597 1497 715 1546 scripti
740 1499 778 1535 &
797 1496 891 1534 Edd.
917 1498 1123 1545 insomniis.

143 1545 367 1584 Leidcfexf.
391 1549 427 1584 in
445 1549 625 1595 somnium.
689 1551 730 1584 In
749 1550 878 1597 somnis
897 1576 908 1591 ,
947 1555 1073 1585 utrum
1101 1546 1123 1585 ὲ

135 1599 267 1645 somnio
287 1596 350 1642 fit,
378 1610 424 1635 an
445 1597 465 1635 a
477 1601 592 1647 fhmno
611 1598 753 1637 dubitat
780 1599 926 1637 Servius
953 1598 999 1636 ad
1020 1599 1124 1648 Virg.

145 1647 192 1685 L.
217 1661 247 1686 1.
268 1649 364 1686 Aen.
385 1661 470 1698 353.

202 1708 214 1717 Χ
242 1700 317 1748 Ipsa
329 1699 391 1748 sed
410 1703 446 1737 in
455 1701 583 1749 somnis
601 1700 768 1738 inhumati
784 1701 879 1738 venit
897 1700 1009 1752 imago

242 1752 414 1800 Conjugis.

146 1799 220 1838 Sed
239 1800 370 1840 reatus
391 1801 412 1840 a
430 1804 542 1847 somno
563 1802 720 1841 duxeris.
856 1833 858 1835 >

190 1864 226 1889 2.
248 1854 355 1889 Celeri
371 1858 442 1899 ejus
458 1853 604 1903 accursu]
629 1855 726 1904 Cop.
746 1855 889 1902 occurfit.
907 1854 1012 1892 Harl.
1029 1854 1125 1891 celeri

141 1905 285 1952 occursu.
320 1904 438 1941 Recte
458 1904 592 1943 forsan.
629 1904 677 1942 fic
704 1906 805 1943 enim
823 1906 930 1955 saepe
948 1920 1123 1950 occurrere,

139 1956 275 1998 venire,
298 1958 429 2005 praesto
465 1956 525 2003 effe
551 1955 597 1993 ad
625 1967 714 2005 opem
729 1956 927 2002 ferendam,
947 1960 1124 2007 suppetias

137 2004 184 2040 ad
199 2004 447 2051 defendendum.
473 2006 574 2044 Vide
591 2008 623 2054 J.
635 2008 690 2045 Fr.
709 2009 950 2046 Gronovium
970 2009 1018 2046 ad
1038 2009 1123 2047 Liv.

143 2054 189 2092 L.
210 2068 336 2094 xxxv1.
356 2070 413 2104 24.
446 2059 484 2096 ὃ(
504 2057 761 2097 Burmannum
790 2059 837 2097 ad
855 2059 990 2110 Vellej.
1013 2061 1058 2097 L.
1079 2072 1124 2098 11.

138 2105 209 2162 §13
223 2106 281 2143 Sic
300 2108 402 2146 Curt.
423 2109 469 2146 L.
489 2120 548 2147 v1.
571 2121 604 2157 7.
626 2123 686 2160 29.
713 2113 916 2161 Occursuque
928 2112 1123 2160 satellitum

140 2155 311 2213 vilnbitus.
331 2162 389 2205 est.
426 2160 472 2197 L.
503 2173 590 2199 vnI.
619 2173 653 2212 3.
682 2174 715 2209 4.
751 2162 963 2210 Percussurus
987 2166 1125 2200 uxorem

137 2206 202 2253 msi
217 2207 401 2256 prolubitus
417 2209 492 2256 esset
504 2213 656 2256 fratrum
673 2215 812 2259 occursu.

193 2269 225 2306 3.
252 2260 407 2313 Pestifero
424 2259 543 2296 deinde
556 2261 652 2310 fato]
681 2262 763 2299 MS.
794 2263 895 2301 addit
924 2268 994 2307 eius
1011 2275 1122 2301 nem-

139 2319 188 2355 pe
202 2309 297 2356 socin-
320 2308 566 2347 PERIZON.
620 2311 757 2348 Omisit
774 2314 948 2349 videlicet
959 2314 1121 2360 Pighius,

142 2359 247 2407 quod
265 2358 448 2397 habebant
475 2371 608 2398 omnes
626 2361 664 2398 ὃς
683 2361 803 2410 scripti
822 2363 861 2401 &
879 2361 990 2407 editi,
1016 2374 1123 2412 pror-

140 2410 197 2447 sus
225 2410 463 2459 negligenter.
828 2456 831 2461 ¹

190 2473 224 2507 4.
250 2467 498 2510 supervacuum
514 2462 716 2507 damna-rie,
728 2471 773 2500 θ’
784 2462 903 2500 lenum
918 2475 957 2501 ac
969 2466 1122 2512 somnum

139 2511 302 2562 repetiit]
343 2513 388 2551 In
416 2514 633 2553 Cauchiano
660 2515 791 2553 codice
816 2515 910 2553 haec
936 2515 1121 2561 diffufius,

138 2566 387 2611 Supervacuum
419 2563 626 2602 damnavit:
663 2564 762 2617 idque
790 2569 897 2615 ‘vistim
930 2579 990 2617 pro
1014 2568 1122 2604 nihilo

139 2611 279 2660 ducens,
304 2616 423 2656 leffium
443 2630 482 2656 ac
492 2619 646 2667 somnum
664 2619 811 2670 repetiit.
846 2618 976 2670 Atque
993 2618 1122 2660 iisdem

1176 1239 1254 1278 fere
1280 1239 1400 1278 verbis
1427 1241 1521 1278 haec
1545 1240 1694 1278 Cicero.
1746 1237 1895 1282 Deinde,
1919 1238 2060 1288 inquit,
2086 1252 2157 1274 cum

1166 1294 1206 1339 se
1226 1292 1424 1343 collegisset,
1453 1290 1553 1341 idque
1571 1293 1680 1339 visum
1697 1300 1756 1337 pro
1773 1290 1878 1326 m'ln'lo
1897 1289 2079 1326 habendum
2099 1291 2154 1336 effe

1175 1339 1342 1391 duxiffet‚
1362 1342 1549 1391 recubuiffle.
1583 1342 1629 1379 de
1657 1341 1823 1379 Divinat.
1847 1353 1876 1378 1.
1899 1353 1943 1377 ex
1970 1352 2047 1390 quo
2068 1340 2159 1376 loco

1174 1392 1344 1432 Valerius
1372 1393 1587 1443 exemplum
1616 1393 1771 1442 accepit.
1806 1391 1947 1428 PIGH.
2023 1394 2160 1427 Huma-

1174 1444 1332 1493 mffimum
1354 1446 1553 1497 propofitum
1572 1455 1736 1493 tanquam
1756 1447 2000 1493 supervacuum
2020 1441 2164 1478 damna-

1173 1498 1250 1538 vit,
1273 1496 1372 1547 idque
1390 1500 1501 1546 vistim
1517 1508 1576 1546 pro
1595 1496 1700 1534 niln'lo
1718 1493 1845 1531 ducens.
1885 1494 1940 1531 lta
1956 1492 2160 1542 legendum

1177 1545 1249 1585 effe
1280 1547 1409 1586 docuit
1435 1548 1582 1597 Pighius
1607 1558 1653 1584 ex
1681 1545 1766 1583 cod.
1797 1544 2039 1587 Cauchiano;
2069 1555 2160 1582 cum

1176 1599 1378 1648 posteriora
1399 1598 1459 1637 illa
1477 1599 1522 1636 ab
1542 1597 1644 1636 Aldo
1663 1596 1771 1646 plane
1791 1594 1920 1633 omiffa
1941 1593 2066 1633 effent.
2096 1596 2160 1633 Sa-

1176 1663 1225 1687 ne
1244 1650 1379 1688 Cicero
1399 1652 1436 1688 in
1454 1650 1513 1688 lib.
1533 1655 1568 1688 -1.
1589 1648 1635 1688 de
1654 1649 1743 1686 Div.
1768 1646 1868 1685 uncle
1888 1646 2010 1684 noster
2029 1658 2158 1685 exem—

1176 1701 1279 1750 plum
1306 1703 1382 1739 hoc
1409 1699 1561 1745 haufiffe
1586 1699 1754 1744 videtur,
1782 1698 1830 1735 fic
1857 1698 1990 1743 habet,
2020 1700 2104 1734 Cum
2117 1701 2159 1747 se

1174 1753 1374 1803 collegiffi’t,
1404 1751 1504 1802 idque
1529 1753 1639 1799 visum
1669 1762 1726 1799 pro
1753 1749 1857 1787 nihilo
1883 1748 2068 1786 habendum
2099 1750 2162 1798 effe

1172 1804 1328 1852 duxisset.
1353 1804 1550 1842 VORST.
1603 1803 1695 1840 Non
1714 1799 1935 1839 accusandus
1955 1801 2003 1838 est
2025 1800 2159 1847 Aldus,

1173 1855 1274 1906 quafi
1294 1855 1353 1893 illc
1374 1855 1536 1893 omiserii
1556 1853 1656 1905 idque
1672 1855 1857 1902 sssum-pro
1884 1851 1990 1888 nihilo
2015 1851 2161 1897 ducens,

1173 1918 1261 1944 cum
1294 1906 1393 1944 nulla
1420 1914 1506 1944 ante
1533 1906 1751 1954 Pighianam
1781 1903 1820 1940 id
1843 1903 1978 1941 habeat
2015 1903 2155 1949 editio,

1173 1958 1293 1996 nullus
1309 1958 1483 2007 agnoscat
1503 1957 1615 1994 etiam
1638 1955 1759 1994 codex
1776 1954 1926 2004 scriptus
1939 1982 1950 1999 ,
1977 1955 2017 1991 &
2038 1955 2158 1992 mani-

1175 2010 1309 2047 festum
1344 2010 1423 2047 satis
1460 2009 1532 2054 est,
1568 2006 1724 2057 gloffam
1760 2003 1843 2043 effe.
1897 2005 2010 2042 Certe
2036 2018 2156 2055 quum

1176 2060 1286 2105 dicit,
1312 2061 1431 2110 ipsum
1451 2060 1650 2111 propositum
1673 2055 1881 2107 fitccurrendi
1907 2067 2080 2106 tamquam
2100 2060 2159 2105 sta-

1173 2124 1372 2162 pervacuum
1391 2111 1582 2160 damnasJb‚
1608 2109 1754 2148 abunde
1771 2107 2007 2156 intelligitur,
2036 2110 2158 2156 Vifiam

1173 2175 1233 2213 pro
1253 2163 1359 2201 nihilo
1377 2165 1483 2213 ipsum
1501 2162 1641 2211 duxisse.
1695 2161 1825 2210 Itaque
1844 2159 1950 2197 satius
1970 2157 2041 2196 effe
2055 2159 2156 2208 judi-

1172 2216 1276 2259 cavi,
1303 2216 1341 2252 in
1362 2216 1460 2252 notis
1478 2214 1574 2262 legi,
1593 2220 1736 2263 quanto
1758 2210 1901 2249 auctior
1925 2208 2014 2248 efl‘et
2033 2211 2154 2249 codex

1174 2265 1433 2308 Cauchianus,
1461 2276 1575 2313 quam
1602 2263 1702 2312 abire
1729 2262 1749 2300 ὶι
1776 2270 1835 2299 tot
1861 2261 2021 2299 aliorum
2044 2262 2155 2301 MSS.

1175 2314 1363 2352 consensu.
1388 2316 1509 2363 repetit
1528 2315 1640 2351 etiam
1660 2313 1825 2362 aliquot,
1853 2313 1892 2350 &
1907 2313 2069 2361 repeti-vit
2084 2325 2152 2362 pro

1173 2366 1322 2413 repetiit.
1343 2375 1381 2400 ut
1389 2378 1490 2415 quum
1503 2396 1511 2408 ,
1524 2373 1680 2416 uterque
1691 2363 1787 2402 Uitr.
1800 2363 1904 2401 Harl.
1916 2363 2025 2401 Leid.
2037 2366 2153 2415 quint.

1173 2415 1261 2465 sept.
1281 2413 1387 2453 Voff.
1413 2429 1509 2466 quem
1537 2416 1613 2454 duo
1641 2417 1752 2453 Rern.
1778 2415 1936 2465 quoniam
1955 2414 2022 2452 Bit.
2042 2417 2150 2464 prim.

1173 2466 1251 2508 estd
1265 2477 1397 2514 portam
1405 2469 1559 2504 civitatis
1574 2467 1701 2505 Heins.
1711 2466 1866 2504 sectum
1884 2468 2038 2503 maxime.
2053 2467 2148 2513 Cop.

1175 2518 1284 2556 Leid.
1313 2518 1382 2556 sec.
1409 2531 1480 2555 cum
1501 2521 1658 2556 maxime.
1684 2518 1782 2556 Ultr.
1811 2518 1919 2566 prim.
1941 2520 2051 2565 siverat
2076 2516 2146 2555 Bit.

1173 2570 1282 2621 prim.
1298 2581 1474 2621 cauponem
1491 2569 1538 2610 ad
1562 2578 1718 2621 uterque
1736 2568 1841 2609 Barb.

1528 3067 1589 3115 M
1625 3083 1654 3115 2.
