2516 3509
202 398 283 423 Anu.
308 390 376 422 urb.

204 441 272 464 662.
298 434 366 462 Cic.

206 476 398 505 deommn.

199 757 336 800 Qiintil.

200 809 278 830 v111
305 798 374 830 inst.

203 853 232 876 3.
259 849 338 873 extr.

197 946 374 1015 Ann.3uxb.

199 1030 269 1054 622.
286 1026 393 1057 Livius

197 1076 273 1097 Lxx.
291 1069 369 1098 Plut.

195 1109 327 1149 Apoph-

193 1151 346 1187 Velleius.

193 1197 278 1228 Ilut.
294 1197 389 1225 Grac-

196 1240 269 1268 cno-

409 100 517 172 536
673 88 1075 152 VALERII
1147 80 1534 140 MAXIMI
1583 80 1710 136 Lus.
1749 80 1855 141 VI.
1894 81 2038 139 CAP.
2076 83 2150 139 11.

404 215 588 250 tamam.
657 200 766 259 Qia
800 216 916 248 voce
950 195 1204 264 perfeetum
1239 193 1305 240 est
1325 227 1341 254 ‚
1399 204 1452 240 ut
1484 191 1613 241 vietis
1647 208 1742 240 non
1773 192 1919 242 solum
1957 197 2085 245 venia
2108 231 2124 257 3,
2170 195 2242 244 sed
2275 199 2411 248 etiam

399 285 473 347 jus
509 282 557 328 ἄ
588 279 867 328 beneficium
902 277 1076 325 nostrae
1111 275 1308 323 civitatis
1341 271 1537 318 daretur.
1790 276 1795 278 ’

477 365 553 412 Sic
589 365 634 409 in
668 363 818 410 senatu
853 363 1085 409 Privernas
1128 358 1257 421 loqui
1301 354 1425 402 ausus
1465 353 1545 401 est.
1612 354 1671 401 L.
1704 369 1810 402 vero
1859 356 2100 421 Philippus
2146 359 2303 407 consul
2334 361 2412 408 ad-

412 440 558 487 versus
593 440 789 487 eundem
825 440 1032 487 ordinem
1067 438 1325 484 libertatem
1360 449 1570 481 exercere
1606 449 1700 479 non
1732 433 1973 482 dubitavit.
2010 436 2139 482 Nam
2174 436 2411 502 segnitiem

415 537 500 584 pro
534 521 714 568 Rostris
746 522 1024 585 exprobrans
1050 555 1065 579 ‚
1108 521 1189 566 cilio
1212 519 1299 580 fibi
1324 516 1471 576 senatu
1507 528 1601 575 opus
1636 515 1710 574 effi?
1743 514 1885 561 dixit:
1935 528 2207 582 tantumque
2241 518 2266 566 εὶ
2300 535 2412 583 poe-

411 603 597 648 nitentia
632 601 742 649 dieti
777 602 923 649 abfuit
948 637 962 662 ,
1004 614 1057 648 ut
1103 600 1239 646 etiam
1276 597 1334 644 L.
1369 595 1563 654 Crasso,
1606 593 1804 640 summae
1847 594 2079 658 dignitatis
2112 597 2160 645 &
2194 600 2411 665 eloquen-

413 681 501 727 tiae
533 681 632 726 viro
656 715 671 739 ‚
717 681 761 726 id
796 682 843 726 in
879 681 1002 726 curia
1037 679 1234 743 graviter
1266 675 1466 734 ferenti,
1513 689 1699 719 manum
1741 672 1869 735 injici
1908 673 2105 737 juberet.
2175 677 2258 724 Ille
2299 683 2411 743 reje-

412 760 489 807 cto
526 758 683 805 liftore
705 793 720 817 ,
765 767 786 796 9
821 763 924 805 Non
958 775 1029 818 es,
1074 757 1224 820 inquit
1248 789 1263 815 ,
1308 753 1414 800 mihi
1442 787 1457 812 ,
1502 753 1724 812 Philippe,
1769 750 1936 812 constal,
1990 757 2088 814 quia
2122 771 2190 801 nec
2223 774 2289 819 ego
2323 765 2415 822 qm·-

412 838 502 882 dem
535 840 614 882 tibi*
634 839 809 898 spirator
831 837 947 899 ssim.

487 920 528 941 ¹0
620 915 736 961 uid?
790 916 1017 978 populum
1062 914 1116 960 ab
1152 911 1332 959 incursu
1366 910 1444 957 suo
1480 922 1636 956 tutum
1670 907 1852 955 libertas
1885 907 2099 971 reliquit?
2136 910 2238 956 Imo
2275 908 2321 957 δί
2355 910 2409 958 fi-

411 992 577 1038 militer
611 993 809 1056 aggressh
833 1027 847 1052 ‚
898 1000 933 1019 ¹¹
975 993 1024 1039 ὃς
1058 1006 1197 1054 aeque
1230 1002 1417 1054 experta
1451 988 1715 1051 patientiam
1756 987 1832 1033 est.
1902 994 1942 1014 ¹2
1980 987 2037 1033 C.
2070 987 2226 1035 Carbo
2249 1022 2266 1047 ,
2306 988 2412 1034 trib.

411 1071 530 1135 pleb.
566 1087 709 1134 nuper
740 1071 936 1134 sepultae
971 1070 1268 1117 Gracchanae
1311 1067 1537 1114 seditionis
1581 1063 1984 1112 turbulentiffimus
2019 1066 2221 1126 vindex,
2267 1066 2411 1113 idem-

2326 1162 2413 1210 que

410 1291 584 1336 choavst,
612 1293 650 1329 in
683 1293 812 1330 ceteris
840 1293 1062 1331 editionibus
1091 1293 1128 1330 ὃς
1158 1291 1262 1330 MSS.
1292 1291 1382 1329 huie
1428 1289 1633 1341 patientiam
1652 1290 1708 1333 est.
1737 1287 1858 1324 Linea
1878 1286 2077 1324 transversa
2098 1301 2130 1322 m
2151 1285 2333 1325 denotans
2358 1287 2415 1325 suo

410 1343 584 1391 exemplo
605 1342 860 1381 adnestumur.

457 1406 492 1440 9.
522 1397 601 1429 Non
629 1407 681 1430 es,
713 1395 849 1443 inquit,
883 1395 963 1430 mihil
988 1420 997 1435 ,
1027 1393 1181 1443 Philippe
1203 1423 1213 1437 ‚
1250 1391 1379 1442 consul]

410 1444 516 1480 MSS.
546 1443 765 1492 complures.
821 1447 899 1481 Non
926 1448 993 1493 est,
1020 1447 1131 1494 inquit
1150 1473 1162 1488 ‚
1199 1444 1281 1480 mihi
1303 1445 1382 1480 Pln'-

409 1496 513 1542 lippui
532 1497 686 1542 ‚consuls
709 1497 789 1545 qnia
819 1510 874 1532 nec
899 1511 958 1547 ego
986 1496 1118 1545 quidem
1138 1498 1275 1544 fi'nator
1294 1497 1385 1541 sum.

410 1544 545 1593 scripsit
567 1545 697 1582 forsan.
751 1551 834 1581 Non
855 1550 921 1591 est,
944 1550 1082 1598 inquit,
1105 1547 1187 1583 mihi
1209 1546 1387 1596 Philippus

410 1597 541 1644 conjeci,
566 1598 620 1632 cui
638 1611 692 1632 nec
711 1610 766 1645 ego
788 1599 919 1645 quidem
936 1601 1071 1645 senator
1083 1601 1172 1646 sum.

467 1660 522 1684 10.
551 1645 668 1694 Quid?
700 1648 888 1697 Philippum
910 1647 950 1684 de
976 1651 1105 1696 incursu
1126 1651 1188 1695 suo
1216 1658 1326 1684 tutum
1344 1647 1388 1682 li-

412 1695 524 1733 bertas
549 1696 705 1747 reliquit]
737 1698 863 1746 Lege,
891 1707 931 1736 ut
957 1699 995 1736 in
1016 1711 1050 1736 v.
1078 1710 1108 1735 C.
1138 1697 1257 1745 Quid?
1282 1709 1387 1746 popu-

415 1749 483 1783 lum
500 1773 509 1790 ,
533 1755 606 1783 (φο.
628 1748 859 1786 Aemilianus
878 1750 978 1786 enim
996 1748 1181 1785 liberrime
1203 1747 1388 1795 castigavit

410 1800 594 1848 populum,
623 1810 700 1835 non
734 1799 935 1849 Philippum.
964 1799 1106 1837 PIGH.
1135 1797 1255 1846 Qid?
1287 1809 1389 1846 popu-

417 1850 486 1884 lum
506 1849 547 1884 ab
579 1852 707 1896 incursu
730 1852 792 1897 βω
822 1861 931 1885 tutum
958 1850 1097 1886 libertas
1123 1851 1260 1899 reliquit
1274 1850 1302 1885 ἓ.
1331 1848 1389 1885 Sic

421 1901 460 1937 ὃς
491 1899 637 1937 codices
669 1900 799 1938 Brand.
835 1900 1028 1937 Editiones
1060 1908 1204 1937 veteres
1234 1898 1323 1936 Aldi
1351 1900 1389 1937 δε

419 1950 597 1987 Chalcoc.
625 1963 692 1999 pro
717 1953 873 2001 populum
900 1951 996 1988 male
1027 1952 1218 1999 Philippum
1244 1950 1391 1991 habent,

418 2001 613 2039 VORST.
642 2004 803 2048 Populum
830 2000 938 2039 habet
967 2003 1075 2050 Mog.
1102 2001 1171 2040 Ed.
1199 2002 1237 2038 &
1256 2011 1393 2050 prope-

423 2052 584 2089 modum
608 2064 739 2090 omnes
758 2053 863 2089 MSS.

476 2115 530 2140 11.
562 2106 602 2138 Et
621 2118 724 2152 aeque
743 2114 879 2153 experta
898 2105 1067 2153 patientia
1089 2101 1152 2152 est]
1178 2102 1390 2150 Depravata

421 2152 599 2190 sententia
621 2154 689 2197 est,
717 2166 812 2203 quae
833 2154 963 2192 reditus
982 2155 1019 2191 in
1038 2152 1270 2192 Atrebatenfi
1301 2152 1392 2190 aliis-

424 2216 519 2252 que;
550 2209 591 2240 Et
614 2219 718 2254 aeque
737 2216 873 2254 experta
890 2208 936 2252 est
947 2205 1393 2255 patientem.PIGH.<Ae-

422 2269 486 2303 que
511 2266 647 2303 experta
671 2258 853 2304 patientem
884 2258 940 2302 est.
993 2257 1092 2294 Bene
1121 2255 1269 2304 Pighius
1295 2254 1391 2292 resti-

425 2307 495 2343 tuit
518 2318 723 2355 pattentem;
753 2319 837 2343 cuin
867 2306 983 2344 Aldus
1012 2305 1174 2344 edidiffet
1199 2320 1303 2357 aeque
1331 2320 1392 2341 ex-

420 2368 519 2407 perta
538 2359 701 2403 patientia
720 2360 774 2401 est.
828 2357 899 2394 Sed
916 2369 993 2394 non
1014 2358 1245 2395 scribendum
1265 2365 1393 2394 tamen

428 2408 463 2444 ei
492 2407 561 2444 fuit
591 2419 727 2457 experta
755 2411 798 2453 est
822 2411 1031 2456 patiente-1123
1058 2408 1118 2446 sed
1141 2437 1151 2453 ‚
1179 2417 1218 2445 ut
1246 2409 1283 2445 in
1314 2420 1391 2445 uno

427 2456 512 2507 cod.
539 2458 670 2495 Brand.
698 2466 820 2500 extat,
848 2469 983 2506 experta
999 2461 1181 2506 patientem
1201 2461 1255 2504 est.
1308 2459 1394 2495 Ele-

427 2520 517 2556 gans
543 2509 678 2557 positus
707 2520 846 2546 vocum
870 2537 880 2552 ‚
918 2508 941 2544 si
969 2509 1062 2545 inter
1091 2509 1326 2557 participium
1356 2510 1394 2546 &

429 2559 586 2596 verbum
612 2559 710 2597 subst.
730 2563 774 2607 est
791 2557 927 2608 aliquid
948 2558 1173 2597 intercedat:
1195 2559 1305 2608 idque
1322 2559 1395 2595 sae-

430 2611 571 2658 piffime
587 2611 625 2647 in
646 2610 852 2648 auftoribus
870 2609 1092 2648 observatur.
1129 2609 1247 2656 Quod
1269 2616 1395 2647 autem

430 2665 468 2699 ὃς
498 2661 668 2699 Valerius
693 2661 755 2698 tali
794 2672 932 2698 vocum
960 2658 1081 2708 positu
1117 2660 1171 2697 uti
1212 2660 1395 2704 voluerit,

425 2713 497 2760 ipsa
529 2713 586 2749 illa
606 2724 716 2761 prava
742 2711 853 2749 1effio
869 2740 878 2756 ‚
905 2723 1018 2760 quam
1041 2709 1222 2748 editiones
1252 2719 1395 2748 veteres

421 2763 557 2799 habent
581 2791 591 2807 ‚
647 2775 784 2809 experta
827 2764 997 2811 patientia
1046 2764 1089 2808 est
1120 2788 1130 2803 ‚
1184 2761 1390 2798 confirmat.

421 2814 616 2851 VORST.
649 2814 775 2863 Ultraj.
798 2814 903 2861 prim.
926 2814 1076 2862 patiente
1095 2815 1151 2859 est.
1198 2811 1388 2848 Undecim

422 2876 507 2900 cum
535 2864 707 2901 omnibus
731 2865 836 2902 editis
863 2865 1055 2914 patientia3
1084 2862 1189 2912 quod
1212 2862 1389 2900 idoneam

419 2915 637 2951 sententiam
686 2927 763 2952 non
801 2916 922 2952 efficit.
986 2916 1125 2951 Veram
1178 2914 1391 2962 scripturam

422 2965 532 3003 credo
567 2965 750 3004 retinuiss'e
780 2967 909 3017 Uitraj.
944 2966 1015 3004 sec.
1049 2969 1092 3002 Et
1123 2978 1226 3015 aeque
1254 2975 1392 3016 experta

1435 1353 1499 1391 per
1520 1356 1540 1377 a
1562 1340 1630 1378 fuit
1649 1337 1792 1377 omiffa.

1490 1404 1545 1429 12.
1583 1394 1621 1428 C.
1645 1388 1771 1438 Carbo]
1823 1388 1867 1425 C.
1907 1387 2029 1426 Filius.
2054 1387 2117 1425 -de
2160 1400 2237 1437 quo
2274 1388 2411 1426 Cicero

1437 1443 1520 1480 Lib.
1552 1455 1635 1481 111.
1673 1441 1719 1478 de
1751 1442 1938 1484 Oratore,
1975 1438 2184 1476 Praetorius
2213 1439 2295 1477 fuit.
2321 1439 2414 1476 CO·

1437 1494 1556 1531 LER.
1594 1496 1632 1530 C.
1656 1491 1764 1528 Carbo
1787 1517 1798 1534 ,
1835 1490 1913 1528 trib.
1933 1491 1984 1539 pl.
2011 1502 2113 1539 nuper
2131 1491 2286 1539 sepultae
2310 1492 2417 1527 Grac-

1437 1545 1561 1582 chanae
1596 1542 1776 1592 seditionis
1829 1541 2119 1589 turbulentissimus
2165 1540 2304 1577 vindex.
2350 1542 2415 1578 Ti.

1439 1595 1629 1632 Gracchus
1657 1594 1778 1631 caesus
1803 1600 1903 1636 eran
1933 1600 2043 1641 atque
2066 1593 2112 1630 ita
2136 1591 2266 1628 seditio
2296 1603 2411 1640 quam

1439 1647 1469 1684 is
1490 1647 1689 1688 excitarat,
1716 1642 1865 1692 sepulta.
1918 1644 2062 1680 Verum
2081 1645 2191 1681 frater
2210 1643 2288 1691 ejus
2301 1642 2413 1691 Cajus

1438 1697 1477 1734 in
1497 1697 1590 1734 vivis
1611 1695 1730 1733 adhuc
1756 1703 1857 1731 erat:
1884 1705 1970 1731 cum
2001 1705 2080 1742 quo
2103 1694 2141 1730 δε
2162 1704 2249 1730 cum
2280 1693 2413 1731 Fulvio

1440 1747 1574 1784 Flacco
1604 1746 1825 1784 seditionem
1852 1743 1899 1782 de
1930 1753 2020 1792 agro
2042 1743 2246 1781 dividendo
2267 1743 2310 1780 C.
2324 1744 2416 1781 Car-

1441 1798 1491 1835 bo
1519 1797 1644 1835 denuo
1675 1795 1870 1839 excitavit,
1904 1802 1945 1831 ut
1973 1805 2019 1830 ex
2057 1794 2223 1842 epitome
2252 1794 2300 1830 L.
2327 1806 2416 1833 Lxx.

1444 1849 1546 1886 Livii
1564 1856 1724 1897 apparet.
1742 1844 1935 1884 VORST.
1970 1845 2014 1882 In
2035 1844 2215 1882 tredecim
2237 1845 2344 1883 MSS.
2365 1846 2415 1884 est

1444 1902 1508 1936 Cn.
1534 1899 1663 1942 Carbo,
1690 1905 1730 1935 ut
1750 1896 1864 1944 vulgo
1894 1895 2083 1944 legebatur
2112 1903 2197 1932 ante
2218 1895 2389 1944 Pighium
2405 1925 2416 1941 ‚

1445 1951 1557 1987 etiam
1587 1950 1625 1987 in
1659 1946 1912 1997 antiquiffimis
1942 1945 2025 1983 edd.
2064 1946 2196 1994 Ultraj.
2234 1947 2340 1994 prim.
2377 1952 2416 1986 C.

1446 2000 1554 2036 Carbo
1568 2028 1578 2045 ‚
1602 2008 1643 2037 ut
1662 1999 1722 2037 alii
1740 1999 1930 2046 scriptores
1951 1997 2068 2047 ipsum
2090 1996 2286 2046 appellant.
2315 1999 2415 2037 Vide

1439 2051 1559 2099 Pighii
1579 2062 1664 2088 ann.
1690 2050 1740 2086 A.
1766 2050 1817 2086 U.
1846 2049 1930 2085 622.
2271 2052 2273 2054 ·

1496 2114 1552 2152 13.
1580 2104 1622 2138 In
1647 2103 1763 2151 Rostra
1793 2097 2004 2149 perdnfium]
2043 2097 2147 2135 Barb.
2174 2099 2282 2146 prim.
2322 2100 2417 2138 solus

1442 2153 1553 2191 habet
1576 2151 1792 2200 prodm‘lum,
1817 2149 2017 2199 quomodo
2041 2148 2231 2197 legebatur
2255 2158 2340 2188 ante
2358 2152 2418 2189 Pi-

1444 2205 1586 2253 ghium.
1641 2202 1711 2240 Sed
1727 2201 1922 2252 perduaum
1944 2200 2058 2237 etiam
2078 2201 2186 2249 Mog.

1498 2268 1554 2302 14.
1581 2260 1623 2291 Ut
1642 2254 1845 2290 auc‘ioritate
1863 2250 1955 2300 effa]
1987 2252 2096 2289 Haec
2121 2250 2233 2288 verba
2256 2262 2341 2288 cum
2365 2254 2418 2290 se-

1444 2305 1640 2357 quentibus
1660 2304 1775 2353 usque
1794 2302 1840 2340 ad
1869 2304 2066 2347 locuturus,
2101 2301 2224 2341 addita
2246 2312 2350 2341 erant
2376 2304 2415 2341 in

1445 2358 1611 2406 margine
1635 2356 1743 2392 Leid.
1768 2354 1876 2402 prim.

1500 2422 1555 2457 15.
1585 2407 1814 2446 ,Aufforitate
1839 2402 2004 2451 clartffimi
2035 2402 2122 2452 ⁴viri]
2161 2402 2196 2439 Si
2226 2402 2348 2452 Scipio
2367 2406 2423 2443 A·

1446 2459 1607 2496 fricanus
1635 2458 1775 2495 diceret
1796 2484 1806 2500 ‚
1846 2455 1995 2492 affinem
2034 2455 2139 2491 suum
2165 2481 2174 2497 ,
2211 2454 2274 2492 Ti.
2302 2455 2418 2493 Grac-

1449 2510 1559 2547 chum
1576 2538 1586 2555 ,
1614 2508 1711 2546 male
1737 2507 1883 2545 caesum
1919 2504 1998 2542 effe.
2026 2505 2222 2542 VORST.
2245 2506 2417 2556 Uterque

1450 2561 1554 2599 Med.
1580 2560 1714 2608 Ultraj.
1739 2559 1807 2595 sec.
1835 2557 1903 2594 Ed.
1930 2557 2038 2603 Mog.
2068 2552 2258 2601 Graviffimi
2284 2558 2370 2595 Viri.

1504 2613 1558 2650 16.
1594 2612 1684 2658 Jure
1714 2607 1859 2658 caesum]
1908 2606 2036 2644 Florus
2062 2614 2189 2643 tamen
2219 2606 2335 2644 Libro
2357 2620 2420 2644 111.

1449 2674 1527 2711 cap.
1559 2675 1612 2709 14.
1641 2665 1776 2711 Atque
1802 2662 1854 2696 ita
1878 2656 1956 2694 duce
1975 2659 2125 2706 Scipione
2149 2657 2273 2703 Nasica
2288 2683 2297 2698 ‚
2319 2660 2422 2694 conci-

1448 2723 1520 2749 tato
1538 2714 1575 2750 in
1591 2726 1687 2750 arma
1699 2712 1820 2761 populo
1838 2735 1848 2752 ‚
1876 2709 1973 2760 quast
1992 2714 2063 2755 jure
2082 2707 2242 2759 oppreffies
2259 2709 2420 2756 est.C0-

1497 2827 1552 2860 17.
1581 2817 1685 2855 Cuius
1705 2811 1810 2861 dian]
1839 2812 1999 2854 Melius,
2025 2812 2075 2847 cui
2093 2809 2203 2853 dim,
2230 2809 2267 2846 in
2288 2819 2419 2844 manu-

1441 2865 1589 2913 scriptis.
1611 2864 1752 2901 PIGH.
1794 2863 1906 2900 etiam
1939 2862 2051 2910 longe
2079 2860 2243 2910 plurimis
2271 2858 2414 2895 nostro·
2452 2892 2461 2909 Ι

1443 2926 1539 2952 rum.

1498 2966 1555 3005 18.
1583 2966 1648 3002 Cui
1677 2964 1765 3005 die‘lo
1790 2978 1861 3002 cum
1892 2964 1997 3002 concio
2018 2961 2211 3004 Tribunicio
2232 2961 2346 3005 furore
2373 2957 2426 2994 in-

2329 3010 2419 3055 stim
