2516 3509
266 443 281 468 Ϊ

390 147 483 219 ¹98
516 143 582 200 V.
603 129 912 193 MAXIMI
941 126 1454 186 L1n.11.CA1>.V11.
1477 129 1578 186 DE
1607 130 1936 192 DISCIPL.
1955 135 2355 198 MILITARI.

889 270 1351 318 EXTERNA
1431 287 1895 323 EXEMPLA.

456 411 497 432 ¹0
520 403 712 451 Leniter
732 404 824 450 hoe
849 414 995 467 patres
1018 398 1290 466 conscripti,
1326 399 1359 447 fi
1379 399 1825 466 Carthaginiensium
1847 406 2018 456 senatus
2041 410 2089 456 in
2108 410 2297 457 militiae
2317 426 2392 458 ne-

177 484 214 511 A·
235 482 343 511 Viffl’t
386 486 523 533 cotiis
543 487 838 551 procurandis
858 483 1123 534 violentiam
1149 481 1315 527 intueri
1336 478 1552 536 velimus3
1590 480 1615 526 a
1635 498 1728 546 quo
1750 484 1886 533 duces
1904 486 2021 534 bella
2038 506 2178 553 pravo
2200 488 2392 536 consilio

173 532 327 553 xxxvnl.

175 917 202 938 1.

255 825 293 854 2.

169 867 280 898 Fient.
303 875 348 899 1v‚

223 912 272 940 26.

384 525 415 551 ὃ

383 579 618 628 gerentes,
653 567 827 616 etiamfi
854 564 1066 631 prospera
1085 562 1268 610 fortuna
1287 559 1517 608 subsecuta
1533 561 1666 623 esset,
1702 566 1830 612 cruci
1864 579 2016 613 tamen
2040 567 2392 634 suffigebantur:

313 681 315 683 .
379 645 505 706 quod
525 646 640 694 bene
659 648 881 713 gesserant
899 644 1090 691 deorum
1114 641 1444 689 immortalium
1464 640 1720 706 adjutorio:
1758 643 1885 707 quod
1905 644 2019 692 male
2048 647 2390 708 commiserant,

381 724 583 788 ipsorum
604 728 765 792 culpae
792 728 1082 789 imputantes.

448 807 695 855 Clearchus
721 824 829 856 vero
861 803 1332 852 Lacedaemoniorum
1358 802 1453 848 dux
1483 801 1671 866 egregio
1710 799 1836 849 dieto
1878 800 2159 868 disciplinam
2203 807 2392 856 militiae

383 888 676 948 continebat,
711 886 959 934 identidem
979 885 1204 930 exercitus
1225 882 1290 929 sui
1311 881 1491 929 auribus
1512 880 1812 940 inculcando,
1849 881 1874 929 a
1893 882 2115 930 militibus
2143 885 2391 949 imperato·-

382 985 476 1016 rem
509 969 692 1032 potius,
728 983 863 1030 quam
892 965 1068 1012 hostem
1098 963 1241 1009 metui
1276 961 1452 1008 debere.
1522 959 1636 1021 Qo
1665 974 1819 1025 aperte
1851 962 2149 1012 denuntiabat
2180 964 2391 1014 futurum

385 1050 420 1070 ¹¹
450 1058 502 1091 ut
525 1044 732 1109 spiritum
754 1059 925 1108 poenae
943 1041 1285 1105 impenderent,
1325 1047 1364 1066 ¹²
1387 1055 1524 1102 quem
1547 1054 1727 1102 pugnae
1764 1055 2008 1105 acceptum
2042 1042 2158 1090 ferre
2193 1044 2391 1093 dubitas-

379 1122 487 1169 sent.
559 1123 702 1187 quue
724 1122 748 1169 a
771 1122 889 1168 duce
907 1122 1107 1186 praecipi
1138 1136 1231 1166 non
1264 1117 1570 1175 mirabantur,
1603 1131 1907 1165 maternarum
1934 1119 2260 1169 blanditiarum
2295 1139 2390 1169 me-

378 1216 551 1259 mores,
587 1216 698 1263 quae
717 1202 1015 1247 exituros'eos
1036 1199 1091 1245 ad
1113 1197 1427 1262 proeliandum
1451 1196 1723 1257 monebant,
1757 1211 1810 1244 ut
1832 1210 1909 1244 aut
1939 1198 2033 1245 vivi
2057 1216 2163 1245 cum
2187 1201 2319 1246 armis
2343 1201 2390 1247 in

378 1278 674 1342 conspectum
693 1295 845 1326 earum
866 1280 1096 1337 venirent,
1131 1290 1209 1324 aut
1229 1276 1401 1324 mortui
1421 1276 1468 1321 in
1490 1278 1621 1323 armis
1654 1276 1941 1324 referrentur.
2010 1279 2123 1325 Hoc
2154 1280 2272 1326 intra
2304 1279 2389 1327 do-

377 1357 589 1404 mesticos
610 1357 798 1420 parietes
820 1341 1014 1420 accepto
1038 1352 1166 1417 figno
1180 1387 1195 1412 ,
1232 1354 1474 1416 Spartanae
1496 1350 1611 1396 acies
1633 1350 1925 1398 dimicabant.
1995 1353 2084 1399 Sed
2107 1353 2248 1399 aliena
2281 1370 2389 1416 pro-

377 1434 563 1499 spexiss'e
584 1434 909 1482 tantummodo
933 1432 1031 1480 satis
1053 1432 1144 1492 est,
1180 1448 1289 1478 cum
1308 1429 1504 1494 propriis
1525 1428 1767 1493 multoque
1788 1430 2100 1490 uberioribus,
2137 1430 2186 1478 δί
2210 1430 2388 1479 felicio-

376 1515 498 1562 ribus
520 1513 738 1577 excmplis
765 1514 951 1577 gloriari
971 1513 1121 1558 liceat.

1403 1651 1518 1690 quem
1540 1651 1687 1690 pugnae
1709 1639 1910 1689 expensum
1934 1640 2028 1677 ferre
2052 1636 2282 1677 dubitassent.
2308 1644 2386 1677 Hoc

428 1657 482 1682 ΙΙ.
510 1649 553 1680 Ut
566 1643 725 1694 spiritum
749 1654 874 1693 poenae
903 1640 1139 1693 impenderent]
1169 1642 1225 1678 Ut
1251 1641 1352 1689 spiri-

977 1695 982 1700 ”
1402 1691 1523 1739 ‘videsis
1543 1707 1589 1728 an
1607 1706 1796 1740 concoquere
1807 1692 1904 1741 poſjis
1917 1719 1927 1735 ,
1949 1692 2116 1740 &siquis
2139 1690 2176 1727 ob
2196 1691 2277 1727 hanc
2296 1693 2386 1740 inst>-

373 1704 454 1733 tum
476 1697 514 1733 &
534 1696 648 1733 vitam
668 1696 704 1731 in
726 1707 888 1742 poenam
909 1702 1133 1732 amitterent.
1153 1693 1351 1730 VORST.

429 1759 482 1783 12.
518 1750 626 1795 Qem
653 1756 784 1796 pugnae
813 1755 976 1793 acceptum
1007 1748 1096 1792 ferre
1131 1743 1348 1792 dubitassent]

375 1799 503 1844 Quem
539 1799 683 1835 fortiter
718 1797 919 1845 pugnando
965 1795 1105 1832 servare
1142 1792 1352 1832 noluiffent.

372 1853 567 1898 «septam
591 1851 676 1896 ferri
699 1847 786 1886 dicit
814 1848 853 1885 &
879 1847 973 1884 infra
1002 1859 1091 1890 vm,
1114 1859 1151 1890 2,
1172 1858 1203 1895 3.
1231 1844 1351 1890 Alibi,

372 1907 414 1935 ut
437 1913 489 1943 ΙΥ,
510 1914 545 1945 4,
569 1914 624 1938 10.
663 1901 701 1937 &
721 1911 758 1943 v,
788 1912 823 1946 7,
854 1907 926 1936 ext.
964 1911 993 1935 1.
1019 1908 1181 1947 acceptum
1209 1899 1350 1943 referre3

374 1958 416 1986 ut
443 1951 607 2000 plerique
638 1963 780 1989 omnes.
843 1951 891 1987 Et
918 1948 1350 1998 suspicaturScioppius,

372 2011 442 2048 pro
476 2014 636 2051 asceptum
668 2005 756 2048 ferre
784 2000 983 2049 legendum
1023 2000 1152 2038 itidem
1192 1997 1264 2036 effe
1294 2013 1350 2035 ac-

372 2062 493 2100 ceptum
525 2056 651 2100 referre.
731 2052 846 2099 Quod
873 2061 999 2089 tamen
1033 2063 1104 2100 ego
1134 2062 1212 2088 nOn
1245 2050 1349 2087 dixe·

372 2103 441 2140 rim
465 2120 473 2146 ;
512 2104 615 2153 quod
642 2113 801 2151 acceptu-m
826 2106 913 2149 ferre
948 2103 1046 2150 apud
1074 2102 1267 2139 Valerium
1297 2101 1349 2139 bis

372 2155 577 2201 reperiam,
617 2156 653 2190 c&
681 2153 778 2201 apud
807 2154 895 2190 alios
928 2153 1029 2190 item.
1092 2153 1206 2202 Apud
1232 2153 1349 2199 JCtos

372 2204 536 2241 visuntur
554 2214 714 2253 arreptum
733 2207 822 2250 serre
843 2206 880 2241 &
899 2215 1024 2252 accepto
1044 2209 1154 2251 ferre:
1182 2205 1350 2253 itemque

372 2262 499 2292 ortum
538 2255 623 2292 inde
659 2257 873 2304 asceptilatio.
950 2256 1019 2292 Vir
1055 2257 1219 2292 summus
1244 2283 1254 2299 ,
1291 2255 1351 2292 cui

371 2305 574 2354 plurimum
605 2307 672 2342 hae
697 2306 821 2342 literae
847 2306 1013 2351 debent,
1046 2306 1240 2355 suspicatur
1278 2317 1347 2353 pro

371 2367 532 2406 acceptum
560 2357 619 2393 hic
649 2357 845 2405 legendum
882 2355 950 2394 esse
978 2360 1160 2407 expensum.
1222 2356 1346 2394 Verba

372 2408 450 2456 ejus
474 2409 511 2445 in
540 2407 650 2444 literis
682 2408 725 2445 ad
748 2419 809 2444 rne
839 2408 884 2444 sie
914 2409 1070 2446 habent:
1112 2413 1183 2446 Hic
1203 2422 1260 2458 ego
1287 2410 1347 2458 qui

369 2462 484 2499 MSS.
521 2456 675 2495 codicibus
709 2470 840 2494 tantum
865 2459 984 2502 debeo,
1011 2471 1204 2511 tantumque
1228 2470 1288 2507 pro
1310 2474 1344 2494 eo

369 2524 406 2544 ac
427 2509 519 2545 debeo
541 2511 688 2545 honorem
708 2510 806 2551 babeo
822 2538 830 2551 ‚
848 2512 1004 2559 ingratiis
1026 2514 1166 2547 omnium
1185 2510 1346 2547 membra-

368 2575 487 2597 narum
507 2569 552 2597 (φ’
574 2560 788 2599 librariorum
808 2564 1007 2598 Maximum
1029 2562 1184 2612 firzffiffe
1213 2561 1345 2598 decerno

1403 1744 1542 1778 lentiam
1570 1758 1618 1778 me
1647 1746 1751 1791 capite
1781 1758 1818 1779 ac
1844 1745 1993 1789 fortunis
2024 1752 2210 1792 oppugnet,
2237 1742 2389 1792 nunquid

1403 1796 1440 1829 ins
1459 1805 1492 1829 te
1511 1794 1592 1830 mthi
1605 1794 1654 1840 fit
1674 1794 1843 1843 praesidii.
1873 1793 2068 1833 VORST.
2121 1797 2232 1845 ,Quem
2253 1804 2387 1844 pugnae

1403 1855 1564 1894 acceptum
1588 1847 1678 1891 ferre
1706 1860 1772 1882 non
1804 1844 2015 1893 dubitassent.
2062 1848 2157 1894 Fuga
2185 1846 2223 1883 &
2246 1855 2387 1896 pugna,

1402 1896 1509 1945 saepe
1535 1896 1700 1933 invicem
1732 1905 1945 1941 mutantur,
1974 1897 2013 1933 &
2043 1898 2201 1934 verbum
2230 1894 2384 1933 dubitare

1401 1947 1623 1996 plerumque
1653 1948 1845 1994 negationi
1872 1946 2089 1995 adjunetum
2121 1947 2180 1983 est.
2247 1948 2385 1997 Neque

1404 1999 1669 2042 enimomnes,
1683 1999 1745 2047 qui
1767 1999 1803 2034 in
1826 1999 1964 2045 praelio
1978 2009 2056 2034 non
2071 1997 2384 2041 caderent‚mor-

1402 2057 1439 2086 te
1459 2058 1561 2087 erant
1580 2049 1780 2098 puniendi,
1807 2048 1867 2086 sed
1886 2049 1948 2098 qui
1970 2049 2151 2096 fugerent.
2201 2048 2268 2085 Vir
2285 2050 2384 2086 sum-

1403 2112 1485 2138 mus
1507 2100 1605 2149 apud
1616 2100 1807 2138 Voffiium
1827 2100 1916 2148 legit
1935 2103 2106 2150 expensum
2119 2128 2128 2143 ,
2142 2110 2277 2147 magna
2298 2100 2384 2138 sane

1402 2152 1612 2189 mutatione
1626 2166 1636 2194 ;
1651 2151 1711 2188 sed
1731 2161 1858 2189 tamen
1878 2152 1905 2188 is
1926 2151 2042 2187 sensus
2063 2151 2267 2196 requiritur.
2296 2151 2384 2189 Ma-

1399 2203 1464 2240 lim
1492 2215 1562 2252 ego
1582 2218 1676 2253 quem
1689 2205 1793 2253 fugae
1811 2213 1973 2251 acceptum
1994 2204 2152 2246 ferrenon
2169 2200 2380 2251 dubitassent.

1402 2254 1461 2291 Sic
1492 2254 1580 2290 Suet
1623 2255 1660 2290 in
1685 2255 1782 2302 Aug.
1808 2254 1852 2291 C.
1876 2266 1934 2301 53.
1964 2251 2058 2299 „and
2077 2254 2126 2300 fic
2146 2253 2214 2300 fibi
2233 2254 2382 2291 libellum

1394 2306 1562 2356 porrigere
1592 2303 1759 2341 dubitaret
1780 2334 1790 2350 ,
1828 2305 1923 2356 quast
1954 2305 2125 2353 elephanto
2146 2307 2275 2354 stipem.
2313 2306 2383 2345 Sal.

1401 2357 1483 2393 Cat.
1513 2357 1557 2393 C.
1589 2369 1645 2403 15.
1671 2354 1773 2406 Quod
1799 2372 1836 2393 ea
1858 2355 1976 2393 nubere
2003 2357 2057 2392 illi
2086 2354 2272 2395 dubitabat.
2299 2357 2384 2395 PE-

1399 2407 1579 2445 RIZON.
1608 2407 1713 2445 Voff.
1739 2410 2057 2458 2Acceptnmfhrre,
2087 2407 2250 2454 omittit,
2277 2408 2380 2457 quasi

1399 2457 1509 2502 esset,
1538 2458 1633 2508 qitem
1651 2459 1847 2507 dubitassent
1867 2457 2046 2508 impendere
2071 2469 2212 2509 pugnae.
2267 2460 2379 2498 Sensu

1398 2509 1496 2547 haud
1515 2509 1776 2548 incommodo.
1806 2511 1903 2548 Tres
1924 2513 1958 2546 in
1978 2511 2153 2561 conspeetu.
2180 2509 2285 2550 Voss.
2305 2513 2381 2549 exi-

1398 2575 1488 2599 turos
1509 2560 1556 2599 ad
1567 2564 1735 2613 praelium
1755 2559 1986 2601 admonebant.

2257 3088 2364 3138 CA-
