2516 3509
327 140 433 198 DE
475 126 944 195 PEREGRINA
980 130 1430 192 RELIGIONE
1471 131 1850 208 REJECTA:

152 245 391 304 Lutatius,
435 240 515 306 qui
547 238 750 303 primum
779 235 1009 284 Punicum
1034 234 1207 283 bellum
1234 234 1462 293 confecit,
1506 234 1533 280 a
1560 235 1713 284 senatu
1742 235 2002 301 prohibitus
2029 235 2094 284 est
2111 240 2174 319 ffi·
2196 237 2267 273 1²³⁸ss

2014 152 2089 207 41

92 329 254 392 ⁴fiartes
277 326 485 372 Fortunae
508 317 806 380 Praenestinae
825 318 959 364 adire.
1028 324 1042 354 5
1070 315 1295 382 Auspiciis
1314 314 1437 362 enim
1467 313 1651 375 patriis,
1686 330 1782 361 non
1806 314 2093 378 alienigenis,

92 424 235 472 remp.
252 400 548 453 administrari
569 410 783 463 oportere
800 395 1081 462 judicabant.

148 480 477 532 CsCornelius
511 475 533 505 ⁶
554 475 783 540 Hispallus
801 487 983 538 praetor
1011 474 1275 538 peregrinus
1298 450 1376 519 M]
1402 465 1586 532 Popilio
1610 465 1836 526 Laenate,
1871 467 1961 515 Cn.
1983 469 2091 517 Cal-

92 568 259 635 purnio
290 583 315 614 c
330 580 431 612 oss.
464 557 617 608 edisto
655 563 672 591 ⁷
694 554 947 611 Chaldaeos
966 559 1083 603 intra
1105 554 1307 599 decimum
1328 550 1436 595 diem
1459 549 1575 594 abire
1595 562 1645 593 ex
1679 547 1811 603 Urbe,
1847 556 1969 606 atque
2000 551 2093 596 Ita·
2109 576 2189 609 ⁶14,

42 632 46 634 ,
90 652 177 706 lia,
208 642 358 710 jusiit,
392 639 566 688 levibus
584 634 632 682 δε
652 634 816 698 ineptis
833 630 1211 698 ingeniis‚fitllaci
1233 627 1428 676 fiderum
1446 624 1845 690 interpretatione,
1864 623 2101 687 quaestuo-¹

91 728 182 776 sam
204 722 447 772 mendaciis
464 718 548 765 suis
570 715 813 779 caliginem
847 713 865 742 8
888 712 1158 777 injicientes.

159 812 180 841 ⁹
201 803 335 853 Idem
349 837 373 861 -,
413 802 496 865 qui
523 798 699 847 Sabazii
720 797 850 858 Jovis
879 796 1012 844 cultu
1043 793 1252 844 fimulato
1285 808 1432 839 mores
1459 793 1701 841 Romanos
1732 786 1920 836 inficere
1948 789 2103 835 conati

92 884 191 933 sunt
204 918 219 944 ,
253 879 523 930 (1011103111α3
544 890 747 941 repetere
765 876 939 938 co'e'git.

1864 945 1922 993 L.
1948 946 2103 994 Aemi*

97 1106 145 1146 dc
171 1107 273 1145 Cultu
300 1101 500 1153 Peregrinae
526 1097 718 1151 Religionis
753 1095 852 1148 apud
878 1097 1075 1134 Romanos
1126 1102 1238 1132 tunae
1266 1093 1420 1132 celebre.
1456 1090 1653 1131 VORST.
1714 1090 1861 1128 Harum
1888 1097 2027 1141 quanta
2054 1092 2110 1128 fa„

100 1157 281 1209 praeclara
308 1155 423 1193 multa
451 1152 586 1190 discere
615 1150 778 1199 expetis,
807 1151 844 1187 ὅς
863 1148 1075 1197 praesertim

100 1210 212 1247 etiam
242 1207 288 1245 de
325 1202 650 1243 Senatusconsulto
671 1231 681 1247 ,
717 1213 795 1250 quo
822 1200 1078 1236 Bacchanalium

99 1263 273 1297 Sacrorum
299 1272 366 1293 mos
393 1270 496 1293 novus
516 1254 672 1303 fhblatus
698 1255 765 1300 est,
797 1251 987 1289 adeundus
1012 1250 1078 1288 tibi

98 1310 259 1349 omnino
275 1307 429 1357 Amplis.
441 1303 835 1354 Corn.Byn1<ershoek
848 1330 858 1347 ‚
880 1303 942 1352 qui
963 1312 1080 1350 pecu-

96 1362 175 1400 liari
209 1359 519 1408 eruditifiimaque
556 1353 822 1395 Diffcrtatione
849 1354 924 1392 hoc
953 1353 1079 1402 Argu-

103 1421 276 1451 mentum
295 1409 529 1461 pertraetavit
547 1408 585 1446 in
606 1405 810 1456 Opusculis.

151 1476 185 1501 2.
213 1466 296 1500 Cum
313 1461 359 1499 ad
373 1462 590 1513 perniciosam
608 1459 781 1507 ‘vesaniam
800 1454 922 1505 iretur]
944 1455 1079 1494 Codex

104 1513 284 1553 Brandeb.
302 1515 378 1551 iret.
429 1512 485 1549 Ita
509 1511 583 1560 ipse
610 1521 693 1547 mos
717 1520 841 1546 novus
869 1507 1081 1545 Bacchana—

99 1567 194 1604 lium
214 1565 260 1603 ad
279 1564 465 1602 vesaniam
485 1560 587 1600 ivifl‘e
607 1560 722 1599 dietus
742 1559 852 1596 fuerit
865 1572 872 1595 :
887 1558 990 1608 quod
1010 1570 1082 1596 nec

105 1616 300 1655 absurdum
329 1614 484 1652 videtur.
510 1612 708 1652 VORST.
740 1611 845 1649 Tert.
867 1609 1084 1647 Leid.Ultr.

104 1669 212 1720 prim.
230 1670 306 1704 iret.
329 1665 441 1703 ceteri
460 1666 580 1703 iretur.
628 1663 676 1701 Et
702 1662 804 1710 Pigh.
823 1661 899 1698 hoc
914 1661 956 1698 in
974 1661 1084 1699 Erra-

104 1721 150 1758 tis
171 1716 393 1756 mutandum
414 1723 612 1754 monuerat
634 1715 672 1751 in
695 1715 771 1751 iret.

158 1782 192 1821 3.
220 1768 375 1805 Sufflatus
395 1767 456 1815 eft]
480 1767 579 1804 Cura
596 1763 775 1803 Postumii
795 1762 973 1806 consulis,
1001 1762 1080 1812 qui,

106 1833 195 1860 cum
212 1820 290 1858 satis
308 1819 354 1856 de
371 1817 655 1856 Bacchanalibus
670 1812 930 1866 inquifiviffet‚
957 1814 1081 1862 primo

104 1872 152 1911 ad
170 1871 336 1910 senatum
352 1899 362 1915 ‚
389 1869 523 1907 deinde
550 1869 596 1907 ad
622 1867 802 1917 populum
827 1866 932 1915 gravi
958 1864 1081 1902 habita

109 1924 282 1963 oratione
300 1934 379 1959 rem
398 1921 531 1959 retulit.
569 1921 624 1958 Ita
641 1920 765 1969 primo
787 1917 956 1956 auctores
976 1927 1082 1954 com-

106 1973 296 2025 prehensi:
325 1973 459 2011 deinde
486 1981 568 2010 tum
596 1973 634 2009 in
660 1971 752 2019 ipsos
774 1997 785 2013 ‚
819 1977 900 2008 tum
927 1969 966 2005 in
993 1967 1082 2005 alios

107 2025 417 2064 animadversum.
484 2024 647 2061 Cautum
674 2023 765 2059 item
788 2048 799 2064 ‚
833 2028 874 2058 ut
903 2019 1034 2057 Livius
1059 2019 1083 2057 l.

108 2089 233 2114 xxmx.
258 2075 390 2120 habet,
416 2088 524 2125 nequa
541 2074 761 2111 Bacchanalia
780 2076 924 2121 Romae,
948 2085 1030 2107 neve
1046 2072 1083 2107 in

107 2129 216 2164 Italia
247 2127 352 2174 effem.
411 2126 483 2164 Sed
507 2125 674 2164 additum
702 2133 852 2167 tamen,
869 2123 984 2172 fiquis
1012 2123 1084 2158 tale

105 2180 233 2225 sacrum
243 2178 377 2225 solenne
394 2185 440 2213 <7
459 2177 666 2225 neceffizrium
685 2174 837 2216 duceret,
866 2188 921 2211 nec
945 2173 1015 2216 fine
1034 2187 1084 2210 re-

109 2230 233 2280 ligione
252 2235 296 2262 δ’
315 2229 443 2276 ρὶααιῖο
461 2231 500 2275 se
517 2227 553 2264 id
571 2230 723 2264 omittere
738 2226 845 2276 posse,
875 2225 965 2274 apud
987 2236 1085 2273 prae-

110 2291 213 2316 torem
231 2276 391 2314 urbanum
404 2279 633 2326 profiteretur:
654 2288 786 2327 praetor
794 2280 953 2325 senatum
971 2277 1084 2321 consu·

113 2333 205 2367 leret.
231 2329 263 2375 fi
283 2329 312 2363 ei
333 2328 520 2376 permiffiam
545 2327 620 2374 esset
635 2356 643 2367 ,
665 2341 734 2361 cum
759 2328 796 2361 in
814 2327 937 2370 senatu
958 2334 1085 2358 centum

113 2397 178 2418 non
205 2382 313 2416 minus
338 2378 435 2425 effent
455 2402 465 2419 ‚
496 2378 546 2412 ita
572 2375 750 2424 idsacrum
770 2376 920 2420 faceret,
949 2371 1027 2408 dam
1049 2386 1089 2408 ne

107 2434 189 2483 plus
208 2433 355 2480 quinque
366 2428 528 2477 sacrificio
546 2425 733 2473 interessent
743 2452 755 2468 ‚
776 2438 838 2461 neu
856 2436 925 2474 qua
949 2424 1089 2472 pecunia

111 2484 309 2523 communis,
337 2495 399 2516 neu
421 2481 497 2529 quis
515 2479 671 2528 magister
680 2478 849 2523 sacrorum
867 2484 927 2511 aut
936 2472 1089 2522 sacerdos

116 2534 203 2582 effer.
255 2532 356 2579 Ergo
380 2538 526 2567 tantum
551 2527 741 2565 sceleribus
760 2528 799 2564 ὃς
821 2525 1089 2575 conjurationi-

113 2585 180 2622 bus
216 2583 338 2620 ansam
374 2579 607 2630 praecidere;
643 2591 721 2616 non
742 2606 752 2623 ‚
790 2585 831 2614 ut
858 2576 954 2614 nulla
976 2576 1089 2625 (plane

116 2635 266 2673 Baccho
294 2634 398 2670 vsacra
443 2631 574 2669 fierent
596 2659 606 2675 ,
641 2629 843 2668 decernere
876 2627 1093 2666 voluerunt.

111 2685 312 2735 yORST.

167 2750 198 2785 4.
220 2742 331 2773 Sortes
353 2738 513 2772 Fortunae
524 2732 754 2778 Praenestinae
770 2729 880 2779 adire]
903 2735 1014 2768 Sortes
1023 2740 1092 2778 pro

116 2788 285 2827 oraculo.
339 2787 474 2824 Cicero
493 2798 537 2823 11.
565 2784 610 2821 de
627 2784 716 2821 Div.
742 2784 818 2820 Sors
845 2783 910 2819 illa
938 2781 1029 2818 edita
1048 2783 1093 2828 est

118 2843 246 2889 Croeso.
297 2838 404 2876 Idem
423 2837 561 2874 ibidem
582 2837 620 2873 &
643 2836 747 2884 sortes
766 2834 998 2880 Praenestinas
1023 2843 1094 2869 vo-

113 2900 180 2928 cat
192 2920 202 2935 ‚
220 2902 314 2939 quae
333 2891 446 2927 sortes
463 2889 650 2926 Fortunae
660 2885 913 2922 Praenestinae
932 2884 1092 2921 fuerunt.

120 2941 191 2979 Sed
212 2943 250 2978 &
268 2943 430 2989 nusquam
443 2938 699 2986 fortunatiorem
718 2950 818 2985 quam
838 2937 1010 2982 Praeneste
1022 2935 1092 2979 sor-

110 3003 235 3029 vrmsam
252 2988 311 3038 esse
329 2991 466 3028 ibidem
486 2989 615 3028 scribit.
658 2988 740 3024 Fuit
759 2993 884 3024 autem
900 2984 1094 3022 Praeneste

123 3042 303 3094 oppidum
320 3042 423 3080 ,Latii
438 3053 516 3081 non
535 3039 665 3091 procul
683 3039 807 3077 Roma
822 3066 831 3083 ,
848 3036 991 3086 templo
1003 3035 1094 3075 For-

1129 1158 1190 1183 ma
1210 1148 1248 1183 ὃς
1268 1145 1489 1184 existimatio
1511 1145 1621 1181 fuerit
1640 1141 1787 1191 postea,
1813 1142 1893 1179 satis
1920 1141 2036 1191 liquet
2062 1155 2108 1180 ex

1131 1197 1230 1234 Suet.
1250 1197 1288 1234 in
1310 1197 1398 1236 Tib.
1419 1197 1463 1233 C.
1490 1195 1551 1245 63.
1586 1193 1649 1231 ubi
1676 1192 1871 1231 videantur
1898 1192 2111 1231 (301111116110

1129 1256 1279 1286 tatores.

1182 1312 1214 1348 5.
1247 1297 1438 1346 ,A‘ufi’iciis
1464 1296 1551 1332 enim
1571 1294 1721 1345 patriis]
1754 1294 1798 1332 ln
1826 1292 1990 1331 editione
2018 1293 2114 1330 Ant-

1129 1361 1232 1399 verp.
1258 1349 1374 1398 Pighii
1402 1358 1598 1396 perperam
1627 1346 1676 1384 est
1705 1348 1799 1394 ausp.
1828 1346 1941 1393 patris
1961 1358 1974 1380 .-
2007 1341 2114 1393 quod,

1133 1402 1271 1439 mirum
1293 1399 1341 1438 eft
1362 1400 1400 1437 in
1418 1398 1583 1436 editione
1602 1407 1756 1447 quoque
1776 1395 1903 1433 Coleri
1927 1394 2114 1432 servatum

1133 1449 1216 1490 esse.
1270 1451 1361 1490 Sunt
1379 1458 1508 1488 autem
1534 1450 1683 1499 auspicia
1698 1449 1815 1498 patria
1836 1457 1914 1483 non
1940 1457 2035 1495 quae
2055 1457 2119 1494 pa-

1132 1504 1195 1541 tris
1209 1531 1219 1548 ‚
1245 1503 1307 1541 sed
1324 1514 1420 1553 quae
1440 1500 1601 1551 patriae,
1623 1501 1661 1538 ὅ(
1683 1498 1837 1549 quidem
1857 1498 2006 1535 Romae
2025 1497 2121 1535 sunt.

1137 1556 1293 1592 Patrium
1310 1554 1411 1591 enim
1430 1564 1509 1590 non
1533 1559 1680 1588 tantum
1698 1548 1803 1599 quod
1821 1548 1930 1597 patris
1946 1575 1957 1593 ,
1986 1547 2048 1586 sed
2073 1549 2115 1585 &

1136 1605 1241 1657 quod
1260 1605 1400 1655 patriae
1420 1603 1469 1641 est
1483 1632 1493 1648 ,
1521 1602 1664 1640 dicitur.
1690 1600 1887 1639 VORST.

1187 1658 1221 1694 6.
1257 1654 1468 1706 Hispallus]
1505 1653 1591 1690 Lib.
1624 1653 1723 1690 Dan.
1760 1651 1941 1701 Htspalus.
1973 1660 2117 1688 nomen

1137 1708 1254 1757 ipsum
1276 1705 1454 1745 Cornelii.
1480 1704 1602 1742 tabula
1620 1702 1832 1752 Capitolina
1865 1702 1939 1738 CN.
1967 1713 2118 1739 CORNE-

1134 1771 1220 1798 vas
1249 1772 1282 1797 L.
1309 1771 1342 1796 F.
1371 1769 1403 1795 t.
1433 1769 1469 1793 N.
1499 1767 1627 1793 SCIPIO
1656 1766 1849 1792 HisPAtvs.
1878 1752 2072 1790 COLER.

1185 1822 1219 1857 7.
1254 1807 1442 1847 Chaldaeos
1476 1808 1568 1844 intra
1594 1805 1663 1844 dec.
1690 1805 1777 1842 diem
1813 1803 1906 1841 abire
1932 1818 1975 1840 ex
2001 1802 2110 1853 urbe]

1135 1859 1300 1899 Chaldaei
1328 1860 1501 1898 dicuntur
1525 1859 1608 1902 hic,
1635 1858 1699 1907 qui
1726 1856 1830 1894 aliter
1855 1854 2119 1893 Mathematici

1137 1914 1176 1951 ὃς
1206 1912 1395 1960 Astrologi
1421 1909 1677 1959 appellantur:
1716 1908 1838 1957 estque
1865 1916 2009 1956 nomen
2035 1916 2117 1944 non

1135 1965 1254 2013 gentis
1275 1993 1286 2009 ,
1320 1963 1381 2002 sed
1407 1962 1501 2000 artis.
1562 1962 1649 2010 Qua
1673 1959 1832 1997 notione
1860 1957 1934 2007 ipse
1960 1967 2116 2007 quoque

1138 2016 1275 2054 Cicero
1286 2028 1313 2053 1.
1326 2016 1363 2053 &
1375 2026 1418 2051 11.
1428 2013 1473 2050 de
1486 2012 1573 2050 Div.
1585 2010 1720 2060 aliique
1729 2009 2115 2058 usurpant.VORST.

1137 2067 1192 2105 Ita
1211 2078 1364 2118 quoque
1383 2064 1529 2114 postea,
1556 2073 1788 2112 quamquam
1807 2060 1916 2098 aliam
1936 2059 1984 2097 ob
2012 2060 2113 2096 caus»-

1132 2119 1208 2158 saln
1236 2118 1360 2157 edifito
1380 2115 1522 2154 Vitellii
1542 2114 1649 2150 Italia
1664 2112 1752 2162 pulfi
1765 2113 1848 2161 sunt
1872 2111 2115 2147 Mathematiu'

1137 2171 1262 2209 Tacit.
1282 2170 1375 2208 Hist.
1394 2181 1437 2205 11.
1461 2164 1707 2214 Cap.2.Vide
1728 2162 1773 2200 de
1795 2174 1890 2200 vana
1901 2161 2112 2199 Chaldaeo-

1136 2233 1220 2259 rum
1248 2229 1325 2259 arte
1361 2220 1606 2268 disputantem
1634 2214 1863 2253 Favorinum
1893 2213 1991 2262 apud
2016 2212 2114 2250 Gell.

1138 2273 1184 2309 L.
1203 2283 1289 2309 xrs.
1320 2284 1350 2308 1.

1187 2321 1222 2357 8.
1250 2318 1452 2366 [afficientes]
1478 2319 1591 2356 Liber
1612 2316 1775 2355 Danielis
1793 2316 1980 2352 Inicientes.
2004 2314 2112 2352 Idem

1137 2370 1285 2420 paffim:
1322 2369 1450 2413 adicit,
1484 2369 1607 2414 obicit,
1643 2369 1771 2405 conicit.
1794 2367 2002 2405 «COLER.
2056 2367 2115 2404 Sic

1140 2422 1266 2470 paffim
1288 2421 1395 2459 multi
1414 2419 1434 2457 ὲ
1453 2420 1592 2457 nostris.

1189 2485 1226 2522 9.
1248 2471 1342 2525 ‚Idem
1369 2473 1429 2520 qui
1457 2470 1600 2508 Sabazii
1619 2469 1727 2516 Jovis
1752 2468 1991 2517 cultu-sublato
2016 2480 2119 2503 mores

1140 2523 1263 2572 Rom]
1276 2523 1416 2560 Sublato
1435 2522 1473 2558 in
1490 2522 1549 2568 Jo.
1564 2522 1720 2559 Cauchii
1740 2521 1870 2558 codice
1880 2521 2019 2558 Batavo
2039 2529 2119 2554 11011

1141 2574 1319 2619 habetur,
1357 2575 1396 2611 δί
1424 2570 1541 2610 abesse
1567 2572 1662 2611 salva
1688 2573 1866 2610 sententia
1894 2569 2018 2619 potest.
2072 2568 2116 2604 In

1145 2625 1345 2675 Campensi
1373 2632 1506 2662 autern
1534 2624 1755 2673 adscriptum
1793 2622 1908 2669 (alias
1927 2620 2118 2667 fimulate)

1143 2677 1248 2727 quod
1265 2677 1345 2715 satis
1362 2676 1482 2725 placet
1494 2704 1504 2721 ‚
1531 2676 1651 2714 modo
1670 2687 1748 2713 non
1778 2673 1934 2711 omnino
1952 2669 2118 2707 vocabu·-

1143 2728 1223 2767 lum
1242 2729 1316 2766 hoc
1335 2728 1479 2766 auferre
1496 2728 1615 2765 visum
1635 2726 1755 2764 fuerit.
1781 2723 1897 2772 Atqui
1916 2720 2014 2770 apud
2035 2722 2117 2758 Ro—

1146 2792 1279 2818 manos
1297 2781 1394 2817 sacra
1413 2779 1516 2827 Jovis
1545 2778 1707 2821 Sabazii‚
1734 2775 1819 2811 licet
1845 2774 1967 2822 priore
1993 2772 2117 2809 seculo

1145 2831 1342 2875 damnata,
1369 2842 1413 2868 ac
1440 2830 1646 2877 prohibita,
1682 2827 1701 2864 a
1732 2825 1880 2874 posteris
1907 2832 2035 2861 tamen
2062 2834 2119 2858 re-

1144 2891 1250 2931 cepta
1279 2880 1405 2926 fuiffe,
1433 2881 1570 2918 docent
1595 2881 1672 2929 ejus
1691 2878 1764 2915 Dei
1781 2876 2006 2924 pulvinaria,
2034 2874 2119 2910 Do-

1144 2934 1291 2971 mitiani
1307 2942 1480 2981 tempore
1500 2931 1615 2969 faeta:
1643 2941 1738 2981 quae
1756 2927 1877 2966 adhuc
1897 2928 2043 2964 Rornae
2064 2924 2120 2962 vi-

1144 2984 1267 3025 suntur
1287 2995 1373 3025 cum
1393 2984 1447 3023 his
1465 2982 1597 3023 titulis:

1734 3080 1763 3117 F'
1990 3075 2117 3115 «iovi.

2113 530 2175 560 An.
2194 507 2266 561 nib,
