2516 3509
106 234 277 285 rumque
295 213 527 280 consensus,
561 217 691 262 maris
710 229 760 261 ae
781 222 921 260 terrae
938 216 1116 277 regimen
1136 216 1212 277 effe
1234 216 1369 261 voluit
1392 213 1610 272 certiffima
1620 211 1744 276 salus
1756 215 1928 276 patriae
1941 246 1958 273 ,
1977 206 1998 242 3
2022 217 2128 259 Cae-

93 300 203 364 fizr,
235 302 408 346 invoco:
442 301 462 331 ⁹
482 295 595 357 cujus
615 293 766 360 coesesti
776 291 1047 353 providentia
1070 297 1280 353 virtutes,
1313 294 1362 340 de
1384 292 1533 354 quibus
1559 293 1746 339 didurus
1775 293 1895 354 sum,
1923 292 2127 356 benignif-

90 384 199 442 fime
220 378 454 441 foventur:
487 379 602 424 vitia
624 374 882 439 fiveriffimo
906 376 1338 424 .vindicantur.Nam
1360 378 1404 436 st
1430 372 1557 434 prisci
1592 383 1774 420 oratores
1806 377 1860 421 ab
1883 375 2000 438 Jove
2025 377 2128 441 Opr.

96 461 230 510 Max.
255 460 354 507 bene
375 457 564 522 orstfimt
577 461 637 520 5st
655 457 1018 518 ¹0excelleuttffimi
1054 469 1178 505 vates
1212 459 1242 503 ὰ
1275 459 1439 504 numine
1470 455 1611 516 aliquo
1628 456 1841 516 principia
1880 467 2125 504 traxerunt.-

104 656 197 695 Non
214 653 341 694 debuit
350 654 450 694 hunc
467 654 596 706 locum
606 652 798 692 sollicitare
811 652 956 703 Lipfius
977 651 1086 697 (scri-

101 707 192 746 bens
210 707 252 744 ab
271 707 458 755 illustribus
474 705 664 743 anaort'bus
680 703 855 755 deligere.)
885 703 1084 752 Impulitin

99 758 176 797 hoc
194 758 363 797 mutandi
383 758 641 808 praecipitium
662 756 819 793 verbum
839 754 983 806 deligere
1005 766 1085 793 non

98 808 200 847 ruste
226 808 481 854 intelleeuum
508 807 613 858 quod
631 806 680 844 est
700 806 888 855 carpendo
913 805 1084 842 detrahere

98 868 147 896 ω’
167 862 203 896 in
223 859 444 910 compendium
463 859 622 910 redtgere.
678 856 735 895 Sic
753 857 946 904 superioris
973 856 1083 892 seculi

99 910 292 962 scriptores
314 910 504 958 elegerunt
533 907 729 946 materiem
747 905 925 944 scribendi
938 919 949 947 ;
980 915 1084 941 eam-

42 988 45 989 ν
95 973 171 1012 que
197 962 348 1013 quisque
366 971 434 1009 pro
455 959 490 996 se
510 959 614 997 latius
636 955 885 994 diffundendo
907 953 1083 992 excolue-

96 1020 185 1051 runt
198 1041 208 1058 ,
236 1022 349 1062 quam
370 1018 411 1048 ut
428 1009 589 1047 breviter
606 1007 781 1056 cognosci
800 1006 918 1056 poffit.
969 1005 1085 1043 Vale-

98 1064 172 1103 rius
191 1063 313 1114 delegit
326 1060 451 1105 illam,
479 1059 658 1104 detrahit,
687 1060 726 1096 δε
746 1057 878 1097 recidit
895 1055 1083 1094 luxurian-

96 1115 148 1153 tia
166 1141 177 1159 ,
215 1112 379 1161 excerpit
405 1111 569 1160 denique
588 1122 632 1148 ac
660 1109 827 1159 seponit,
855 1107 961 1159 quod
979 1117 1084 1157 putat

95 1167 180 1203 fore
198 1163 435 1202 documento
455 1164 493 1201 &
515 1160 702 1211 exemplo.
755 1161 814 1199 Sic
834 1160 879 1198 L.
898 1171 959 1196 111.
980 1160 1022 1198 C.
1046 1171 1080 1210 3.

96 1214 286 1264 Crepund.
313 1214 651 1252 GEBHARDUS.
690 1211 871 1249 Meurfius
892 1211 1000 1260 legit,
1028 1210 1080 1247 di-

88 1280 219 1318 gerere.
271 1265 319 1303 Et
336 1265 419 1303 sane
438 1265 485 1302 fic
507 1266 643 1303 Cicero
663 1263 708 1301 de
730 1264 809 1301 Inv.
836 1276 865 1301 1.
886 1274 944 1312 30.
963 1261 1080 1313 ds‘fire-

96 1310 140 1355 η’
158 1325 206 1355 <J
234 1317 333 1354 elefle
360 1315 594 1366 digereremus.
634 1314 968 1353 PERIZONIUS.
1022 1314 1080 1352 Sic

97 1367 262 1418 conjecit
281 1378 436 1419 quoque
464 1368 587 1405 nescio
618 1367 698 1417 quis
720 1367 775 1405 vir
795 1364 990 1411 Eruditus,
1018 1377 1083 1403 cu-

90 1421 153 1470 jus
172 1419 315 1468 aliquot
334 1418 487 1458 notulae
508 1418 729 1459 variantibus
748 1417 968 1455 leffionibus
988 1417 1083 1454 duo-

100 1481 185 1509 rum
213 1469 336 1510 Codd.
367 1470 674 1514 membranacei,
709 1469 748 1507 δε
780 1468 975 1507 Chartacei
1002 1468 1084 1506 sunt

97 1521 288 1560 admixtae
300 1549 311 1566 ,
322 1522 360 1559 &
372 1521 571 1571 adscriptae
583 1521 739 1559 editioni
750 1519 947 1559 Duacenfi.
959 1519 1082 1569 Quid?

100 1573 138 1612 Si
155 1572 320 1622 legamus
333 1600 345 1617 ‚
371 1572 445 1615 <Ab
464 1573 651 1621 illustribus
668 1571 759 1609 edita
777 1571 966 1608 aunon-ibus
979 1574 999 1609 ἒ

150 1636 184 1672 ς.
211 1622 350 1660 Modico
376 1623 585 1661 voluminum
617 1622 775 1672 numero]
815 1623 907 1660 Satis
937 1622 1084 1660 Latine.

99 1674 248 1712 Vossius
274 1686 304 1713 1.
326 1685 385 1724 33.
406 1674 454 1712 de
472 1674 812 1718 Vit.L.S.scribit‚
840 1672 1000 1710 modicum
1014 1685 1082 1722 pro

98 1724 229 1775 pusillo
251 1727 290 1764 ὃς
311 1726 449 1775 exiguo
470 1734 591 1765 aetate
620 1725 777 1764 demum
805 1725 1017 1763 Domitiani
1046 1726 1084 1762 &

98 1775 259 1827 ‘Trajani
276 1775 350 1815 dici
368 1785 560 1827 coeptum.
612 1777 759 1816 Verum
780 1784 931 1826 apparet
952 1778 990 1814 &
1016 1787 1088 1813 no-

97 1828 211 1866 strum
224 1855 236 1872 ‚
262 1828 325 1878 qui
344 1828 428 1866 sane
447 1828 510 1866 sub
523 1827 682 1867 Tiberio
702 1829 816 1873 vixit,
835 1828 885 1866 ita
904 1824 1087 1877 scripsisse.

96 1878 186 1917 Imo
214 1878 288 1929 ipse
316 1879 453 1918 Cicero
482 1881 521 1918 δε
550 1880 681 1920 Livius
715 1880 766 1919 ita
794 1880 977 1929 usurpant.
1032 1879 1089 1918 Ut

98 1942 139 1969 v.
159 1930 218 1970 16.
244 1929 292 1968 ad
310 1931 400 1969 fam.
426 1929 582 1968 adhibere
609 1933 764 1984 aliquam
793 1930 953 1968 modicam
978 1933 1089 1979 confi,-

93 1981 163 2020 lat.
192 1982 323 2020 Livius
345 1982 431 2020 xitv.
450 1993 510 2020 22.
538 1981 662 2020 modico
688 1982 737 2019 ibi
760 1981 926 2033 praesidio
954 1982 1084 2021 relic'lo.

97 2032 281 2071 Ceterum
309 2045 355 2071 ex
383 2033 502 2071 verbis
530 2033 671 2072 Valerii
691 2035 821 2072 &hoc
839 2040 1013 2083 apparet,
1040 2045 1084 2071 u-

98 2083 182 2120 nius
217 2082 297 2122 libri
332 2083 436 2134 plura
469 2083 577 2133 poffe
611 2084 684 2123 effe
718 2087 905 2123 volumina.
958 2085 1017 2122 Sic
1044 2086 1084 2123 &

99 2133 233 2181 Nepos
249 2136 416 2184 epistolar.
451 2138 520 2174 Cic,
547 2135 594 2173 ad
614 2140 711 2178 eAtt.
730 2137 904 2174 volumina
914 2135 1085 2186 sexdecim

97 2192 286 2222 numerat.
336 2186 526 2224 Dicuntur
542 2196 670 2226 autem
689 2189 886 2231 volumina,
914 2187 1019 2238 quod
1045 2199 1084 2225 e·-

102 2234 257 2285 pistolae
268 2261 279 2279 ‚
291 2235 410 2274 aliave
421 2264 432 2281 ‚
443 2237 620 2287 descripta
640 2240 781 2277 circum
801 2240 944 2287 lignum
962 2238 1085 2276 invol-

102 2293 293 2323 verentur.
341 2286 443 2324 Vide
463 2288 611 2325 Manut.
629 2289 678 2326 ad
693 2301 755 2326 111.
777 2301 811 2335 7.
830 2291 924 2337 Epp.
936 2289 982 2326 ad
994 2291 1084 2326 fam.

103 2336 304 2375 VORST.
331 2335 477 2373 Eadem
496 2337 575 2373 fere
591 2338 703 2376 habet
715 2338 761 2374 de
774 2340 928 2374 Latinit.
948 2339 1085 2374 merito

102 2386 265 2436 suspesta
278 2415 288 2431 ‚
316 2387 408 2436 Cap.
426 2397 462 2423 2.
496 2385 580 2434 Ego
599 2394 728 2424 tamen
747 2397 816 2435 pro
833 2387 963 2434 Pufillo
983 2386 1089 2423 modi-

99 2453 172 2476 cum
191 2438 359 2487 optimos
377 2437 568 2485 scriptores
594 2435 720 2474 dixiffe
745 2448 825 2487 non
842 2445 995 2486 putem,
1020 2438 1084 2476 sed

99 2489 149 2528 de
169 2500 218 2526 eo
231 2516 240 2533 ,
268 2487 372 2539 quod
391 2490 486 2526 inter
505 2498 684 2536 magnum
705 2489 744 2526 ὃς
763 2488 938 2536 exiguum
959 2488 1008 2526 est
1026 2488 1084 2526 in-

98 2539 312 2588 terjetstum.
357 2539 413 2578 Ita
431 2539 494 2576 hic
513 2537 636 2576 modico
652 2540 861 2576 voluminum
879 2553 1012 2576 numero
1039 2539 1084 2577 fi—

99 2589 276 2640 gnificat,
302 2602 382 2628 non
401 2589 610 2628 admodum
630 2601 782 2639 magno.
833 2590 970 2640 Neque
981 2590 1084 2628 enim

101 2643 270 2679 hominem
297 2640 443 2680 modicae
458 2643 615 2691 staturae
631 2641 764 2681 dixeris
780 2670 791 2688 ,
817 2641 881 2692 qui
907 2642 956 2681 est
977 2641 1086 2692 pufil-

101 2695 172 2732 lae.

155 2744 192 2783 6.
216 2744 540 2794 Felicifieperiorum
557 2741 667 2793 stilo]
696 2745 838 2794 Magna
854 2744 1008 2783 varietas
1033 2743 1087 2781 le-

108 2793 245 2834 &ionis
272 2796 311 2833 in
335 2794 434 2833 libris
460 2795 734 2844 manuscriptis,
761 2807 855 2846 quos
879 2795 1087 2834 liberalitati

105 2845 278 2895 singulari
312 2846 525 2884 nobiliffimi
563 2846 754 2895 Bongarfii
780 2847 950 2885 Oratoris
978 2846 1087 2895 Regii

104 2905 281 2946 acceptos
302 2898 437 2935 refero.
463 2898 573 2935 Unus
590 2897 688 2935 Petri
705 2897 870 2935 Danielis
889 2899 938 2936 V.
955 2898 1000 2936 C.
1018 2910 1089 2935 no-

106 2958 199 2986 men
229 2948 490 2997 praescriptum
516 2949 672 2987 habebat
691 2976 702 2993 ,
736 2960 814 2998 quo
840 2950 1088 2988 vetustiorem

107 2998 227 3037 alium
244 3006 309 3037 aut
327 3000 525 3038 meliorem
544 3000 687 3039 nullum
706 2999 794 3038 vidi.
847 2998 890 3036 In
910 3012 958 3038 eo
986 3000 1088 3049 lege-

107 3046 220 3090 bam:
246 3051 350 3090 Felici
358 3052 525 3102 superiori
534 3053 631 3103 stilo.
686 3051 731 3092 In
748 3050 865 3091 altero
882 3050 1088 3102 Bongarsiiz

1971 542 2006 562 ¹¹
2032 552 2128 584 mea

1136 649 1258 688 Felicis
1268 649 1376 699 seculi
1386 647 1481 697 stilo.
1533 648 1640 698 Quid
1651 645 1805 689 dicam?
1833 646 1995 697 Vulgata
2013 649 2125 690 lecito

1138 702 1300 740 omnino
1313 701 1434 750 refipit
1443 700 1674 750 superiorum
1695 699 1847 738 illorum
1866 700 2124 742 correerorum

1137 753 1329 791 infelicem
1354 752 1486 791 stilum.
1537 752 1641 789 Vera
1661 780 1672 796 ‚
1710 752 1749 788 ni
1775 751 1884 789 fallor
1906 778 1916 795 ,
1952 751 2126 800 scriptura

1139 806 1258 840 felicis
1269 804 1377 853 J'eeuli
1386 804 1482 849 stilo.
1537 803 1789 851 Quintilianus
1807 801 1959 851 dialogo
1971 802 2016 839 de
2030 804 2127 840 Ora«

1135 855 1244 891 torib.
1265 858 1417 890 Ceterum
1431 853 1524 899 felix·
1549 852 1743 890 illudwut
1762 868 1849 890 more
1868 856 1973 901 nostro
1984 855 2104 904 loquar
2118 880 2129 897 ‚

1135 904 1442 951 aureumseculum.
1468 900 1541 940 Sed
1564 904 1758 941 aestiment
1776 903 1888 942 dodii.
1929 905 2125 944 COLER„

1135 955 1244 990 Felici
1263 956 1471 1002 superiorum
1504 953 1591 994 nilo.
1642 953 1762 1002 Quod
1793 954 1949 992 Colerus
1979 956 2125 993 testatur

1136 1005 1175 1041 in
1197 1003 1507 1042 MS.P.Danielis
1527 1002 1620 1047 effe,
1628 1007 1724 1051 felici
1737 1006 1903 1054 superiori
1911 1007 2126 1050 stilo,idem

1136 1055 1227 1096 illud
1247 1057 1408 1094 occurrit
1427 1054 1520 1093 mihi
1537 1054 1575 1093 in
1588 1054 1830 1093 Leidenfibus
1848 1055 1987 1105 septem
2001 1086 2010 1102 ‚
2021 1065 2126 1095 utro-

1134 1119 1210 1157 que
1238 1106 1489 1157 Ultrajeeiino
1512 1135 1523 1151 ‚
1559 1107 1744 1145 Mediceo
1767 1106 1914 1156 primo,
1943 1109 1981 1146 &
2000 1110 2126 1158 primo

1137 1159 1251 1196 etiam
1272 1160 1470 1197 Vaticano.
1509 1159 1629 1194 Felicis
1639 1159 1747 1208 seculi
1766 1159 1921 1196 invenio
1942 1159 1979 1196 in
2001 1161 2126 1209 primi-3

1132 1209 1239 1248 Paris.
1258 1211 1297 1248 δε
1316 1209 1536 1248 Heinfiano.
1588 1209 1725 1247 Parum
1764 1209 1884 1255 abest,
1924 1211 2015 1260 quin
2044 1223 2125 1249 cre-

1134 1261 1222 1299 dam
1257 1261 1451 1299 auetorem
1487 1258 1656 1309 scripsisse
1684 1261 1787 1298 Felici
1816 1262 1922 1309 seculi
1943 1264 2128 1311 superioris

1125 1315 1209 1360 stilo
1227 1311 1406 1350 conditam.
1440 1310 1488 1348 fic
1509 1310 1553 1348 L.
1578 1324 1633 1350 ΙΙ.
1652 1324 1690 1361 9,
1711 1324 1744 1358 4.
1773 1313 1863 1362 ipsae
1882 1312 2007 1348 medius
2018 1313 2129 1361 fidius

1130 1366 1251 1401 literae
1262 1366 1367 1411 seculi
1386 1363 1488 1410 nostri
1507 1361 1719 1412 obstupefi'ere
1738 1363 1821 1399 mthi
1839 1361 2011 1401 videntur.
2025 1366 2063 1401 &
2077 1365 2126 1401 L.

1137 1428 1192 1454 rx.
1217 1427 1246 1454 1.
1268 1427 1301 1465 3.
1323 1417 1361 1453 ὃ(
1380 1415 1414 1453 6.
1442 1425 1539 1465 quae
1566 1413 1649 1452 loca
1684 1425 1770 1451 cum
1800 1412 2022 1462 adscripserit
2044 1416 2124 1453 Gn<

1135 1467 1214 1504 dius
1234 1495 1245 1511 ,
1282 1465 1455 1504 credibile
1484 1465 1532 1503 est
1554 1494 1564 1510 ,
1605 1466 1718 1503 etiam
1746 1465 1849 1502 illum
1871 1463 2121 1504 dorstissimum

1137 1519 1259 1555 virum
1281 1529 1421 1556 vocem
1449 1517 1559 1554 seculi
1585 1516 1646 1554 hic
1665 1515 1955 1564 adspernandam
1974 1528 2053 1554 non
2066 1518 2130 1566 ju-

1138 1567 1284 1607 dicasse.
1339 1569 1375 1606 Si
1393 1577 1522 1607 tamen
1543 1567 1582 1604 in
1601 1568 1671 1605 hac
1689 1567 1797 1604 MSS.
1817 1568 1996 1605 varietate
2007 1567 2130 1618 placet

1138 1620 1230 1659 nihil
1252 1620 1410 1664 mutari,
1437 1618 1475 1656 τὲ
1485 1620 1693 1669 superiorum
1714 1618 1868 1663 dixerit,
1896 1627 1937 1655 ut
1958 1619 2003 1656 L.
2018 1632 2072 1657 11.
2098 1633 2133 1657 1.

1144 1685 1202 1711 10.
1253 1670 1329 1713 ..Ad
1359 1672 1463 1708 tibias
1483 1671 1619 1722 egregia
1640 1671 1849 1719 superiorum
1871 1672 1966 1721 gesta
1987 1672 2130 1707 carmine

1136 1723 1364 1774 comprehensa
1388 1723 1594 1773 pangebant.
1645 1723 1774 1769 Quem
1801 1720 1930 1757 locum
1953 1721 2008 1758 Cl.
2027 1722 2128 1759 Peri-

1137 1775 1269 1813 zonius
1288 1773 1531 1823 adscripserat.
1559 1775 1652 1821 Quo
1669 1772 1770 1809 sensu
1787 1771 1960 1810 dixerunt
1970 1775 2124 1822 superior

1139 1826 1347 1876 Dionysius,
1367 1826 1521 1875 superior
1540 1827 1671 1872 Cyrus,
1688 1824 1840 1870 superior
1860 1825 2080 1870 Africanus.

1190 1889 1224 1924 7.
1251 1875 1490 1926 attentiore]
1519 1875 1632 1913 Multi
1649 1874 1758 1912 MSS.
1774 1874 1912 1911 habent
1922 1874 2102 1911 attentiori
2112 1879 2128 1919 ,⁴

1138 1941 1210 1980 qua
1231 1929 1354 1966 forma
1373 1929 1411 1966 in
1438 1928 1515 1965 hoc
1537 1926 1618 1964 casu
1637 1925 1742 1974 saepe
1763 1925 1946 1974 adjeffiva
1966 1937 2121 1974 compa-

1137 1981 1244 2019 rativi
1254 1979 1386 2028 gradus
1397 1979 1524 2028 scripta
1535 1977 1653 2027 reperi
1666 2005 1676 2022 ,
1687 1976 1792 2027 quod
1810 1976 1923 2015 semel
1934 1975 2120 2015 monuisse

1135 2031 1331 2070 suffecerit.

1189 2083 1225 2122 8.
1252 2083 1379 2132 Caesar
1403 2080 1543 2131 invoco]
1582 2078 1680 2118 Cod.
1707 2089 1825 2123 unus,
1862 2079 1986 2128 Caesar
2011 2077 2126 2118 Tiberi

1137 2147 1265 2172 invoco.

1188 2199 1224 2236 9.
1252 2188 1359 2234 Cujus
1377 2184 1502 2232 coelesti
1518 2180 1733 2231 pro-videntia
1751 2177 1915 2228 virtutes]
1947 2180 2037 2217 Non
2050 2188 2128 2220 erat

1138 2235 1244 2286 quod
1263 2236 1461 2276 Tiberium
1480 2234 1576 2272 adeo
1593 2233 1772 2270 laud-aret.
1801 2231 1894 2268 Sane
1908 2231 2045 2269 Seneca
2058 2245 2120 2270 111.

1137 2287 1198 2324 26.
1219 2287 1265 2324 de
1285 2286 1415 2323 Benef.
1435 2285 1584 2323 ‘testatur
1598 2311 1608 2327 ‚
1627 2282 1691 2331 suh
1711 2281 1844 2318 Tiberio
1863 2281 2037 2330 accusandt
2054 2286 2128 2329 sre-

1139 2346 1293 2384 quentem
1313 2344 1359 2371 &⁶
1374 2346 1458 2386 pene
1474 2334 1639 2384 publicam
1655 2331 1780 2369 rabiem
1792 2333 1914 2380 fut'ffe:
1926 2333 2011 2369 nihil
2024 2334 2124 2382 fuisse

1139 2396 1273 2422 tutum.-
1298 2399 1423 2421 omnem
1443 2383 1621 2434 saeviendi
1645 2383 1801 2433 placuisse
1822 2383 2026 2430 occasionem.
2080 2386 2122 2421 In

1141 2447 1255 2485 quam
1273 2435 1494 2474 sententiam
1514 2436 1630 2473 multa
1650 2445 1804 2485 quoque
1833 2434 2030 2473 Suetonius
2056 2435 2121 2473 ha-

1136 2485 1209 2525 bet.
1236 2487 1432 2525 VORST.

1199 2551 1254 2577 10.
1280 2533 1547 2585 Excellentiffi'mi
1564 2533 1688 2585 vates]
1719 2534 1778 2573 Sic
1797 2535 1906 2584 plane
1924 2537 2034 2574 etiam
2054 2534 2119 2572 Li-

1137 2590 1217 2628 vius
1236 2590 1274 2627 in
1291 2589 1541 2627 Praefatione.
1566 2588 1812 2626 PERIZON.

1190 2654 1247 2680 11.
1273 2644 1363 2677 Mea
1387 2638 1573 2690 parvitas]
1604 2639 1732 2676 Utitur
1758 2638 1942 2676 vocabulo
1971 2634 2117 2673 Tullius

1140 2691 1187 2730 de
1206 2691 1442 2730 universitate
1456 2690 1536 2736 ‚sed
1554 2692 1592 2728 in
1611 2689 1874 2739 significatione
1894 2687 2118 2737 quantitatis.

1138 2746 1241 2795 Qae
1265 2745 1353 2780 cerni
1376 2758 1440 2780 non
1459 2742 1584 2791 possent
1607 2751 1739 2791 propter
1760 2740 1982 2787 parvitatem.
2037 2737 2117 2774 Va-

1137 2794 1246 2832 lerius
1263 2803 1389 2832 autem
1408 2806 1476 2843 pro
1494 2793 1634 2830 vilitate
1661 2792 1722 2829 seu
1747 2789 1955 2827 humilitate
1981 2788 2088 2837 ponit
2100 2801 2111 2830 ;

1139 2848 1228 2895 Qua
1243 2846 1282 2883 in
1303 2845 1567 2895 significatione
1586 2844 1662 2892 ejus
1679 2840 1869 2889 primitivo
1885 2852 2012 2890 parvus
2027 2840 2112 2882 ‚soe-

1140 2909 1188 2946 pe
1213 2905 1357 2935 veteres
1382 2896 1463 2934 sunt
1488 2894 1552 2933 ufi.
1603 2893 1706 2931 Huic
1743 2893 1923 2929 contraria
1958 2902 2033 2927 vox
2061 2889 2112 2927 est

1135 2947 1319 2999 granditas
1339 2948 1440 2988 Tull.
1467 2946 1635 2995 usurpata
1664 2945 1701 2982 in
1729 2943 1844 2981 Bruto
1873 2955 1940 2992 pro
1960 2943 2111 2979 Demo·

1136 3000 1297 3037 sthenica
1323 2998 1509 3042 σεμνότηῖι,
1535 2997 1574 3035 id
1593 2996 1663 3040 est,
1691 2994 1868 3044 gravitate
1898 2993 2112 3031 verborum.

1138 3050 1366 3092 PIGHIUS.
1394 3047 1719 3137 Servilissertng&
1731 3045 1903 3085 cellarius.
1929 3045 2013 3095 Ego
2024 3042 2110 3080 sane

1706 3107 1727 3134 ι
2029 3104 2114 3143 par-
