2516 3509
360 142 466 212 775
561 127 967 189 VALERII
1034 96 1428 180 ’ΜΑΧῙΜΙ
1504 120 1627 175 Lm.
1660 117 1827 178 vm.
1868 116 2171 174 cmxv.

148 242 314 296 Arsi-&1522
359 235 455 280 ficri
491 243 734 295 oportere,
767 227 994 275 exercitus
1029 222 1230 270 senatum
1262 218 1402 266 literis
1434 215 1688 263 admonuit.
1755 216 1827 262 Ita
1859 213 2021 262 nescias
2051 248 2066 274 ‚
2107 228 2262 262 utrum
2299 215 2364 262 illi

146 293 342 357 ἷιῖἑζχζῖζη.
360 313 458 376 plus
491 309 667 356 decoris
701 309 889 354 Patrum
926 301 1291 366 conscriptorum
1326 296 1603 354 aufilmritas,
1645 311 1702 341 an
1732 294 1933 340 militum
1966 292 2208 340 confilium
2243 295 2364 359 adje-

361 393 488 439 cerit.
557 391 699 454 Toga
733 386 854 436 enim
879 388 1142 452 Scipionem
1180 383 1345 429 ducem
1380 377 1582 426 adversus
1614 379 1793 424 Poenos
1825 377 2018 434 creavit,
2058 392 2179 422 arma
2213 395 2365 442 popo-

361 472 557 519 scerunt.
626 470 718 516 Cui
753 486 865 534 quae
899 470 947 514 in
981 469 1076 515 vita
1109 463 1353 529 praecipua
1386 457 1597 523 affignata
1630 457 1732 504 sunt
1760 490 1775 515 ‚
1821 455 1868 501 &
1900 455 2094 518 longum
2128 455 2193 502 est
2224 456 2361 504 refer-

363 570 437 614 re,
473 551 578 615 quia
613 550 755 596 multa
767 571 781 607 5
821 550 987 597 &non
1023 543 1343 599 neceffiiriurn,
1378 539 1484 603 quia
1518 540 1689 604 majore
1710 553 1766 583 ex
1791 547 1917 598 parte
1945 536 2042 598 jam
2076 536 2212 583 relata
2245 536 2362 585 sunt.

2218 625 2232 655 5
2271 619 2363 667 Ita-

370 770 544 811 tempore
583 761 756 810 Superior
786 760 983 797 Africanus
1012 770 1111 795 anno
1143 769 1224 806 549.
1269 755 1336 792 ite-

371 825 452 850 rum
481 826 578 850 anno
611 814 695 862 560.
733 821 899 849 ceterum
930 811 976 847 de
1004 810 1266 847 admonitione
1296 805 1339 842 il-

368 864 401 900 la
436 866 613 901 exercitus
643 864 687 901 ad
715 864 891 901 Senatum
925 863 1143 899 Romanum
1168 857 1262 896 fasta
1282 857 1338 893 ni—

368 915 568 953 liiliLivius
600 914 747 958 scribit,
773 913 876 963 quod
905 911 1081 962 equidem
1105 912 1228 949 sciam.
1284 908 1339 944 Ita

369 978 443 1014 que
483 967 585 1003 valde
617 978 749 1003 vercor
778 966 838 1002 hic
875 962 1104 1001 scribendum
1128 987 1137 1003 ,
1189 960 1340 1004 inferiori

367 1020 550 1062 „Askitaao
570 1045 580 1060 ,
618 1029 695 1054 uon
726 1017 891 1065 Superiori
955 1015 1055 1051 Nam
1086 1014 1123 1050 ὅ(
1154 1013 1191 1048 in
1219 1010 1340 1058 proxi·

369 1080 432 1104 me
460 1069 634 1118 sequente
672 1067 846 1115 exemplo
877 1064 924 1102 de
958 1065 1128 1105 Catone,
1177 1062 1341 1111 Scipionis

369 1122 541 1164 Inferiores
583 1118 621 1155 fit
663 1119 817 1156 mentio.
884 1116 1023 1153 Lector
1061 1113 1148 1163 quid
1192 1114 1341 1162 sequen-

369 1170 458 1206 dum
482 1170 521 1207 fit
541 1169 713 1217 dispiciat.
742 1167 1013 1206 GLAREAN.
1044 1166 1208 1213 Superiori
1223 1165 1337 1206 wifri-

366 1235 445 1256 ωηο
470 1223 658 1268 consulatus
679 1223 808 1256 citerior
831 1221 980 1267 legitimo
1003 1229 1143 1266 tempore
1161 1215 1260 1251 datus
1282 1217 1338 1261 est.

365 1271 462 1321 ond
480 1273 559 1318 fieri
588 1283 754 1320 oportere,
783 1271 943 1307 exercitus
966 1271 1121 1315 senatum
1150 1267 1256 1301 literis
1278 1264 1339 1300 ad-

363 1326 500 1360 monuit.
555 1326 610 1358 Ita
645 1325 769 1371 nestias
798 1334 907 1357 utrum
943 1321 997 1355 illi
1023 1320 1100 1368 plus
1128 1316 1250 1352 decoris
1277 1329 1339 1365 pa-

362 1385 449 1409 trum
487 1375 736 1422 conscriptorum
772 1372 955 1408 austeritas
992 1385 1037 1405 cm
1067 1371 1213 1404 militum
1238 1368 1340 1414 confi-

363 1426 447 1460 lium
475 1425 644 1468 adfecerit.
697 1426 789 1474 Toga
820 1425 905 1459 enim
932 1423 1115 1470 Scipionem
1142 1419 1252 1455 ducem
1278 1418 1342 1453 ad-

364 1480 477 1523 versus
522 1479 646 1511 Poenos
687 1477 845 1517 creavit,
899 1487 993 1508 arma
1026 1473 1248 1521 poposcerunt.
1299 1470 1341 1506 In

369 1525 590 1574 Campens1‚
618 1540 711 1562 arma
739 1528 948 1574 poposcerunt
978 1521 1125 1559 eundem.
1179 1522 1235 1558 Ex
1268 1532 1340 1570 qua

370 1578 478 1614 unica
506 1577 668 1614 dielione
694 1578 753 1614 hic
783 1575 923 1625 adjecta
948 1574 1083 1622 colligo
1104 1582 1224 1611 totam
1247 1572 1342 1608 hanc

370 1629 557 1665 historiam
597 1628 642 1665 de
669 1628 781 1666 literis
819 1628 862 1664 ab
891 1625 1054 1663 exercitu
1092 1624 1138 1662 ad
1174 1624 1342 1661 senatum

375 1679 483 1715 inillis
523 1690 714 1727 perperam
750 1678 769 1715 a
801 1677 949 1715 librariis
975 1677 1037 1713 hic
1072 1675 1242 1712 insertam
1274 1672 1344 1711 effe

377 1730 423 1767 ab
450 1730 624 1777 exemplo
662 1730 845 1767 inferioris
872 1726 1074 1764 Aemiliani
1106 1725 1316 1763 translatam
1334 1753 1344 1769 ‚

377 1793 464 1818 cum
497 1782 533 1818 ἃ
564 1781 611 1817 ibi
641 1780 699 1817 illa
730 1779 842 1817 diciio
867 1779 1066 1826 reperiatur
1094 1784 1178 1824 apte
1206 1775 1318 1824 posita
1336 1804 1346 1818 ,

377 1832 439 1869 hic
467 1831 642 1877 superflua
672 1830 722 1868 sit.
768 1830 839 1866 Cui
866 1840 972 1866 meae
994 1827 1195 1865 sententiae
1225 1825 1348 1862 suffra-

387 1892 493 1930 gatur
513 1882 681 1919 historiae
704 1882 853 1924 veritas,
873 1888 983 1930 atque
1004 1878 1166 1926 Appiani
1186 1877 1350 1913 Alexan-

383 1934 476 1971 drini
506 1933 723 1975 auctoritas,
752 1933 815 1981 qui
843 1931 914 1968 tale
943 1930 1032 1977 quid
1059 1929 1103 1965 de
1132 1928 1347 1965 Aemiliano

382 1986 516 2027 refert,
544 1984 673 2020 crebris
700 1984 835 2033 quippe
859 1982 1018 2019 militum
1048 1979 1158 2016 literis
1187 1991 1232 2016 ex
1252 1979 1351 2015 Afri.

385 2048 427 2073 ca
458 2036 593 2083 scriptis
619 2035 735 2083 ipsum
760 2037 907 2071 Romae
934 2031 1244 2069 commendatum
1269 2029 1351 2066 fuis-

385 2088 447 2127 se,
494 2086 623 2135 quibus
658 2085 850 2132 petebatur
876 2092 917 2121 ut
954 2083 991 2120 in
1020 2083 1187 2119 Africam
1226 2080 1353 2118 consul

388 2138 609 2174 mitteretur.
637 2138 696 2172 De
717 2136 901 2184 superiore
919 2135 1099 2171 Africano
1123 2133 1252 2169 Livius
1272 2132 1353 2181 qui-

390 2189 477 2225 dem
515 2187 633 2224 scribit
671 2186 797 2235 (cujus
834 2185 908 2223 istic
947 2185 1134 2223 historiam
1171 2184 1352 2231 integram

390 2239 592 2279 habemus)
628 2249 713 2274 euin
742 2247 826 2275 ante
847 2245 994 2284 tempus
1019 2235 1161 2283 ingenti
1181 2235 1354 2272 omnium

392 2291 523 2328 favore
551 2288 735 2326 consulein
772 2288 908 2326 factum
925 2316 935 2332 ‚
960 2286 1022 2324 secl
1051 2287 1096 2324 de
1125 2286 1234 2323 literis
1262 2285 1358 2322 inili-

394 2351 475 2378 tum
503 2340 643 2389 prorsus
672 2339 771 2377 nihil.
824 2341 1062 2387 Quapropter
1093 2338 1219 2375 omnia
1246 2337 1357 2373 verba

398 2394 473 2440 jam
510 2400 685 2429 annotata
726 2391 769 2427 ab
808 2388 981 2438 exemplo
1017 2390 1090 2426 hoc
1130 2387 1357 2425 excludenda

395 2452 512 2491 puto,
541 2452 650 2492 atque
680 2442 803 2490 postea
828 2441 892 2478 suo
918 2440 1029 2482 loco,
1058 2439 1119 2477 ubi
1150 2439 1195 2476 de
1228 2439 1358 2477 Aemi-

395 2495 483 2532 liani
512 2492 700 2531 consulatu
728 2492 837 2528 verba
870 2491 956 2529 facit
979 2518 988 2534 ,
1032 2490 1221 2528 inserenda
1264 2489 1358 2533 effe,

400 2554 441 2583 ut
468 2553 559 2582 tunc
586 2543 762 2581 dicemus.
816 2542 877 2579 De
908 2541 1091 2588 superiore
1113 2550 1234 2578 autem
1257 2542 1359 2578 Afri-

397 2609 493 2635 cano
524 2596 585 2632 hic
611 2594 662 2632 ita
688 2592 885 2642 legendum
915 2592 1090 2634 arbitror,
1119 2594 1361 2638 Superioriffl-

385 2650 520 2691 fricano
549 2646 737 2694 consulatus
761 2646 891 2681 citerior
921 2644 1068 2692 legitimo
1095 2654 1235 2692 tempore
1262 2643 1362 2679 danes

399 2701 468 2742 est,
513 2699 564 2732 cm*
597 2711 682 2744 quae
709 2698 745 2732 in
769 2696 844 2732 vita
872 2696 1047 2742 praecipua
1071 2693 1230 2743 affignata
1258 2697 1362 2742 stmt,

403 2758 477 2787 effe.
502 2748 645 2785 PlGH.
668 2745 767 2797 Quod
789 2747 867 2793 fieri
897 2754 1041 2791 oportere
1068 2748 1244 2780 exercitum
1265 2748 1364 2792 sena-

404 2811 455 2836 tux
483 2801 594 2835 literis
620 2798 805 2834 admonuit.
832 2795 907 2833 Hic
931 2795 1045 2832 rursus
1074 2795 1268 2832 audaculus
1297 2796 1366 2833 fuit

406 2851 573 2897 Pighius,
596 2849 699 2898 quod
720 2849 811 2886 haec
830 2848 867 2885 ὃ(
887 2847 1057 2895 proxime
1077 2846 1263 2893 sequentia
1285 2858 1365 2882 ver«

402 2901 447 2938 ba
469 2902 645 2947 expunxit
658 2926 666 2940 ,
691 2901 728 2937 &
749 2899 794 2938 ad
812 2898 963 2936 tertium
985 2897 1028 2934 ab
1046 2897 1120 2933 hoc
1138 2895 1371 2942 exemplum,

405 2950 509 3001 quod
536 2950 582 2987 est
600 2951 780 2997 Scipionis
801 2948 1023 2991 Aemiliani,
1052 2947 1188 2990 reiecit.
1242 2947 1306 2984 Ait
1328 2947 1369 2983 il-

401 3004 435 3039 le
451 3031 460 3046 ‚
489 3000 743 3038 emendationi
768 3002 850 3038 suae
870 2999 1054 3047 suffragari
1084 2997 1252 3034 historiae
1275 2999 1369 3034 veri--

400 3062 533 3091 tatem.
587 3052 731 3090 Verum
752 3064 867 3102 quam
883 3050 987 3089 nihili
1012 3049 1050 3088 id
1069 3049 1109 3087 sit
1128 3049 1232 3098 quod
1254 3049 1370 3087 Valc-

1389 752 1483 789 rium
1522 763 1567 788 ex
1603 747 1775 787 historiae
1806 747 1959 785 veritate
1991 746 2191 784 emendare
2220 748 2362 793 voluit,

1391 803 1629 851 eundemque
1659 800 1839 848 nusquam
1863 795 1994 835 erraffe
2015 797 2171 835 credidit
2191 798 2338 847 Pighius
2353 829 2364 845 ‚

1390 854 1428 891 id
1456 855 1557 901 supra
1589 863 1667 889 non
1694 849 1807 887 semel
1845 849 2022 898 apparuit.
2074 849 2361 897 Respiciendum

1392 906 1515 954 potius
1542 911 1617 940 erat
1645 900 1689 939 ad
1719 900 1829 938 codd.
1860 900 1967 937 MSS.
1996 901 2033 936 &
2053 900 2282 949 antiquiores
2307 909 2368 950 ty-

1393 957 1444 1004 pis
1467 952 1669 1003 expressos:
1699 953 1762 1001 qui
1779 951 1930 1002 quidem
1955 961 2094 998 magno
2119 951 2295 990 consensu
2313 952 2361 990 fic

1395 1014 1434 1044 ut
1455 1018 1523 1044 nos
1545 1005 1688 1042 edimus
1706 1003 1853 1040 habent.
1883 1002 2079 1039 VORST.
2106 1001 2231 1039 Habet
2251 1004 2365 1042 etiam

1396 1059 1524 1096 omnia
1552 1056 1610 1093 illa
1633 1054 1766 1103 Copes.
1793 1053 1989 1091 hocloco.
2026 1052 2087 1090 sed
2121 1052 2290 1091 videntur
2318 1055 2367 1092 sa-

1395 1121 1443 1146 ne
1464 1106 1702 1146 commodius
1723 1104 1769 1142 ad
1790 1105 2046 1142 Aemilianum
2069 1105 2209 1143 referri.
2261 1106 2363 1144 Nam

1390 1161 1511 1208 major
1532 1158 1655 1206 Scipio
1681 1157 1760 1206 jam
1783 1165 1868 1193 ante
1891 1155 2122 1193 consulatum
2146 1155 2219 1192 dux
2248 1158 2369 1194 fuerat

1390 1223 1454 1260 per
1475 1211 1618 1260 aliquot
1644 1219 1761 1246 annos
1783 1214 1913 1244 contra
1934 1207 2083 1243 Poenos
2100 1234 2110 1250 ‚
2135 1207 2368 1245 Aemilianus

1391 1274 1483 1299 vero
1515 1259 1712 1303 nondum,
1753 1257 1916 1307 ideoque
1953 1259 1990 1294 &
2019 1257 2244 1294 aedilitatem
2277 1266 2367 1296 tunc

1392 1313 1550 1362 petebat.
1604 1309 1704 1348 Vide
1725 1309 1883 1357 Appian.
1913 1321 1947 1357 p.
1969 1308 2028 1345 68.
2057 1308 2124 1345 Ed.
2154 1309 2278 1357 Steph.
2301 1311 2366 1360 qui

1391 1365 1495 1402 locus
1525 1362 1622 1400 male
1646 1360 1851 1399 intellectus
1874 1361 1912 1397 &
1932 1360 2052 1396 versus
2082 1359 2125 1396 ab
2156 1360 2370 1408 interprete.

1394 1416 1465 1453 Sed
1492 1416 1529 1453 δε
1556 1415 1632 1451 hoc
1661 1423 1740 1450 non
1773 1408 1975 1448 observaffe
2012 1409 2157 1448 videtur
2187 1411 2370 1449 Valerius.

1394 1467 1493 1504 Vide
1513 1465 1624 1503 Auri.
1649 1464 1694 1501 ad
1713 1463 1855 1499 Heren.
1880 1462 1925 1498 L.
1952 1473 2013 1498 111.
2042 1473 2075 1498 2.
2101 1462 2192 1506 Utfi
2210 1461 2366 1499 deliberet

1393 1524 1536 1555 Senatus
1557 1517 1639 1552 bello
1658 1516 1777 1551 Italico
1793 1516 1951 1563 solvatne
1972 1512 2101 1562 legibus
2121 1514 2322 1562 Scipionem,
2335 1525 2374 1550 ut

1394 1584 1465 1606 eum
1493 1570 1593 1604 liceat
1615 1577 1694 1604 ante
1720 1577 1847 1614 tempus
1872 1565 2032 1611 consulem
2058 1564 2144 1606 fierI.
2199 1563 2269 1601 Sed
2291 1565 2372 1613 lege

1396 1633 1463 1670 pro
1493 1621 1634 1663 Italico,
1671 1619 1815 1663 eAfrico.
1840 1615 2086 1652 PERIZON.
2120 1614 2276 1652 Servant
2305 1628 2374 1654 eo·

1397 1672 1484 1710 dem
1504 1671 1593 1708 loco
1611 1669 1670 1707 illa
1691 1679 1824 1706 omnes
1845 1666 2006 1704 ownino
2027 1664 2132 1702 MSS.
2146 1665 2369 1704 crediderim

1400 1735 1485 1760 cum
1506 1722 1660 1759 Vorstio
1683 1721 1721 1757 ἃ
1739 1717 1936 1756 Perizonio
1966 1716 2055 1754 falso
2076 1716 2151 1753 hoc
2175 1716 2371 1757 Valerium

1402 1774 1566 1820 Scipioni
1605 1770 1780 1819 superiori
1808 1769 1979 1806 tribuere.
2031 1768 2109 1815 Qui
2137 1778 2238 1804 error
2266 1775 2372 1805 tanto

1402 1824 1542 1860 facilius
1568 1823 1691 1870 potuit
1720 1820 1936 1862 committi,
1963 1818 2048 1867 quia
2071 1818 2108 1854 δε
2130 1817 2190 1855 ille
2215 1818 2303 1856 citra
2321 1818 2375 1856 le-

1401 1875 1576 1922 gitimum
1607 1880 1755 1919 tempus
1781 1869 1906 1907 consul
1938 1868 2054 1906 faetus
2082 1868 2140 1905 est.
2177 1869 2372 1908 Praeterea

1401 1938 1445 1962 ex
1470 1923 1608 1961 Valerii
1628 1923 1744 1960 verbis
1770 1932 1900 1958 omnes
1921 1919 2168 1957 intellexerint
2189 1921 2372 1958 exercitus

1401 1976 1557 2014 nomine
1575 1974 1710 2011 litteras
1729 1973 1774 2010 ad
1795 1972 1911 2020 ipsum
1933 1971 2099 2008 senatum
2121 1970 2222 2008 datas
2240 1970 2346 2009 fuisse
2361 2000 2373 2016 ‚

1404 2035 1443 2064 ut
1467 2027 1590 2074 Scipio
1612 2024 1737 2062 consul
1755 2031 1940 2060 crearetur
1955 2049 1965 2065 ,
1998 2032 2083 2057 cum
2109 2021 2303 2071 Appianus
2327 2023 2381 2061 di-

1405 2086 1462 2115 cat
1479 2078 1553 2114 illas
1573 2076 1716 2124 scriptas
1737 2072 1841 2110 fuiffe
1863 2073 1930 2110 {zi-ci
1958 2072 1986 2108 ῗ
2013 2075 2189 2120 wyssam»
2210 2072 2296 2114 rare&
2321 2073 2381 2116 ‘tic

1404 2132 1505 2171 <vinee
1528 2133 1557 2175 ,ς
1584 2127 1717 2165 ῡὶκείες.
1754 2125 1839 2162 Iino
1868 2132 2117 2171 repugnarunt
2137 2123 2261 2162 Patres
2278 2125 2386 2163 Con-

1403 2179 1534 2228 scripti.
1564 2178 1649 2215 Liv.
1682 2176 1779 2224 Eplt.
1810 2188 1867 2224 50.
1913 2177 1957 2210 P.
1991 2175 2098 2221 Scipio
2129 2177 2384 2220 jemilianus,

1407 2245 1508 2280 quum
1535 2228 1746 2265 aedilitatem
1774 2237 1918 2276 peteret,
1942 2226 2051 2274 consul
2071 2229 2227 2276 apopulo
2255 2225 2389 2270 diffluas,

1409 2283 1566 2333 qnoniam
1600 2291 1657 2328 per
1692 2293 1795 2314 annos
1833 2277 1993 2325 consulem
2023 2276 2102 2323 fieri
2140 2292 2203 2314 non
2236 2277 2381 2323 licebat,

1407 2348 1476 2369 cum
1513 2333 1660 2368 maximo
1691 2329 1869 2366 certamine
1901 2325 2175 2377 suffragantibus
2209 2329 2350 2378 plebeiis
2375 2357 2386 2374 ,

1408 2382 1669 2434 repugnantibus
1698 2378 1912 2429 aliquamdiu
1934 2378 2112 2428 patribus,
2140 2380 2268 2432 legibus
2290 2381 2387 2430 solu·

1410 2448 1461 2474 tm
1486 2444 1531 2471 4⁷9·
1554 2435 1664 2480 consul
1691 2443 1820 2468 creatus
1850 2433 1905 2475 est.
2182 2463 2195 2474 ο

1464 2499 1495 2534 ς.
1526 2489 1645 2534 Itaque
1673 2482 1760 2533 quod
1788 2480 1882 2517 hodie
1904 2494 2031 2529 quoque
2050 2481 2209 2518 eximium
2233 2486 2303 2527 ejus
2321 2496 2388 2518 me-

1414 2540 1518 2573 moria
1544 2538 1632 2584 capit
1660 2532 1838 2581 adjiciam]
1869 2532 1911 2569 In
1932 2531 2187 2574 Atrebatenfi‚
2217 2531 2313 2579 Quod
2329 2533 2388 2569 lm-

1413 2589 1529 2638 dieque
1557 2587 1716 2623 eximium
1743 2586 1853 2632 capita
1878 2582 1995 2619 dicam.
2034 2582 2228 2620 Mendose.
2256 2584 2300 2620 In
2322 2583 2390 2621 Su·

1417 2638 1540 2681 fiano,
1569 2634 1859 2677 Winclieliano‚
1888 2635 1926 2671 &
1946 2632 2243 2678 Pulmanniano,
2272 2634 2388 2678 item,

1418 2689 1514 2737 Quod
1544 2687 1704 2738 hodieque
1732 2687 1893 2722 eximium
1919 2686 2006 2733 capit
2038 2683 2208 2728 adjiciam.
2245 2685 2395 2734 Legen-

1418 2741 1508 2778 dum
1544 2751 1654 2788 ergo,
1685 2740 1802 2786 ltaque
1828 2733 1915 2786 quod
1936 2733 2096 2784 hodieque
2122 2738 2281 2772 eximium
2303 2767 2309 2779 ,
2344 2749 2395 2773 ca-

1415 2793 1481 2840 piti
1504 2790 1675 2837 adjiciam.
1720 2788 1877 2836 Reliqua
1904 2786 1985 2823 sunt
2014 2786 2135 2824 adsuta
2164 2787 2208 2824 ab
2234 2788 2297 2831 iis,
2325 2787 2389 2836 qui

1419 2842 1656 2889 depravatam
1692 2839 1896 2876 lec'tionem
1932 2837 2117 2885 corrigere
2159 2837 2390 2880 voluerunt,

1419 2904 1461 2930 ac
1493 2893 1593 2929 velut
1618 2889 1877 2938 imperfeetam
1905 2887 2080 2936 supplere.
2107 2888 2248 2926 PIGH.
2289 2885 2391 2936 Quod

1419 2942 1576 2993 hodieque
1607 2943 1765 2978 eximium
1793 2941 1895 2988 capiti
1917 2938 2086 2988 adjiciam.
2116 2939 2170 2977 Ita
2192 2938 2391 2987 legendum

1420 3002 1525 3041 putat
1551 2993 1708 3041 Pighius.
1761 2993 1811 3029 At
1844 2989 1958 3028 Aldus
1990 2990 2178 3034 ediderat,
2216 2986 2310 3038 guod
2338 2987 2397 3023 bo-

1421 3044 1474 3083 die
1500 3059 1628 3096 quoqne
1657 3044 1816 3081 eximium
1846 3047 1917 3089 ejus
1954 3043 2110 3080 memoria
2140 3040 2228 3091 capit
2251 3067 2263 3085 ‚
2309 3037 2403 3096 ‹adji-

2303 3102 2406 3128 ctam.
