2516 3509
238 251 428 322 iiii-1⁴¹3&
445 298 502 329 ne
536 274 742 327 trahendi
774 269 882 318 belli
915 267 1220 332 respergeret,

237 332 383 403 ἓξὲξ-ΕΝ

240 423 265 446 1.
288 417 315 445 8.

345 331 402 360 Fa-

236 737 319 767 Ann.
341 731 408 763 urb.

238 785 293 811 37³
324 776 430 806 Livius
445 762 641 822 vellent,
677 771 813 820 atque
846 754 901 801 ad

234 827 421 890 {lxiiidiehus

236 900 389 934 Camillo.

436 102 549 172 656

737 79 1149 151 VALERII
1219 74 1597 136 MAXIMI
1634 78 1752 137 Lu.
1781 81 1914 142 vll.
1950 82 2096 143 cn.
2118 81 2227 144 111.

241 215 322 242 Arm.
344 203 411 236 uxb.
444 205 541 252 vim
577 205 588 226 ¹
628 190 925 244 saluberrimis
957 183 1327 235 cumitationibus
1360 196 1543 247 pugnae
1577 182 1918 246 ludificantem,
1960 199 2014 235 ut
2047 187 2194 252 aliqua
2225 183 2443 251 suspicioi

1255 263 1398 311 totius
1433 261 1590 309 Italiae
1623 277 1755 326 agros
1778 271 1795 293 ²
1820 265 1939 313 ferro
1970 280 2108 331 atque
2139 268 2238 332 igni
2271 265 2443 315 vastan-

386 376 433 402 nt·
447 360 544 419 do,
576 359 709 406 unius
742 355 837 417 ejus
872 348 1067 397 fundum
1104 348 1356 392 immunem
1389 341 1445 389 ab
1481 342 1573 388 hoc
1608 342 1799 405 injuriae
1833 360 1999 408 genere
2031 346 2230 410 reliquit.
2282 346 2445 394 Profe.

448 437 574 485 ciss'et
607 432 779 498 aliquid
813 430 928 478 tanti
962 424 1175 474 beneficii
1216 430 1228 460 ³
1266 419 1472 468 insidiosa
1504 419 1791 467 adumbratio
1812 455 1829 482 ,
1872 421 1954 469 nifi
1988 424 2227 472 Romanae
2259 423 2362 471 urbi
2394 424 2445 474 &

446 518 578 567 Fabii
612 518 782 581 pietas,
815 512 863 558 &
898 508 1132 556 Annibalis
1166 503 1277 552 vafri
1312 499 1459 548 mores
1495 500 1675 547 fuiffent
1709 502 1938 550 notiffimi,

512 597 781 648 Tusculanis
815 595 950 640 etiam
987 589 1195 652 acumine
1219 584 1395 632 consilii
1417 583 1705 629 incolumitas
1739 598 1866 646 parta
1896 584 1974 630 est.
2007 584 2132 631 Cum
2153 588 2275 635 enim
2301 594 2324 627 4
2344 604 2442 636 cre.

447 683 538 730 bris
572 675 938 727 rebellationibus
975 669 1259 727 meruissent,
1293 680 1346 713 ut
1379 667 1539 712 eoru'm
1573 665 1732 711 urbem
1768 665 1972 712 funditus
2005 667 2209 714 Romani
2242 683 2442 718 evertere

937 752 980 798 id
1014 746 1331 813 exequendum
1372 754 1385 784 5
1423 747 1585 793 Furius
1621 745 1869 804 Camillus,
1909 747 2138 793 maximus
2172 747 2295 808 dux,
2329 744 2439 798 vali..

444 843 620 891 dissimo
655 837 893 886 insti-u&us
929 832 1133 881 exercitu
1167 828 1376 877 venisset:
1413 826 1606 874 universi
1641 828 1682 873 ei
1714 827 1859 891 togati
1895 826 2077 874 obviam
2112 830 2443 893 processerunt,

447 920 841 983 commeatusque,
877 918 924 963 &
959 929 1107 962 cetera
1139 913 1258 976 pacis
1294 911 1448 957 munia
1478 908 1791 973 benigniffime
1827 907 2156 972 praestiterunt.
2193 913 2436 962 Armatum

448 1008 582 1054 etiam
602 1005 766 1050 intrare
786 999 963 1050 moenia
983 996 1089 1062 paffi
1110 995 1235 1053 sunt,
1256 1008 1338 1038 nec
1358 991 1518 1050 vultU‚
1553 1006 1635 1037 nec
1656 991 1816 1037 habitu
1839 1002 2032 1037 mutato.
2056 990 2164 1049 Qia
2187 994 2438 1046 constantia

450 1083 786 1149 tranquillitatis
807 1095 904 1128 non
919 1076 1069 1126 'folum
1092 1076 1148 1123 ad
1167 1075 1391 1121 amicitiae
1412 1072 1586 1120 nostrae
1602 1074 1703 1136 jus,
1738 1071 1811 1119 sed
1834 1071 1970 1120 etiam
2005 1069 2026 1099 ⁶
2059 1072 2115 1119 ad
2145 1079 2436 1125 communio-

445 1295 566 1333 tiones
598 1304 683 1331 cum
713 1291 780 1329 suis
808 1290 1005 1329 incolumis
1034 1285 1158 1325 evafit.
1210 1284 1317 1323 Idem
1347 1296 1413 1323 an-

445 1358 497 1384 no
522 1346 646 1395 postea
663 1343 826 1392 ejusdem
845 1341 929 1378 belli
950 1341 1105 1390 quinto,
1135 1339 1317 1376 Romanis
1342 1347 1414 1374 no-

444 1409 532 1435 vam
556 1393 701 1433 classem
730 1394 767 1430 in
789 1393 957 1431 Africam
989 1390 1239 1431 mittentibus,
1266 1388 1339 1436 ipse
1368 1386 1414 1425 ad

446 1459 529 1485 eam
554 1443 848 1494 conspiciendam
871 1455 889 1480 L
912 1442 1064 1480 navibus
1097 1441 1139 1477 in
1160 1438 1303 1477 Italiam
1328 1449 1412 1486 pro-

446 1498 587 1541 fectus,
617 1498 655 1533 in
684 1507 764 1532 eam
795 1495 889 1531 bene
918 1493 1126 1531 instructam
1157 1499 1414 1538 armatamque

446 1549 586 1597 illapsus
601 1576 611 1592 ‚
639 1557 680 1583 ac
701 1546 890 1592 inopinata
909 1545 947 1581 vi
969 1539 1154 1592 oppressus
1168 1570 1178 1586 ,
1201 1552 1314 1577 naves
1335 1540 1414 1577 fere

447 1610 579 1637 omnes
607 1596 735 1635 amisit.
756 1597 828 1645 ipse
855 1604 982 1632 tamen
1011 1601 1152 1642 praeter
1180 1592 1282 1639 spem
1310 1590 1412 1627 suam

445 1661 489 1687 ac
519 1650 737 1698 opinionem
768 1647 965 1690 omnium,
993 1656 1078 1682 cum
1111 1642 1234 1691 paucis
1261 1641 1412 1679 suorum

447 1700 604 1748 diffugit.
655 1700 752 1735 Mox
779 1697 947 1735 adversus
975 1695 1132 1732 eandem
1164 1689 1309 1729 claffem
1334 1692 1409 1728 Ro-

448 1763 598 1788 manam
628 1747 807 1786 Cornelio
834 1746 997 1788 miffam,
1029 1747 1064 1782 in
1087 1744 1188 1792 cujus
1216 1742 1344 1778 locum
1367 1742 1412 1780 C.

446 1801 604 1840 Duillius
631 1798 892 1847 subrogabatur
914 1825 924 1842 ‚
974 1793 1161 1833 Hannibal
1190 1792 1263 1830 dux
1297 1791 1412 1829 faetus

447 1853 562 1890 rursus
584 1850 780 1889 infeliciter
806 1855 955 1897 pugnat.
1007 1847 1125 1883 Porro
1143 1843 1220 1892 post
1241 1854 1323 1879 eam
1345 1854 1414 1890 pu-

448 1915 560 1952 gnam
591 1900 854 1948 Carthaginem
881 1897 1041 1936 reversus
1066 1896 1110 1933 ab
1133 1895 1200 1932 suis
1228 1893 1266 1930 in
1294 1892 1412 1930 Sardi-

448 1956 549 1992 niam
583 1964 668 1990 cum
698 1948 802 1988 claffe
832 1949 1013 1992 mittitur,
1042 1957 1083 1983 ac
1111 1945 1160 1982 ibi
1189 1956 1209 1981 a
1229 1944 1412 1981 Romanis

447 2005 636 2042 conclusus
651 2032 660 2047 ‚
687 1999 789 2039 claffe
807 2001 883 2038 fere
904 2008 984 2037 tota
1001 1994 1125 2035 amiss‘a
1139 2024 1149 2041 ‚
1166 1994 1239 2043 ipse
1259 2005 1323 2042 per
1340 1994 1411 2031 ho-

448 2055 555 2093 stium
585 2065 714 2091 manus
743 2051 914 2099 dilapsus,
943 2061 1032 2086 mox
1061 2059 1080 2084 a
1103 2043 1410 2093 Carthaginienss-

448 2105 512 2143 bus
540 2113 666 2153 captus
695 2105 733 2141 &
766 2100 959 2139 crucifixus
992 2097 1185 2136 occiditur.
1210 2097 1318 2134 Haec
1336 2096 1409 2133 Po-

447 2155 566 2204 lybius
603 2156 649 2192 L.
681 2167 694 2191 1
748 2153 810 2190 ubi
838 2164 886 2189 ne
918 2159 1033 2188 unum
1073 2148 1228 2185 verbum
1254 2147 1406 2197 quidem

450 2207 497 2245 de
517 2208 591 2244 hoc
604 2204 729 2255 ,quod
740 2203 908 2241 Valerius
927 2200 1411 2244 refert‚vaframent0‚non

451 2255 644 2295 omiffurus
659 2284 668 2300 ‚
683 2256 840 2304 opinor,
854 2252 878 2290 si
893 2264 1021 2289 verum
1043 2249 1139 2287 effer.
1154 2250 1187 2286 Si
1209 2261 1293 2286 cum
1309 2250 1413 2286 Han-

448 2321 575 2354 none,
602 2308 664 2356 qui
692 2318 777 2343 cum
800 2305 843 2341 C.
857 2303 1031 2340 Lilftatio
1055 2301 1184 2338 ultima
1200 2300 1308 2349 hujus
1328 2299 1412 2337 belli

449 2371 571 2408 pugna
590 2386 601 2402 ‚
644 2365 706 2394 aut
732 2356 778 2392 de
806 2350 1015 2392 H‘annibale
1039 2353 1118 2400 jam
1145 2350 1246 2389 dieto
1270 2378 1280 2394 ,
1316 2350 1413 2399 post-

448 2422 561 2459 quam
600 2420 685 2445 cum
726 2407 771 2443 C.
800 2404 941 2443 Duillio
979 2403 1175 2440 infeliciter
1211 2402 1412 2450 pugnavit,

447 2461 541 2498 haec
568 2459 776 2496 dicerentur
794 2486 803 2499 ,
845 2455 903 2492 vel
933 2466 952 2491 a
978 2453 1155 2496 Valerio,
1195 2452 1256 2488 vel
1276 2451 1408 2490 Plinio.

450 2512 530 2561 plus
557 2509 641 2548 fidei
666 2508 828 2546 haberet.
878 2506 1023 2541 Verum
1046 2503 1089 2539 C.
1116 2502 1243 2552 Duillii
1269 2514 1412 2541 nomen

448 2562 601 2612 requirit
630 2559 764 2598 ducem
794 2556 903 2607 primi
928 2554 1010 2591 belli
1039 2553 1200 2595 Punici,
1241 2553 1278 2589 ὃ(
1305 2553 1414 2601 plane

454 2611 729 2651 Hannibalem,
757 2608 803 2646 de
832 2618 909 2658 quo
938 2604 1119 2647 diximus,
1154 2603 1323 2652 quamvis
1341 2603 1414 2642 Po-

450 2664 568 2713 lybius
596 2661 685 2699 nihil
707 2660 813 2696 dicat.
867 2656 1034 2693 Valerius
1061 2655 1200 2691 cautius
1230 2653 1345 2699 haec,
1374 2666 1416 2691 ac

452 2713 668 2763 speciosius,
696 2708 862 2748 disserere
881 2707 1017 2744 debuit.
1058 2704 1129 2741 Sed
1151 2705 1315 2743 Romani
1333 2704 1417 2742 scri-

447 2774 570 2813 ptores
597 2765 670 2800 hoc
700 2761 848 2799 habent.
876 2755 1147 2795 GLAREAN.
1186 2753 1302 2790 Itidem
1323 2758 1418 2794 An-

445 2815 539 2853 nibal
573 2815 715 2850 Fabium
748 2811 959 2848 Maximum.
1010 2807 1053 2843 In
1082 2804 1347 2842 Wincheliano
1378 2806 1418 2843 &

449 2864 697 2907 Colonienfi;
738 2862 828 2899 Idem
848 2857 1032 2900 Annibal.
1069 2855 1177 2893 male.
1231 2855 1274 2892 In
1305 2856 1415 2893 Atre-

447 2915 605 2959 batensi,
633 2916 671 2952 ὅ(
704 2908 984 2954 Gemblacensi,
1021 2909 1059 2946 ὃ(
1078 2905 1300 2954 Campenfi,
1331 2909 1417 2942 Item

447 2966 620 3006 „Annibal
643 2994 654 3009 ‚
692 2965 835 3003 concise
846 2980 857 3008 ;
887 2960 984 2999 deest
1009 2959 1108 2996 enim
1138 2956 1251 2995 dicito
1274 2987 1283 3001 ,
1319 2968 1417 3007 quae

447 3016 619 3056 remansit
648 3017 682 3053 in
713 3015 987 3054 Pulmanniano
1016 3012 1053 3051 ὅ(
1076 3007 1252 3054 Susiano,
1285 3008 1308 3051 ὲ
1335 3008 1419 3062 qui:

2330 1171 2436 1204 nem

1463 1283 1530 1321 bus
1555 1282 1652 1321 libris
1682 1281 1840 1331 colligo,
1867 1279 2067 1330 legendum
2096 1279 2190 1324 effe;
2219 1283 2337 1322 eAlter
2354 1285 2434 1323 item

1465 1335 1640 1374 Annibal
1659 1342 1731 1371 eye.
1761 1337 1843 1378 Jam
1866 1336 1965 1370 enim
1985 1332 2030 1369 de
2051 1332 2246 1371 Amilcatis
2274 1333 2350 1372 filio
2376 1336 2434 1374 lo-

1465 1385 1599 1435 quitur.
1626 1385 1766 1422 PIGH.
1793 1386 1910 1424 „Alter
1930 1386 2010 1419 item
2026 1383 2208 1423 ,AnnibaL
2237 1386 2357 1422 ,Alter
2375 1399 2433 1425 re-

1464 1437 1575 1473 stituit
1599 1436 1744 1484 Pighius
1769 1446 1814 1472 ex
1849 1434 1932 1472 cod.
1958 1433 2180 1471 Pulmannn.
2208 1436 2245 1472 ὃ(
2268 1435 2432 1476 Sufiano.

1467 1487 1510 1524 In
1546 1486 1622 1523 aliis
1658 1486 1706 1523 est
1743 1487 1822 1521 item
1861 1484 2042 1524 Annibal.
2077 1485 2271 1524 VORST.
2316 1491 2434 1527 <Alter

1464 1537 1641 1575 ,Annibal
1669 1536 1716 1574 est
1735 1536 1773 1573 in
1794 1535 1926 1584 Ultraj.
1948 1535 2019 1572 sec.
2046 1535 2114 1572 Bit.
2140 1535 2245 1573 Barb.
2273 1538 2400 1585 primis
2422 1569 2433 1583 ,

1465 1588 1572 1626 Med.
1603 1587 1671 1625 sec.
1708 1587 1845 1635 primus
1872 1585 1983 1624 habet
2012 1587 2133 1625 ,Alter
2156 1587 2323 1626 -Annibal
2342 1616 2352 1633 ,
2383 1591 2432 1626 al·

1464 1638 1563 1677 idem.
1609 1637 1711 1675 Harl.
1757 1640 1877 1676 ,Alter
1910 1636 2050 1674 Fabmm
2078 1640 2288 1676 Maximum.
2321 1641 2434 1680 ceteri

1463 1687 1550 1725 idem
1571 1689 1753 1729 eAnnibal.
1783 1687 1891 1724 Leid.
1919 1688 2005 1724 sext.
2030 1688 2122 1723 item.
2148 1687 2334 1737 Equidem
2355 1691 2433 1729 val-

1452 1739 1509 1777 -de
1529 1740 1683 1788 suspicor
1703 1750 1830 1776 veram
1859 1736 1929 1775 effe
1949 1737 2053 1775 MSS.
2076 1738 2177 1774 Harl.
2201 1738 2401 1779 leelionem
2416 1769 2429 1788 ,

1463 1798 1575 1839 atque
1593 1789 1679 1827 illud
1707 1792 1786 1825 item
1805 1788 2001 1832 Anmbal,
2023 1799 2044 1825 e
2063 1786 2174 1835 glossa
2206 1788 2277 1827 effe
2305 1794 2432 1839 profe.

1465 1840 1579 1878 etum.
1598 1849 1697 1877 certe
1715 1842 1802 1876 alter
1821 1842 1899 1875 item
1917 1840 2051 1886 pariter
2066 1839 2103 1875 in
2123 1838 2198 1876 ullo
2219 1841 2431 1882 nostrorum

1464 1890 1638 1929 codicum
1659 1902 1737 1928 non
1758 1890 1925 1938 comperi
1945 1889 2103 1928 exstare3
2132 1897 2172 1926 ut
2192 1901 2270 1927 rtem
2300 1893 2430 1932 saltem

1462 1941 1665 2030 iiilffiidum
1691 1941 1860 1985 arbitrer,
1886 1940 2096 1988 scalpellum
2123 1948 2250 1979 tamen
2278 1941 2339 1980 hic
2361 1955 2431 1991 co·-

1518 2057 1547 2080 1.
1566 2041 1803 2080 saluberrimis
1830 2040 2091 2097 cunflationibus
2106 2053 2239 2092 pugnae
2257 2042 2433 2093 lanificam?

1458 2093 1547 2182 giga]
1575 2095 1702 2132 Voces
1713 2092 1945 2142 saluberrimis
1965 2094 2003 2131 ὅ(
2019 2105 2154 2143 pugnae
2174 2095 2314 2133 omittit
2326 2097 2431 2137 Med.

1513 2207 1551 2232 2.
1577 2197 1671 2230 ferro
1691 2205 1794 2243 atque
1813 2192 1904 2245 igni]
1929 2191 2062 2242 Ultraj.
2089 2192 2197 2241 prim.
2225 2196 2318 2234 Ferro
2336 2199 2433 2250 igne.

1463 2259 1538 2295 que.
1566 2245 1670 2282 Med.
1696 2254 1852 2294 uterque
1876 2246 2124 2292 ferrocmgne.
2150 2243 2187 2280 in
2208 2244 2303 2293 fine,
2325 2249 2432 2289 Med.

1463 2297 1573 2345 prim.
1596 2295 1703 2332 Leid.
1725 2304 1807 2332 tert.
1836 2295 1946 2343 Effint
1966 2294 2126 2341 notiffimtss.
2155 2296 2259 2334 Med.
2286 2299 2355 2339 sec.
2380 2303 2430 2350 es-

1453 2352 1533 2396 sent
1547 2350 1683 2397 cogniti.
1711 2345 1817 2383 Leid.
1843 2354 1961 2395 quart.
1986 2346 2285 2393 Forentnottffimi.

1465 2395 2196 2496 flu}kgfidggguucgdggzggaezoigjussgfigsnogt
2206 2412 2286 2486 {iulg
2292 2400 2433 2487 ull-upeb

1622 2475 1634 2491 ⁹
2330 2462 2434 2489 man-

1466 2500 1592 2538 niano.
1610 2498 1750 2536 PIGH.
1780 2501 1863 2542 Ejus
1893 2498 2047 2534 habetur
2065 2498 2103 2534 in
2125 2506 2286 2548 utroque
2297 2501 2430 2550 Ultraj.

1464 2550 1561 2599 Cop.
1592 2549 1700 2587 Leid.
1730 2561 1833 2598 quar.
1856 2548 1924 2586 Ed.
1952 2548 2058 2595 Mog.
2085 2548 2123 2584 &
2142 2549 2288 2598 reliquis
2310 2552 2432 2590 omni-

1464 2601 1542 2639 bus.
1569 2601 1661 2638 Non
1680 2600 1887 2637 admodum
1913 2606 2040 2635 tamen
2058 2596 2246 2638 desideres.

1515 2664 1550 2698 4
1576 2651 1707 2687 Crebris
1736 2647 2025 2698 rebellationibus]
2070 2648 2128 2685 Sic
2156 2651 2194 2688 δε
2222 2663 2267 2688 VI
2278 2662 2309 2688 1.
2338 2662 2371 2697 4.
2397 2651 2435 2690 ιζ

1466 2702 1619 2739 Vocem
1648 2701 1901 2743 rebellationis,
1924 2701 1962 2737 &
1982 2699 2178 2737 nonnullas
2203 2700 2294 2738 item
2321 2701 2428 2744 alias,

1467 2753 1616 2790 Voffius
1647 2752 1707 2789 lib.
1731 2765 1762 2790 1.
1790 2751 1836 2789 de
1859 2749 1965 2788 Anal.
1993 2762 2024 2787 c.
2053 2762 2112 2800 23.
2140 2751 2303 2790 nostrum
2323 2761 2430 2790 acce-

1468 2800 1554 2851 piffe
1572 2811 1676 2851 putat
1693 2802 1713 2841 *a
1739 2802 1865 2850 vulgo.
1895 2800 2091 2839 VORST.

1520 2867 1553 2899 ς.
1582 2856 1697 2891 Furius
1719 2854 1886 2890 Camillus
1913 2854 2082 2888 maximus
2107 2851 2196 2902 dux]
2230 2851 2437 2897 Maximus-‚l
2473 2872 2475 2875 ·

1467 2902 1643 2950 glossema
1677 2903 1746 2947 est,
1777 2903 1881 2951 quod
1909 2902 2125 2941 Coloniensi
2147 2905 2184 2941 &
2206 2901 2433 2941 Winchelia-

1467 2964 1520 2990 no
1548 2954 1763 2993 excluditur.
1789 2955 1929 2993 PIGH.
1964 2956 2085 2991 Furius
2112 2954 2296 2998 Camillus,
2323 2954 2437 2989 maxi-s
2511 2972 2516 3007 g

1467 3017 1541 3043 mus
1571 3004 1659 3047 dux.
1692 3006 1885 3056 Expunxit
1914 3004 2063 3054 Pighius
2094 3006 2263 3042 maximus
2282 3030 2293 3050 ‚
2329 3004 2437 3055 quod

2396 3045 2512 3102 in⁷
