2516 3509
395 153 467 222 2'4
662 127 1059 197 VALE-RH
1136 125 1512 185 MAXIMI
1586 126 1714 183 Lm.
1757 122 1794 179 I.
1871 116 2018 182 CAp.
2062 124 2104 181 Ῐ.

397 247 454 292 cij
473 252 611 305 genus
633 230 779 278 multo
797 226 900 290 post
921 224 1153 289 parricidis
1186 223 1234 253 ⁸⁶
1254 225 1356 290 lege
1375 224 1628 288 irrogatum
1643 223 1726 269 est.
1784 219 2028 284 Justifiime
2046 221 2254 286 quidem:
2290 225 2396 287 quia

392 324 485 386 pari
506 312 698 363 vindicta
720 318 961 371 parentum
983 320 1034 350 ac
1058 306 1272 352 Deorum
1291 303 1481 352 violatio
1504 301 1726 366 expianda
1745 300 1822 347 est.

245 415 291 442 14.
457 395 542 443 Sed
579 389 620 424 87
643 387 804 444 iuliis,
837 398 953 446 quae
972 382 1028 428 ad
1054 383 1308 429 custodiam
1328 381 1560 446 rel-igionis
1585 381 1803 439 attinent,
1841 379 1880 407 88
1904 376 2053 425 nescio
2071 395 2126 425 an
2145 395 2300 426 omnes
2319 382 2394 428 M.

175 446 375 531 Ziii'iiiflib·
392 475 557 524 Atilius
577 468 789 534 Regulus
807 463 1115 528 praecesserit,
1151 463 1230 526 qui
1254 478 1311 507 ex
1333 460 1508 507 victore
1533 459 1877 522 speciofiffimo‚
1913 460 2079 508 infidiis
2111 458 2398 517 Asdrubalis,

177 530 208 557 N
227 526 294 561 Μ’
392 555 439 600 &
462 550 689 615 Xantippi
713 543 1060 592 Lacedaemonii
1082 541 1210 587 ducis
1234 540 1289 587 ad
1314 536 1609 585 miserabilem
1629 540 1799 600 captivi
1820 541 2050 588 fortunam
2071 537 2315 597 deductus,
2346 555 2399 586 ac

391 633 542 680 missus
561 631 614 677 ad
651 631 694 676 S.
717 629 765 673 P.
785 624 857 682 Q
874 624 939 671 R.
974 623 1176 687 legatUS‚
1213 621 1253 654 8⁹
1275 632 1326 665 ut
1345 634 1401 664 ex
1420 616 1461 662 se
1483 616 1530 662 &3
1552 632 1646 661 uno
1665 649 1681 674 ‚
1718 615 1765 661 &
1787 616 1910 677 sene,
1945 619 2202 683 complures
2218 620 2400 667 Poeno-

175 672 271 700 Anno
294 669 331 697 U.

173 721 246 781 {nege
263 711 371 787 ἕξω
398 728 500 758 sum
517 713 700 775 juvenes
723 702 1033 768 pensarentur:
1070 703 1119 748 in
1142 698 1425 745 contrarium
1449 695 1556 742 dato
1576 694 1793 754 consilio,
1830 695 2159 760 Carthaginem
2183 699 2396 761 repetiit3

170 801 201 829 ὁ,
222 774 255 832 4Ῑ
283 775 294 789 ‘
375 774 492 837 ¹non
519 791 693 852 ignarus
733 782 788 829 ad
830 797 966 845 quam
1002 778 1202 827 crudeles
1223 811 1238 837 ‚
1297 779 1527 838 quamqsse'
1563 775 1729 821 merito
1767 773 1849 821 fibi
1894 779 1936 812 9-0
1967 774 2150 822 infCstOS
2185 775 2290 822 dCOS
2329 793 2395 824 re·

388 997 489 1035 derat
509 996 634 1035 Aldus.
688 995 740 1033 At
757 995 903 1044 Pighius
921 991 1098 1031 voculam
1129 1005 1194 1028 non
1221 1000 1363 1039 expun-

386 1051 460 1092 xit;
491 1049 593 1098 quod
612 1055 755 1097 putaret
775 1045 1050 1097 quadringentis
1077 1043 1231 1080 demum
1262 1041 1366 1078 annis

386 1101 464 1149 post
486 1112 585 1148 reges
596 1098 758 1148 expulsos
777 1096 961 1147 parricidis
979 1097 1179 1143 irrogatam
1201 1104 1365 1141 poenam

388 1163 471 1188 cam
500 1149 602 1188 fuiffe
623 1166 632 1193 ;
670 1149 782 1199 idque
809 1161 854 1184 ex
881 1148 966 1196 epit.
993 1146 1051 1184 lib.
1077 1157 1239 1183 txvni.
1266 1143 1369 1179 Livii

388 1214 571 1250 apparere.
625 1202 769 1238 Verum
799 1198 950 1237 Theod.
980 1197 1166 1234 Marcilius
1188 1195 1225 1232 in
1248 1195 1369 1231 Inter-

386 1262 621 1302 pretamento
650 1252 761 1300 Legis
788 1251 873 1287 XII.
901 1249 996 1287 tabb.
1025 1247 1154 1285 docuit
1176 1275 1186 1290 ‚
1222 1246 1260 1282 in
1286 1243 1367 1293 ipfis

389 1316 542 1353 quoque
563 1304 647 1341 XII.
670 1302 821 1346 tabulis,
849 1310 960 1350 atque
987 1299 1083 1337 adeo
1113 1299 1194 1335 LX.
1225 1297 1368 1334 circiter

390 1357 491 1392 annis
510 1355 587 1403 post
615 1354 858 1402 regifugium,
887 1354 947 1396 ἃ,
975 1360 1016 1388 ut
1038 1350 1202 1399 loquitur
1224 1348 1367 1392 noster,

387 1421 453 1442 non
473 1408 574 1441 multo
593 1409 837 1453 posttempora
851 1402 1046 1452 Tarquinii
1059 1399 1263 1450 ,parricidis
1283 1411 1367 1436 eain

389 1469 553 1505 poenam
572 1457 767 1504 irrogatam
788 1453 893 1492 fuiffe
905 1470 916 1498 ;
939 1456 976 1490 ὃς
992 1464 1128 1490 omnes
1150 1453 1227 1489 fere
1248 1462 1369 1488 mem-

391 1509 519 1545 branas
547 1519 587 1544 ac
613 1509 719 1545 libros
756 1514 897 1544 veteres
925 1504 1065 1541 Valerii
1099 1502 1276 1541 voculam
1303 1517 1367 1537 non

393 1558 554 1596 additam
574 1559 716 1596 habere.
768 1557 867 1594 Vide
894 1567 975 1605 pag.
1001 1555 1081 1592 libri
1109 1567 1191 1603 232.
1212 1555 1250 1591 δε
1269 1553 1369 1602 seqq.

395 1610 590 1647 VORST.
644 1608 824 1647 Particula
850 1607 1021 1656 negativa
1045 1605 1216 1654 ‚profeeca
1244 1603 1293 1641 est
1327 1604 1371 1640 ab

2253 869 2398 904 verte-

1417 983 1546 1022 dicunt
1567 1012 1577 1029 ‚
1613 985 1677 1032 qui
1704 992 1744 1022 ut
1770 983 1867 1033 leges
1896 984 2133 1023 observentur
2154 1014 2164 1030 ,
2199 987 2400 1034 provident

1419 1037 1457 1073 δε
1480 1046 1629 1080 eurant3
1658 1036 1719 1073 sed
1747 1038 1785 1073 ὃς
1815 1036 1908 1084 ipsos
1935 1036 2036 1080 illos,
2064 1038 2127 1086 qui
2152 1037 2251 1086 leges
2279 1038 2400 1078 obser-

1419 1095 1529 1132 vant,
1559 1088 1597 1124 ὃς
1617 1099 1660 1124 ex
1682 1087 1723 1124 iis
1742 1087 1894 1124 vivunt:
1924 1096 1962 1125 ut
1980 1088 2017 1124 in
2035 1099 2113 1136 cap.
2131 1088 2165 1125 6.
2189 1090 2400 1128 Commen-

1418 1138 1500 1174 tarii
1536 1137 1581 1174 de
1618 1138 1844 1176 Hebraismis
1882 1139 1929 1175 N.
1967 1139 2018 1176 T.
2054 1139 2400 1181 demonstravimus.

1420 1188 1614 1244 VORST.
1668 1189 1861 1226 Videndus
1880 1190 2038 1226 omnino
2069 1190 2244 1227 Cellarius
2270 1192 2308 1228 in
2337 1204 2402 1231 cu-

1420 1251 1465 1275 ris
1493 1239 1751 1287 posterioribus
1770 1253 1804 1288 p.
1828 1253 1907 1289 194.
1934 1240 1978 1276 ad
1996 1241 2142 1289 reperio
2169 1242 2208 1278 in
2228 1243 2403 1282 omnibus

1421 1290 1528 1327 MSS.
1582 1291 1731 1328 Deinde
1748 1294 1784 1327 in
1802 1292 1853 1327 ln's
1880 1303 1958 1328 non
1985 1291 2139 1329 invenio
2158 1292 2197 1328 in
2219 1292 2403 1332 duodevi-

1395 1362 1397 1364 -
1419 1342 1512 1390 ginti
1531 1341 1639 1378 MSS.
1670 1342 1708 1379 in
1734 1342 1809 1379 aliis
1836 1341 2050 1391 quibusdam
2078 1343 2173 1380 inter
2197 1342 2327 1391 glossas
2346 1357 2404 1383 re-

1419 1393 1569 1441 peritur.
1587 1435 1589 1437 ,
1621 1391 1734 1430 Bitur.
1755 1394 1793 1430 ὃ(
1811 1393 1915 1431 Paris.
1946 1394 2055 1442 primi
2068 1394 2130 1441 sed
2149 1394 2235 1445 quod
2253 1403 2325 1432 effe.
2349 1409 2404 1433 at.

1416 1447 1516 1480 tinet.
1547 1442 1674 1480 absunt
1702 1442 1814 1481 etiam
1841 1444 1925 1481 istae
1954 1445 2110 1482 voculae
2132 1445 2152 1483 a
2171 1445 2296 1493 primis
2324 1447 2402 1485 edi-

1419 1494 1591 1532 tionibus.
1618 1503 1711 1543 puto
1729 1493 1937 1533 Auctorem
1963 1495 2152 1544 serspfiffe,
2172 1495 2235 1544 sed
2251 1495 2337 1547 quod
2357 1497 2404 1536 ad

1421 1545 1599 1593 custodiam
1618 1547 1791 1598 religionis
1809 1549 1944 1584 attinet.
1999 1547 2096 1584 Vide
2115 1548 2182 1587 EX.
2202 1561 2237 1586 1.
2262 1548 2299 1585 in
2319 1548 2404 1588 Ext.

1475 1597 1534 1634 88.
1565 1599 1682 1642 Nescio
1700 1613 1745 1633 an
1765 1612 1872 1633 omnes
1900 1601 1960 1633 M.
1987 1600 2135 1637 :Atilius
2157 1603 2243 1649 Reg.
2258 1604 2410 1650 praeces-

399 1660 525 1704 ffldo,
562 1661 772 1698 vetustiores
801 1672 883 1697 eam
912 1660 1106 1706 ignorant,
1135 1668 1220 1693 cum
1250 1655 1374 1692 omni-
1414 1647 1526 1697 serit]
1556 1648 1733 1685 Formula
1758 1648 1851 1685 haec
1868 1647 2048 1698 loquendi
2064 1650 2210 1694 nostro,
2239 1651 2405 1701 aliisque,

401 1711 466 1748 bus
494 1712 650 1748 omnino
677 1712 783 1748 MSS.
812 1722 899 1747 nam
926 1707 1024 1746 nulla
1061 1709 1137 1756 ejus
1164 1707 1309 1743 mentio
1336 1706 1374 1742 in

403 1761 658 1799 collationibus
686 1762 864 1799 Gudianis
885 1789 895 1804 ‚
940 1770 1036 1809 quae
1064 1757 1181 1795 saetae
1217 1757 1264 1794 ad
1291 1756 1376 1793 edit.

406 1813 532 1849 Coleri
554 1842 562 1857 ,
594 1814 631 1850 iu
667 1825 738 1862 qua
777 1812 824 1849 est
859 1812 962 1847 multo
990 1811 1090 1858 post,
1129 1819 1199 1845 nee
1241 1808 1379 1845 habent

407 1863 605 1901 Leidenses
648 1865 687 1901 ὃ(
730 1861 963 1912 Ultraj'estini
982 1889 992 1904 ‚
1037 1871 1107 1897 nee
1144 1858 1380 1907 Copefianus.

408 1917 532 1952 Multo
561 1918 629 1962 post
655 1914 741 1962 legit
777 1915 889 1951 etiam
925 1913 1000 1958 Jac.
1038 1911 1220 1960 Cujaeius.
1282 1909 1381 1946 Vide

410 1966 617 2014 Dempster.
646 1966 682 2002 in
709 1964 860 2012 Paralip.
889 1963 934 2000 ad
963 1961 1089 2000 Rosm.
1116 1961 1159 1998 L.
1187 1973 1297 1998 v111.
1325 1972 1382 2006 24.

410 2030 446 2066 p.
474 2017 555 2065 654.
583 2017 656 2054 Pro
678 2015 852 2066 parricidis
879 2015 916 2053 in
945 2013 1085 2065 aliquot
1104 2012 1211 2051 MSS.
1240 2011 1287 2049 est
1313 2014 1379 2048 Pa-

409 2069 554 2105 tricidt's.
999 2092 1004 2095 .

467 2119 525 2155 86.
554 2117 656 2168 Lege]
691 2118 862 2166 Intelligit
887 2115 962 2162 JaC.
991 2114 1246 2153 Gothofredus
1267 2118 1386 2165 Legem

414 2169 502 2207 XII.
528 2169 623 2206 tabb.
651 2169 848 2218 quomodo
875 2168 1047 2218 loquatur
1074 2168 1111 2204 δε
1140 2167 1389 2203 Cic.L.v111.

415 2220 474 2258 ad.
495 2221 595 2257 Fam.
618 2220 649 2256 8.
679 2221 716 2257 ὃς
743 2232 809 2268 pro
830 2219 989 2256 Caecina
1018 2220 1057 2255 &
1083 2218 1119 2254 in
1147 2217 1284 2265 Topic.
1304 2218 1390 2253 Ho-

415 2280 480 2308 rat.
511 2272 555 2309 L.
588 2285 616 2308 1.
646 2270 715 2308 Sat.
744 2283 776 2308 2.
814 2271 895 2307 Sen.
934 2270 1116 2306 Controv.
1148 2278 1204 2305 10.
1240 2267 1278 2304 in
1305 2267 1390 2304 fine.

411 2322 658 2359 PERIZON.

467 2374 526 2420 87.
548 2376 587 2408 In
606 2373 656 2407 his
674 2386 758 2421 quae
776 2370 820 2406 ad
837 2369 1010 2417 (ustodiam
1030 2370 1200 2417 religionis
1219 2365 1385 2415 attinent]

416 2424 461 2461 In
488 2424 708 2461 editionibus
730 2420 1024 2458 Francofuttenfi
1046 2420 1193 2463 Coleri‚
1214 2417 1387 2455 Leidenfi

413 2474 573 2524 Thyfii,
603 2477 640 2511 &
668 2471 977 2510 Roterodamenfi
1004 2471 1183 2513 Minessii,
1210 2469 1385 2506 voculam

413 2525 460 2563 ad
492 2523 661 2563 omiffam
691 2523 813 2561 video.
871 2522 1015 2558 Verum
1044 2521 1267 2569 antiquiores
1293 2520 1387 2567 typis

415 2576 568 2626 exprefli
588 2575 733 2612 codices
754 2573 927 2610 voculam
951 2583 1033 2609 eam
1052 2572 1209 2613 habent;
1232 2571 1387 2607 &MSS.

413 2629 505 2665 ‘item
534 2626 710 2664 Brandeb.
753 2626 835 2662 Nec
862 2623 977 2660 solent
1001 2622 1090 2659 boni
1119 2621 1323 2664 Amores,
1351 2622 1387 2657 in

412 2679 474 2715 ista
496 2679 646 2727 quidem
667 2675 937 2714 construetione
965 2674 1138 2710 voculam
1167 2684 1249 2709 eam
1279 2672 1392 2709 omit-

413 2736 493 2765 tere
507 2757 516 2771 ‚
544 2738 583 2765 ut
602 2730 638 2765 in
657 2728 716 2765 lib.
736 2727 780 2764 de
803 2728 885 2762 Lat.
905 2725 1040 2762 merito
1060 2724 1189 2772 suspp.
1206 2735 1286 2772 173.
1304 2734 1390 2759 mo-

415 2781 576 2816 iniimus.
633 2780 752 2816 Porro
787 2775 961 2824 custodiam
986 2777 1155 2826 religioms
1187 2782 1298 2811 vocat
1318 2802 1328 2818 ,
1363 2773 1390 2810 fi

415 2843 512 2879 quae
540 2829 585 2866 ad
612 2830 828 2877 religionem
847 2828 1053 2876 pertinent,
1082 2825 1317 2863 observentur
1338 2832 1391 2861 at-

416 2893 489 2930 que
518 2880 751 2929 praestentur.
811 2879 867 2916 Sic
895 2879 932 2915 &
960 2877 1113 2914 verbum
1140 2874 1297 2922 custodire
1322 2887 1389 2922 pro

417 2932 610 2968 observare
625 2960 634 2974 ‚
660 2933 701 2975 βε
721 2931 896 2979 praestare
910 2958 919 2973 ,
948 2940 1025 2966 non
1044 2927 1199 2965 insolens
1218 2927 1276 2963 est.
1320 2926 1390 2963 Vi-

418 2982 506 3018 (ΞεΓις
530 2982 606 3019 lnd.
626 2981 763 3019 Rhodii
784 2981 820 3017 in
841 2980 950 3016 Serib.
970 2980 1145 3027 Largum.
1198 2978 1277 3014 Pari
1306 2989 1390 3014 mo-

420 3030 468 3069 do
489 3033 619 3072 Graeci
647 3034 820 3084 4³:771de
847 3031 903 3074 τὲς
920 3030 1015 3076 vines
1044 3041 1124 3069 non
1151 3036 1294 3069 tantum
1323 3039 1388 3068 eos

1427 1711 1513 1736 cum
1540 1698 1682 1747 aliquid
1710 1699 1934 1737 affirmatum
1963 1699 2095 1738 volunt
2116 1729 2126 1745 ,
2162 1702 2406 1751 frequentiffi-

1429 1762 1511 1787 ma:
1540 1749 1770 1799 diciturque,
1799 1753 1919 1798 N‹scto
1939 1765 1984 1787 an
2007 1753 2233 1800 praecefferit,
2266 1765 2334 1802 pro
2354 1757 2411 1790 vi.

1430 1800 1527 1837 detur
1540 1801 1753 1850 praeceffiffe,
1774 1801 1934 1850 praeteffit
1945 1803 2086 1851 fortaffiss
2151 1803 2250 1841 Vide
2278 1805 2316 1842 &
2342 1805 2412 1844 inf.

1439 1866 1471 1896 1,
1490 1865 1527 1899 4,
1549 1863 1604 1898 14.
1621 1865 1667 1896 .1,
1691 1863 1727 1898 7,
1746 1865 1779 1889 2.
1806 1853 1854 1889 Et
1879 1854 1917 1890 in
1942 1853 2017 1890 hoc
2042 1854 2119 1903 ipso
2147 1866 2224 1904 cap.
2249 1854 2409 1895 iterum:

1432 1907 1555 1951 Nescio
1582 1917 1628 1939 an
1646 1906 1831 1953 praecipuis
1852 1912 1896 1939 (9⁰
1923 1906 2102 1954 exqusfitis
2115 1909 2233 1954 sacrif.
2265 1907 2414 1947 colenda.

1435 1955 1577 1992 Dicunt
1593 1955 1684 1991 item
1703 1953 1839 1991 eodem
1859 1955 1959 1991 sensu
1978 1956 2088 1992 Haud
2097 1960 2165 2002 scio
2180 1971 2249 1999 an,
2279 1958 2414 1995 Dubito

1434 2015 1554 2042 amnt
1571 2006 1608 2042 in
1629 2005 1686 2043 lib.
1699 2004 1745 2042 de
1756 2005 1908 2043 Latinit.
1924 2004 2103 2045 selecta&
2115 2007 2228 2056 vulgo
2249 2007 2328 2045 fere
2345 2020 2412 2047 ne-

1436 2056 1553 2104 glecta
1575 2057 1819 2094 ostendemus.
1839 2057 2033 2095 VORST.

1489 2108 1548 2158 89.
1579 2116 1622 2144 Ut
1638 2124 1682 2144 ex
1711 2123 1774 2144 uno
1793 2117 1838 2143 ω’
1859 2110 1938 2155 sene
1964 2108 2141 2157 complures
2159 2112 2342 2147 Poenorum
2357 2114 2416 2160 juss

1435 2173 1533 2195 ‘venes
1550 2157 1779 2207 pensarentur]
1806 2159 1957 2208 Rejeela
1978 2159 2151 2207 particula
2176 2160 2260 2208 lego
2273 2190 2283 2205 ‚
2313 2165 2363 2200 Ut
2373 2166 2414 2211 se

1437 2226 1512 2248 uno.
1544 2212 1713 2260 Impurus
1731 2210 1821 2248 mihi
1842 2211 1944 2248 aliter
1960 2210 2019 2247 ille
2036 2210 2302 2250 sermo.LIPS.
2329 2215 2414 2252 Vo-

1440 2262 1561 2298 culam
1589 2277 1629 2298 ex
1650 2262 1792 2310 Lipsius
1820 2261 2105 2310 expungendam
2130 2270 2243 2311 putat.
2272 2264 2414 2315 alioqui

1437 2312 1651 2349 sermonem
1670 2314 1858 2360 impurum
1879 2311 1960 2349 effe.
1997 2313 2158 2350 Codices
2177 2315 2283 2352 MSS.
2302 2315 2414 2354 Bran-

1440 2360 1520 2398 deb.
1543 2374 1626 2400 eam
1644 2363 1802 2407 habent,
1831 2364 1868 2400 δε
1885 2363 2110 2413 antiquiores
2126 2364 2218 2402 item
2237 2367 2333 2414 typis
2353 2379 2416 2404 ex-

1439 2413 1553 2461 preffi.
1607 2415 1690 2450 Nec
1724 2414 1837 2450 aufim
1866 2425 1937 2462 ego
1965 2426 2205 2462 expungere;
2245 2416 2348 2465 quod
2376 2419 2415 2455 δε

1439 2464 1548 2501 aliam
1569 2465 1882 2513 praepositionem
1894 2462 1971 2500 *effe
1990 2465 2099 2501 sciam
2115 2493 2125 2509 ‚
2153 2478 2248 2514 quae
2266 2467 2304 2503 in
2323 2479 2415 2506 con-

1438 2515 1611 2553 struendo
1635 2528 1719 2553 cum
1736 2515 1949 2553 nominibus
1971 2515 2161 2552 verboisto
2180 2517 2339 2566 usurpari
2360 2519 2418 2556 so-

1438 2565 1521 2604 leat.
1574 2567 1717 2604 Dicunt
1736 2567 1834 2604 enim
1854 2579 1931 2604 non
1958 2574 2102 2603 tantum
2129 2571 2265 2617 pensare
2283 2569 2417 2618 aliquid

1439 2619 1576 2667 aliquo,
1604 2618 1662 2655 sed
1692 2619 1730 2656 ὃς
1753 2623 1889 2667 pensare
1905 2615 2040 2666 aliquid
2058 2631 2128 2654 cum
2145 2621 2282 2668 aliqum
2312 2628 2353 2656 ut
2378 2621 2415 2658 in

1442 2669 1630 2715 praedicto
1647 2669 1706 2706 lib.
1727 2669 1855 2706 itidem
1876 2668 2049 2706 ostensuri
2067 2669 2199 2706 sumus.
2219 2670 2416 2710 VORST.

1438 2719 1561 2756 Deleo
1573 2732 1657 2757 cum
1670 2720 1797 2769 Lipfio
1814 2720 2126 2769 praepositionem
2145 2734 2196 2756 ex.
2218 2723 2361 2768 Penjare
2372 2736 2415 2758 ex

1437 2772 1551 2820 aliquo
1564 2772 1794 2818 estaestimare
1818 2772 1902 2808 Liv.
1915 2772 1959 2808 L.
1972 2783 2104 2809 XXXIV.
2115 2782 2193 2817 49.
2212 2773 2360 2821 reliquas
2369 2774 2417 2808 ci-

1439 2823 1565 2857 vitates
1585 2838 1710 2859 monere
1729 2834 1766 2858 ut
1778 2837 1819 2858 ex
1833 2823 1936 2868 fastis
1947 2837 2008 2857 non
2029 2836 2070 2856 ex
2087 2820 2186 2856 disits
2206 2824 2321 2857 amicos
2338 2835 2414 2870 pen-

1431 2873 1692 2920 fhnt.PERIZ.
1704 2875 1827 2911 Exstat
1843 2882 1970 2911 tamen
1987 2872 2045 2909 illa
2064 2871 2100 2908 in
2113 2872 2283 2909 omnibus
2304 2874 2414 2912 MSS.

1490 2936 1550 2971 90.
1580 2926 1716 2971 Infestos
1737 2923 1835 2973 Deos]
1866 2922 1974 2961 Abest
2003 2933 2077 2958 vox
2108 2922 2286 2969 posterior
2305 2924 2325 2961 ὲ
2354 2924 2416 2963 lib.

1441 2975 1536 3011 Dan.
1568 2975 1605 3011 &
1640 2976 1734 3013 abest
1763 2977 1858 3025 jure.
1883 2971 2052 3021 intelligit
2089 2973 2413 3023 Carthaginienses.

1440 3025 1633 3068 COLER,
1684 3028 1746 3072 De
1773 3026 1837 3067 diis
1864 3034 1994 3074 Parum
2032 3031 2116 3074 apta
2150 3024 2211 3066 hie
2245 3026 2411 3066 mentio:

2345 3087 2417 3115 nec
