2516 3509
561 112 766 200 ’DE
879 136 1634 198 MIRACULIs

2058 149 2162 210 97·

120 254 272 304 *versus
292 250 370 301 est.
432 249 628 313 jamque
645 263 740 295 non
759 243 1074 305 simulacrum,
1108 242 1181 290 sed
1199 242 1338 308 ipsam
1355 241 1488 289 coelo
1504 242 1738 302 Junonem
1766 238 1982 306 petitam,
2014 255 2125 303 por-

128 347 221 381 tare
239 331 281 379 se
298 327 557 387 credentes,
596 333 633 362 ³2
659 325 765 373 laeti
785 325 833 371 in
849 339 899 370 ea
917 335 1044 389 parte
1062 323 1232 370 montis
1265 320 1513 379 Aventini,
1548 319 1596 365 in
1629 334 1718 382 qua
1747 336 1871 369 nunc
1899 319 2127 384 templ-um

129 413 225 477 ejus
249 409 502 468 cernimus,
538 404 896 453 collocaverunt.

186 488 421 535 fortunae
439 485 576 532 etiam
615 490 651 519 ³³
673 480 916 530 Muliebris
933 479 1223 528 simulacrum
1237 513 1253 539 ,
1272 476 1400 542 quod
1420 474 1485 523 est
1510 481 1548 514 ³4
1567 473 1640 521 via
1656 472 1823 519 Latina
1841 474 1896 520 ad
1916 488 2130 538 quartum

123 563 384 614 milliarium
403 578 458 610 eo
481 575 689 626 tempore
708 576 817 607 cum
838 557 944 606 aede
961 558 1035 606 sua
1054 557 1364 606 consecratum
1376 589 1392 615 ,
1428 570 1491 619 qu

122 640 265 690 Urbis
293 651 517 687 maternae
547 654 701 704 preces
728 637 1023 702 repulerunt,
1061 642 1102 674 35
1129 651 1223 682 non
1252 633 1413 694 semel,
1448 631 1521 680 sed
1549 630 1618 679 bis
1654 629 1868 678 locutum
1900 630 2130 692 constitit,
2149 633 2349 707 ¹¹·P100f4a

2147 716 2306 749 Plutarch.

122 717 248 781 prius
273 715 341 764 his
361 715 535 775 verbis.
571 718 675 763 Rite
699 730 763 762 me
781 723 993 762 matronae
1013 712 1205 776 vidistis.-
1240 716 1411 776 Riteque
1434 709 1663 772 dedicastis.

122 933 221 965 tatos
248 927 343 965 adde
371 925 618 974 Augustinum
646 924 705 962 lib.
737 935 797 961 tv.
824 921 871 959 de
895 921 999 957 civit.
1024 919 1102 956 Dei
1153 929 1238 955 cem
1267 916 1417 955 edidi'ffe
1438 945 1448 961 ‚
1483 917 1646 967 ejusdem
1674 918 1839 961 mentisJ
1876 917 1978 956 verbi
2003 925 2132 959 tamen

44 1010 50 1013 .
120 988 200 1027 cap.
225 991 281 1027 19.
308 977 581 1017 Tertullianum
612 975 658 1012 de
677 975 838 1019 Monog.
855 970 1100 1008 Lactantium

119 1027 181 1066 lib.
203 1041 217 1067 1
229 1042 258 1066 1.
279 1040 355 1077 cap.
370 1041 402 1076 ς.
419 1028 641 1064 Simulacrum
658 1027 825 1060 fortunae
842 1021 1014 1058 muliebris
1034 1035 1099 1058 mm

108 1081 216 1128 semel
242 1081 383 1115 locutum
409 1076 469 1126 effe
494 1076 654 1113 traditur.
709 1074 787 1123 Ipsa
814 1072 925 1111 verba
944 1072 1097 1110 Valerii.

120 1142 219 1179 quae
235 1129 319 1166 sane
337 1128 553 1173 faciunt‚ut
574 1126 635 1164 ista
654 1125 830 1175 irreptitia
848 1132 978 1174 putem
998 1124 1096 1173 apud

120 1180 314 1218 Valerium
334 1178 395 1216 Sed
413 1178 476 1217 bis.
507 1179 607 1216 Nam
628 1178 753 1215 Latini
771 1191 835 1213 non
845 1178 949 1224 semel
969 1175 1096 1213 dicen-

118 1239 174 1268 tes
187 1258 197 1274 ,
216 1238 307 1278 puto
321 1258 332 1275 ‚
351 1229 551 1280 aliquando
571 1229 796 1278 ampliorem
819 1226 1008 1276 designant
1026 1239 1096 1264 nu·

116 1292 289 1326 merum,
317 1293 431 1331 quam
449 1280 644 1319 binarium.
698 1280 757 1318 Sic
777 1279 1028 1318 Tertullianus
1049 1278 1096 1316 de

114 1332 342 1381 hlonogam.
393 1333 456 1369 Illi
470 1346 524 1369 nec
534 1333 660 1379 semel,
682 1332 739 1377 isti
758 1334 822 1367 no'n
833 1331 938 1379 semel
954 1329 1096 1369 nubunt.

118 1382 191 1420 Sed
217 1395 295 1434 quo
321 1382 488 1421 isthaec?
523 1383 720 1422 Verissima
747 1381 859 1420 lectio
885 1381 1045 1419 restituta
1074 1380 1095 1420 *a

122 1433 276 1483 Lipfio,
298 1445 343 1472 ex
360 1434 453 1473 libro
477 1434 672 1473 Sambuci:
698 1435 764 1470 Hir
778 1435 872 1482 prius
892 1432 1099 1483 verbiszRi-

113 1495 149 1522 te
168 1499 217 1521 me
237 1495 408 1523 matronae
426 1485 572 1534 vidistis.
593 1484 710 1522 deinde
723 1510 732 1527 ‚
754 1486 818 1521 rite
835 1482 980 1529 dicastis.
1004 1485 1097 1522 CO·

120 1535 239 1575 LER.
277 1539 440 1575 Fortunae
456 1536 624 1574 muliebris
632 1537 862 1584 simulacrum.
895 1534 1014 1584 Quod
1026 1564 1035 1581 ,
1056 1536 1096 1573 in

117 1587 212 1625 aede
229 1590 396 1625 Fortunae
413 1588 583 1626 muliebris
605 1587 767 1637 posit-um
787 1586 867 1624 fuit.
904 1585 1016 1636 Ipfius
1036 1599 1099 1624 ae—

114 1637 169 1675 dis
183 1649 369 1688 araeque,
395 1651 491 1690 quae
511 1647 591 1677 tum
614 1637 791 1677 exstructa
818 1638 922 1682 sunt,
949 1639 1096 1676 mentio

116 1688 161 1727 fit
177 1688 272 1726 infra
300 1702 338 1734 v,
361 1702 396 1735 2,
422 1703 453 1728 1.
480 1690 676 1729 VORST.
729 1689 856 1737 Major
882 1700 962 1736 pars
991 1689 1097 1727 codi-

115 1750 203 1777 cum
229 1739 291 1777 hic
315 1739 364 1777 est
392 1749 587 1790 corrupta,
616 1740 747 1789 viginti
764 1738 865 1776 enim
887 1739 965 1776 fere
992 1740 1095 1778 exhi-

114 1790 203 1828 bent
224 1793 388 1828 fortunae
405 1792 563 1829 muliebre
582 1792 798 1838 simulacrum
806 1818 819 1835 ,
848 1789 953 1841 quod
972 1791 1020 1829 est
1040 1800 1095 1829 et-

109 1842 191 1880 ·iam
218 1842 256 1879 in
274 1842 368 1880 Edd.
386 1844 495 1892 Mog.
515 1845 555 1882 &
574 1844 728 1881 Venett.

166 1905 225 1943 34.
254 1894 314 1931 Wa
334 1896 463 1931 Latina
488 1895 534 1931 ad
552 1896 755 1932 Miliarium
781 1892 964 1945 quartum]
1001 1893 1093 1932 Fest.

114 1942 318 1994 Pompejus
335 1945 373 1982 in
393 1944 579 1983 Pudicitiae
587 1946 734 1997 signum.
786 1947 868 1982 Item
885 1947 945 1982 via
965 1947 1094 1982 Latina

111 1993 158 2030 ad
176 1996 382 2033 Miliarium
403 1998 492 2034 IIII.
515 1998 583 2044 (ut
596 1996 696 2035 reete
713 2008 782 2046 pro
802 1998 859 2033 illi
878 1996 1095 2034 emendavit

111 2044 382 2096 Jofiscaliger)
409 2052 578 2086 fortunae
602 2047 772 2085 muliebris
803 2049 899 2095 nefas
924 2051 970 2097 est
988 2049 1095 2085 attin·

107 2097 174 2148 gi,
195 2097 257 2144 nifi
273 2098 316 2134 ab
333 2113 395 2144 ea,
416 2113 504 2150 quae
515 2101 621 2149 semel
639 2099 763 2149 nupfit.

167 2158 226 2196 35.
254 2150 332 2185 Non
342 2152 470 2198 semel,
489 2151 552 2200 sed
572 2151 625 2188 bis
645 2153 790 2188 locutum
810 2149 982 2198 constitit,
1001 2150 1095 2201 prius

114 2195 167 2233 his
185 2196 305 2236 verbis.
356 2202 440 2250 Rite
463 2216 536 2245 me,
559 2202 653 2249 era]
682 2202 727 2239 In
748 2201 899 2240 Sufiano
917 2201 1095 2245 habetur,

112 2247 164 2284 his
175 2249 272 2299 prius
291 2249 415 2288 verbis.
469 2253 589 2301 Atqui
615 2252 767 2300 abrupta
786 2253 932 2290 videtur
949 2252 1095 2289 senten-

112 2300 185 2336 tia:
213 2310 299 2336 nam
323 2298 348 2336 fi
366 2301 465 2348 prius
481 2303 531 2339 ita
546 2330 556 2346 ‚
582 2302 783 2350 quomodo
802 2313 899 2348 ergo
920 2301 1092 2337 locutum

114 2349 278 2388 secundo
306 2350 390 2387 est?
425 2349 641 2388 Plutarchus
667 2358 794 2387 autem
821 2362 864 2388 ac
886 2349 1094 2397 ⁸Dionysius

114 2400 266 2438 tradunt
293 2400 424 2438 eadem
452 2400 654 2452 loquutum
682 2398 798 2438 fuiffe.
867 2399 1094 2449 Legendum

113 2450 224 2500 igitur
243 2449 314 2489 effe
336 2453 555 2501 opinor.‚ln's
568 2464 651 2503 pene
670 2451 781 2488 verbis
794 2471 805 2496 ‚·
820 2462 899 2489 non
912 2453 986 2496 ,his
999 2453 1096 2501 prius

110 2502 237 2540 verbi-s.
261 2503 403 2540 PIGH.
425 2505 482 2539 Bis
500 2506 643 2540 locutum
661 2503 828 2550 constitit,
847 2502 898 2538 bis
916 2514 999 2552 pene
1019 2517 1093 2539 ver·

113 2552 180 2590 bis.
204 2553 258 2591 Ita
274 2562 316 2591 tu
332 2554 436 2603 Pighi
458 2554 636 2603 (ignosce)
656 2565 719 2590 me
738 2553 936 2591 abnuente.
964 2554 1096 2601 Quor-

112 2603 193 2642 sum
213 2604 312 2641 enim
333 2613 394 2642 aut
415 2605 474 2642 cui
491 2605 693 2642 sententiae
713 2603 824 2650 illud,
840 2606 971 2655 paene?
991 2605 1092 2642 Nam

113 2655 199 2693 sane
216 2656 257 2693 iis
281 2655 360 2704 ipsis
378 2656 496 2693 verbis
513 2656 680 2694 locutam
698 2655 802 2701 vult.
820 2668 900 2693 non
918 2655 1091 2704 ambigue

113 2706 245 2745 talibus
271 2716 334 2744 aut
359 2706 405 2744 ad
431 2718 519 2744 eum
558 2707 711 2745 sensum.
786 2707 878 2745 Abis
906 2707 1020 2744 etiam
1047 2707 1091 2744 ab

115 2757 291 2796 omnibus
315 2757 411 2795 libris
437 2759 555 2807 priscis
581 2758 651 2796 tuis
670 2756 874 2808 ‘alienisque
900 2759 966 2808 qui
992 2758 1089 2795 refe-³

100 2816 201 2846 ·runt
213 2837 222 2852 ,
247 2810 338 2858 prius
357 2809 410 2845 his
428 2809 538 2846 verbis
552 2838 561 2854 ‚
573 2809 678 2847 Ibam
697 2809 735 2846 in
755 2809 1002 2859 conjeauras:
1026 2809 1089 2848 sed

115 2859 312 2897 veritatem
334 2888 346 2905 ‚
377 2859 443 2898 nifi
470 2860 601 2906 fallor,
638 2859 811 2898 Sambuci
835 2860 942 2899 nobis
967 2860 1089 2899 codex

115 2910 386 2960 ingerit‚cujus
405 2910 501 2949 mifit
521 2911 567 2949 ad
586 2910 858 2960 nosExcerpta.
877 2914 916 2949 in
936 2924 984 2949 eo
1003 2921 1088 2960 apte

113 2961 211 3000 'haec
227 2961 357 2999 lacuna
378 2961 542 3011 expleta:
570 2962 621 3000 bis
637 2963 729 3010 prius
747 2962 879 3006 verbis,
908 2974 1005 3000 iun
1033 2976 1087 3001 ME

115 3024 337 3050 MATRONAE
361 3025 546 3052 vxmsns.
572 3012 707 3051 deinde
728 3041 738 3057 ‚
768 3025 869 3051 -Rmz
897 3025 1090 3052 meas-ns.

111 3063 211 3112 fVult
231 3063 331 3102 enim
351 3064 511 3104 omnino
531 3064 701 3107 Valerius
714 3064 786 3111 ,bis
801 3065 842 3106 id
859 3063 1002 3116 signum
1020 3078 1091 3105 vo-

1151 969 1259 1006 unius
1286 969 1531 1006 immutantis.
1594 968 1679 1006 Scio
1706 967 1956 1016 Dionysium,
1990 970 2132 1009 Plutar-

1150 1021 1286 1064 chum,
1314 1018 1564 1068 Augustinum
1583 1020 1695 1058 etiam
1715 1032 1771 1057 1v.
1791 1021 1852 1057 De
1870 1020 2030 1058 Civitate
2048 1022 2130 1059 scri‹

1147 1069 1257 1115 bere,
1284 1069 1426 1109 iterasse
1443 1070 1635 1118 Junonem
1662 1070 1713 1108 bis
1741 1070 1873 1108 eadem
1898 1071 1973 1120 ipsa
1991 1072 2125 1111 verba:

1145 1122 1208 1160 sed
1226 1122 1421 1160 Valerium
1440 1121 1485 1160 ab
1503 1122 1545 1160 iis
1564 1122 1663 1160 abire
1683 1123 1740 1169 (ut
1758 1122 1878 1172 saepe)
1897 1122 2023 1171 testari
2042 1136 2126 1162 ver-

1145 1172 1237 1211 bum
1266 1172 1404 1221 Vidistis
1430 1174 1573 1223 potest,
1607 1173 1713 1224 quod
1739 1172 1814 1211 aliis
1841 1173 1907 1211 illis
1935 1173 2126 1214 omissum.

1148 1225 1184 1263 Si
1202 1224 1411 1275 improbas:
1439 1225 1545 1273 possit
1571 1236 1651 1262 non
1672 1225 1796 1272 inepte
1821 1223 1915 1273 legi,
1938 1227 2051 1272 privis
2072 1227 2127 1263 ln's

1148 1276 1273 1313 verbis.
1308 1275 1346 1314 id
1373 1273 1462 1313 effet
1482 1304 1492 1320 ,
1529 1275 1673 1324 singulis
1700 1275 1966 1326 articulatisque
1992 1276 2126 1315 verbis.

1149 1327 1234 1366 Sive
1253 1327 1366 1365 etiam
1387 1329 1532 1375 constitit
1549 1327 1701 1375 patribus
1714 1355 1725 1370 ,
1748 1326 1801 1363 bis
1820 1326 1946 1364 verbis.
1981 1327 2036 1364 Ut
2056 1341 2127 1365 vos²

1149 1390 1232 1417 cem
1248 1378 1424 1430 patribus,
1455 1385 1624 1416 truncate
1650 1378 1820 1427 scriptam
1849 1375 1953 1415 fuisse
1980 1378 2125 1417 censen<

1149 1441 1243 1468 mus.
1269 1430 1390 1468 LIPS.
1441 1431 1539 1468 Prius
1559 1429 1611 1466 lais
1628 1427 1760 1472 verbis,
1786 1430 1863 1480 Rite
1885 1442 1936 1465 me
1955 1440 2126 1466 matronae

1146 1481 1302 1531 vidistis.-
1331 1481 1449 1518 deinde
1470 1510 1483 1526 ,
1517 1483 1602 1530 Rite
1624 1489 1670 1517 (9·
1697 1478 1882 1527 dedicastis.
1915 1480 1971 1518 Ita
1997 1480 2127 1520 locum

1146 1532 1247 1571 hunc
1267 1533 1469 1582 legendum
1489 1534 1634 1570 censeo..
1683 1530 1832 1580 Pighius
1851 1530 1966 1569 edidit
1980 1531 2033 1569 his
2046 1543 2130 1582 pene

1146 1584 1281 1629 verbis,
1314 1595 1401 1623 cum
1429 1584 1469 1621 in
1491 1583 1583 1622 cod.
1612 1581 1764 1621 Susiano
1792 1580 1932 1631 legisset
1958 1582 2008 1620 ln‘s
2028 1585 2126 1633 prius

1146 1635 1255 1673 verbis
1268 1666 1276 1679 ,
1306 1644 1417 1686 atque
1437 1636 1486 1672 ita
1502 1636 1597 1685 prius
1613 1633 1811 1683 trajectu-m
1839 1632 1995 1672 vidisset.
2047 1635 2129 1672 Ve-

1146 1697 1231 1724 rum
1246 1687 1342 1736 prius
1360 1687 1519 1725 omnino
1541 1683 1661 1723 adesse
1682 1691 1853 1734 oportet;
1867 1683 1941 1722 five
1955 1686 2036 1734 jam
2056 1698 2126 1724 vo-

1147 1738 1250 1777 culae
1269 1738 1321 1775 bis
1339 1745 1610 1787 praeponatur,
1638 1735 1713 1774 five
1742 1735 1994 1784 postponatur.
2045 1737 2125 1775 Ha-

1144 1788 1208 1827 bet
1235 1801 1318 1827 eam
1347 1798 1504 1839 uterque
1535 1789 1648 1826 etiam
1669 1786 1790 1825 codex
1808 1786 1940 1825 Brand.
1968 1788 2126 1826 veteress

1146 1852 1221 1889 que
1240 1840 1337 1890 typis
1355 1841 1506 1890 expreffi
1529 1851 1674 1878 omnes.
1726 1838 1797 1876 Sed
1816 1838 1913 1876 dicat
1929 1839 2124 1889 quispiam,

1145 1891 1171 1929 fi
1193 1892 1289 1941 prius
1309 1891 1449 1942 aliquid
1466 1891 1606 1929 fastum
1626 1890 1768 1928 dicatur
1780 1918 1789 1934 ,
1804 1897 1979 1938 oportere
1997 1891 2036 1928 &
2054 1902 2125 1939 p0‘

1144 1942 1269 1982 sterius
1287 1942 1422 1993 aliquid
1444 1942 1583 1981 fadium
1605 1941 1686 1979 dici.
1736 1940 1972 1979 Praeclarum
1989 1941 2123 1989 igitur,

1144 1995 1249 2044 quod
1268 1994 1475 2033 observavit
1496 1991 1845 2043 Lipsius,codicem
1865 1992 2037 2030 Sambuci
2053 1993 2122 2031 ha-

1145 2045 1232 2084 bere
1250 2045 1317 2084 fic:
1346 2048 1418 2083 His
1432 2047 1527 2097 prius
1544 2044 1654 2082 verbis
1667 2073 1678 2087 ,
1708 2045 1791 2092 Rite
1810 2057 1861 2079 me
1878 2055 2047 2080 matronae
2065 2045 2123 2079 ‘m‘-

1144 2096 1261 2144 distis.-
1281 2096 1399 2134 deinde
1413 2123 1423 2141 ,
1446 2099 1532 2147 Rite
1549 2095 1695 2143 dicastis.
1751 2095 1828 2132 Hic
1845 2095 2023 2132 nimirum
2046 2106 2127 2133 ma*

1144 2149 1274 2187 nifeste
1301 2161 1379 2187 non
1404 2156 1551 2186 tantum
1566 2150 1685 2198 prius,
1712 2145 1774 2183 sed
1805 2146 1844 2183 δε
1867 2144 1989 2183 deinde
2015 2157 2128 2195 appao

1145 2209 1222 2238 ret:
1250 2208 1290 2238 ut
1309 2200 1452 2249 liquido
1465 2200 1545 2247 jam
1566 2198 1721 2235 sciamus
1734 2225 1744 2241 ,
1772 2196 1861 2246 quid
1879 2198 1976 2245 prius
1989 2226 1999 2242 ‚
2015 2197 2128 2247 quid-⁷

1145 2263 1220 2299 que
1249 2251 1383 2288 deinde
1411 2250 1552 2287 saetam
1579 2248 1634 2286 fit.
1686 2248 1737 2284 -Et
1756 2247 1999 2285 confirmatur
2015 2247 2127 2287 lectio

1146 2300 1240 2337 haec
1261 2299 1447 2348 e0,quod
1466 2299 1594 2336 diserte
1614 2298 1872 2347 praemiserat,
1893 2298 2130 2337 simulac-rum

1148 2349 1336 2387 Fortunae
1354 2349 1639 2387 muliebrisnon
1656 2348 1790 2393 semel,
1812 2348 1873 2386 sed
1889 2349 1940 2388 bis
1958 2349 2127 2388 locutum

1146 2399 1230 2437 effe.
1258 2401 1440 2449 Oportuit
1459 2401 1568 2449 igitur
1587 2400 1747 2437 omnino
1766 2398 1892 2444 subdi,
1907 2401 2001 2450 quid
2019 2402 2128 2449 prius,

1144 2451 1235 2500 quid
1255 2451 1389 2489 deinde
1414 2451 1555 2488 dixerit.
1608 2450 1732 2487 Verba
1760 2449 1943 2499 postrema
1971 2455 2055 2502 Rite
2081 2459 2126 2486 θ’

1144 2502 1315 2549 dedicastis
1341 2502 1513 2551 leguntur
1529 2501 1579 2539 *fic
1605 2501 1644 2539 in
1672 2513 1750 2539 uno
1778 2501 1862 2540 cod.
1880 2502 2009 2540 Brand.
2037 2513 2122 2538 cum

1143 2554 1183 2591 in
1211 2553 1286 2590 aliis
1312 2552 1453 2602 legatur
1486 2556 1633 2604 Riteque
1654 2552 1841 2599 dedicastis.
1892 2552 2008 2602 Quod
2028 2553 2124 2600 prius

1146 2606 1185 2642 ὃ(
1200 2603 1318 2641 deinde
1329 2604 1376 2643 fic
1396 2613 1587 2654 ponuntur
1600 2633 1610 2649 ,
1622 2605 1656 2641 ei
1677 2603 1792 2642 simile
1812 2604 1915 2654 quod
1930 2604 2021 2640 infra
2033 2614 2121 2647 vm,

1149 2667 1206 2708 13.
1232 2655 1371 2694 scribit:
1408 2658 1508 2692 Prius
1539 2659 1578 2692 P.
1600 2656 1730 2704 Nasica
1761 2658 1904 2705 Scipione
1926 2662 1970 2689 (δ’
2001 2655 2041 2689 L.
2063 2654 2126 2688 Be-

1135 2710 1230 2755 stiae
1249 2709 1328 2744 item
1340 2711 1398 2744 M.
1413 2708 1555 2744 Servilio
1567 2716 1612 2744 &⁴
1626 2712 1666 2744 L.
1682 2709 1798 2742 Lamia
1812 2706 1911 2742 COSS.
1924 2703 2119 2742 VORST.

1145 2759 1207 2796 An
1219 2759 1316 2796 forte
1326 2758 1525 2808 legendum
1542 2761 1625 2809 Qec
1644 2772 1692 2794 me
1710 2768 1878 2792 matronae
1897 2756 2037 2802 vicistis.
2061 2755 2118 2792 Ita

1140 2810 1237 2847 infra
1257 2810 1303 2846 L.
1326 2822 1382 2848 1-1.
1406 2823 1462 2849 10.
1483 2823 1516 2847 2.
1543 2810 1732 2859 Spec‘Yaculo
1747 2807 1954 2856 praesentiae
1964 2808 2048 2854 suae
2066 2807 2120 2842 la..

1140 2872 1270 2898 tronum
1282 2864 1496 2912 gestientium
1519 2862 1623 2897 oculos
1641 2860 1730 2894 vicit.
1763 2857 1821 2894 Sic
1838 2857 1922 2905 lego
1944 2869 1988 2894 ex
2008 2856 2115 2893 MSS.

1140 2911 1254 2960 vulgo
1272 2913 1492 2963 obstupefecit.
1544 2910 1687 2948 Scilicet
1713 2908 1816 2946 idem
1844 2919 1944 2945 error
1971 2907 2116 2956 utrique

1140 2963 1228 3001 loco
1248 2962 1416 3012 obrepsit,
1467 2966 1649 3000 Fortunam
1667 2961 1795 2998 vincere
1808 2990 1815 3002 ,
1842 2961 1927 2995 iram
1944 2968 2116 3009 expugna-

1141 3029 1187 3052 re.
1217 3014 1262 3051 L.
1282 3026 1318 3052 V.
1335 3026 1369 3061 4.
1394 3027 1425 3053 1.
1454 3012 1607 3051 Precibus
1630 3010 1774 3049 admotis
1796 3012 1881 3046 iram
1897 3009 2018 3054 vicisti.
2062 3009 2115 3047 Et

1141 3065 1202 3106 hic
1211 3067 1352 3113 fortuna
1362 3064 1513 3116 precibus
1529 3064 1636 3103 νὲίῖα,
1664 3063 1722 3101 Sic
1737 3061 1845 3149 pllane
1864 3059 1909 3098 L.
1927 3070 1989 3098 m.
2007 3069 2040 3107 7.
2054 3072 2113 3148 {Z

1493 570 1523 600 0
1543 551 1847 599 Coriolanum
1867 550 1921 597 ab
1950 556 2131 603 excidio
2148 548 2348 628 26¹}”1ffiu

2145 758 2315 789 Coriolan.

1993 789 2130 837 Vale·
2149 799 2183 830 ae
2204 798 2243 829 dc
2260 802 2348 832 fon..

2148 843 2248 874 Rom.
