2516 3509
336 58 448 113 DE
501 58 803 118 VAFRE
873 63 1207 122 mc‘rls
1273 36 1475 124 AUT
1524 67 1902 144 Paomis.
2018 79 2137 151 ⁵657

120 191 227 224 nem
248 174 445 222 civitatis
469 174 635 239 usque,
661 191 1024 241 penetraverunt.
1044 185 1206 248 Sagaci
1229 185 1413 232 hercule
1434 185 1500 233 ufi
1527 186 1845 251 fimplicitate5
1873 198 1889 230 7
1911 195 2126 256 quoniam

123 255 270 319 aptius
292 252 377 299 effe
398 253 742 316 intellexerant,
771 255 790 285 8
814 273 988 308 metum
1011 262 1167 311 officio
1193 263 1462 311 diffimulare
1477 299 1492 323 ‚
1527 282 1661 329 quam
1684 269 1814 315 armis
1835 283 2088 336 protegere.

188 335 254 379 At
282 331 562 379 Volscorum
597 335 724 382 ducis
760 346 780 375 9
804 340 935 386 Tulli
967 343 1218 390 execrabile
1252 344 1509 390 confilium.
1545 347 1622 408 qui
1656 347 1709 392 ad
1734 348 1903 397 bellum
1925 353 2119 403 inferen-

119 403 477 457 dumRomanis
498 412 695 459 maxima
718 415 969 479 cupiditate
990 420 1226 481 accensus,
1264 437 1370 467 cum
1394 422 1570 486 aliquot
1587 424 1777 471 adversis
1801 431 1981 490 proeliis
2006 450 2119 482 con-

120 484 240 532 tusos
267 488 438 534 animos
459 487 639 536 suorum
655 525 670 550 ,
709 498 751 518 ¹0
773 493 821 539 ἃ
845 494 905 541 ob
932 496 976 541 id
1004 499 1102 560 paci
1126 499 1360 562 proniores
1381 500 1785 562 animadverteret,
1822 506 2026 558 insidiosa
2050 530 2116 560 ra-

117 563 268 622 tione,
304 580 396 627 quo
427 565 634 626 volebat,
670 569 912 632 compulit.
972 573 1098 620 Nam
1127 591 1235 621 cum
1268 573 1615 637 spectandorum
1655 586 1689 606 ¹¹
1729 580 1940 630 ludorum
1971 589 2116 649 gratia

115 655 277 704 magna
299 641 577 690 Volscorum
601 645 849 692 multitudo
868 649 1067 696 Romam
1095 651 1401 711 convenisset,
1438 652 1694 701 consulibus
1717 655 1861 717 dixit,
1884 662 2110 708 Vehemen-
2133 707 2266 748 Dionys.

115 734 181 768 ter
200 720 239 778 se
261 723 428 777 timere,
452 723 602 781 nequid
620 722 760 783 hostile
770 723 912 784 fitbito
937 730 1203 774 molirentur:
1229 730 1502 792 monuitque
1524 742 1569 775 ut
1595 734 1720 792 effimt
1741 741 1943 786 cautiores
1957 775 1970 799 ,
1998 749 2034 768 ¹2
2066 742 2113 789 ὃς
2131 751 2330 821 {HF-15⁰0

114 801 322 862 protinus
349 798 438 862 ipse
459 800 571 846 urbe
595 801 788 864 egressus
814 803 890 849 est.
927 805 1083 864 Qiam
1106 823 1199 853 rem
1230 807 1431 855 consules
1464 816 1502 846 ¹³
1529 810 1582 856 ad
1607 811 1806 860 senatum
1831 820 2113 870 retulerunt:
2163 801 2231 822 ϋηο
2247 803 2321 825 ΔΜ

46 885 52 888 ·
113 874 190 931 qui
217 906 229 930 ,
274 874 448 921 tametfi
494 876 613 923 nulla
656 877 845 941 suspicio
879 881 1052 930 suberat
1076 918 1091 942 a
1135 884 1402 932 auctoritate
1444 899 1595 933 tamen
1644 895 1684 926 ¹4
1719 892 1849 937 Tulli
1894 911 2105 946 commo-

113 963 210 1008 tus,
248 966 291 996 ut
328 965 421 999 ante
456 961 605 1001 nocJem
642 958 778 1018 Volsci
811 961 999 1018 abirent,
1032 962 1249 1009 decrevit.
1319 963 1426 1025 Qia
1460 968 1737 1015 contumelia
1772 971 1961 1033 irritati,
1998 975 2105 1024 faci·

2206 341 2263 368 19.

2131 584 2214 613 Ann.
2238 583 2306 614 urb.

2133 630 2201 661 264.
2225 626 2335 657 Livius

2133 675 2176 695 11.
2206 677 2257 700 3⁷·

107 1030 150 1077 le
184 1031 356 1094 impelli
392 1046 642 1097 potuerunt
676 1037 731 1083 ad
766 1039 1084 1090 rebellandum.

112 1251 148 1287 in
171 1250 314 1290 duobus
339 1253 445 1291 codd.
475 1254 511 1292 id
533 1267 610 1293 non
639 1255 836 1305 reperiffet.
889 1260 986 1297 Mihi
1006 1271 1082 1298 vox

113 1301 269 1339 minime
299 1304 522 1352 supervacua
543 1334 554 1350 ‚
590 1310 824 1358 omninoque
861 1311 1081 1350 restituenda

110 1352 287 1396 videtui·;
325 1356 533 1403 praesertim
570 1368 655 1394 cum
691 1360 784 1396 &in
808 1368 967 1410 utroque
995 1362 1081 1400 cod.

109 1402 242 1445 Dranci,
271 1416 352 1442 eam
385 1407 587 1445 inveniam.
621 1409 753 1447 Voluit
783 1412 942 1449 omnino
967 1413 1081 1450 Vale-

111 1454 184 1491 rius
212 1455 249 1491 in
281 1455 431 1494 laudem
462 1459 609 1495 Camilli
638 1459 775 1510 aliquid
803 1462 986 1509 adjicere:
1022 1466 1077 1502 ni-

110 1505 250 1554 misque
282 1507 458 1554 frigidum
487 1509 523 1545 id
552 1508 672 1547 fuisset
692 1539 702 1554 ,
749 1511 774 1548 fi
796 1512 981 1560 sci-ipfiffet
1009 1518 1074 1551 Fu-

103 1557 174 1591 rius
195 1559 360 1593 Camillus
389 1558 471 1596 dux.
497 1560 692 1599 VORST.
727 1562 767 1598 ⁷0⁸
797 1566 982 1601 Maximus
1014 1577 1077 1602 ex-

105 1605 171 1643 stat
200 1607 236 1643 in
259 1619 398 1645 novem
420 1609 556 1647 nostris.
586 1612 624 1649 &
647 1612 740 1650 Edd.
769 1614 953 1652 omnibus.
974 1616 1070 1665 Cop.

106 1667 185 1694 non
207 1658 295 1695 illud
315 1659 431 1697 solum
453 1660 513 1697 sed
533 1662 643 1698 etiam
662 1662 730 1698 dux
753 1665 903 1702 omittit.
918 1667 1075 1704 Utrum-

103 1719 177 1756 que
225 1719 269 1744 ex
306 1711 418 1757 genio
454 1711 592 1748 Valerii
628 1713 759 1761 judico
802 1715 921 1753 adesse
964 1716 1075 1755 debe-

102 1769 152 1795 re.
203 1759 304 1796 Facit
336 1762 435 1797 enim
455 1762 500 1799 ad
522 1774 600 1799 rem
624 1765 942 1814 exaggerandam,
967 1769 1074 1817 quod

101 1811 268 1845 maximus
303 1809 373 1847 dux
409 1825 480 1848 cum
517 1812 716 1861 ‘validissimo
755 1828 894 1853 ‘venerat
926 1821 1073 1856 exercitu

96 1859 142 1896 ad
171 1861 383 1897 euertendam
419 1863 540 1900 urbem.
595 1864 636 1901 In
677 1878 754 1914 quo
781 1867 924 1906 notabis
953 1870 1068 1908 etiam

100 1911 147 1948 de
186 1911 338 1949 consilio
372 1914 596 1952 evertendae
645 1917 739 1954 urbis
778 1918 934 1958 Livium
977 1922 1069 1959 nihil

96 1961 242 2006 dicere,
270 1974 392 2012 neque
424 1965 536 2002 etiam
565 1965 815 2006 Plutarchum.

161 2026 195 2063 6.
238 2027 313 2067 vid
346 2031 599 2066 communionem
634 2034 788 2068 civitatis
827 2038 931 2084 usque
966 2046 1065 2085 pene-

94 2077 290 2126 tra-verunt]
342 2079 384 2115 In
420 2079 639 2118 Cauchiano
675 2083 841 2131 plenius;
887 2087 1066 2131 civitatis,

93 2141 195 2177 quam
224 2130 324 2177 usque
351 2131 520 2178 cupierant
540 2157 549 2173 ,
569 2143 840 2181 penetraverunt.
892 2136 1063 2176 PIGH.

92 2178 170 2219 ‘Ad
196 2183 446 2216 communionem
474 2183 628 2218 civitatis
657 2186 758 2232 usque
793 2196 1063 2233 penetraverunt.

95 2228 151 2267 Ita
180 2237 323 2267 veteres
351 2232 447 2280 typis
482 2233 654 2282 expreffi,
693 2236 732 2272 ὃς
761 2244 917 2285 uterque
948 2238 1062 2278 Bran-

96 2279 245 2328 deburg.
273 2281 354 2318 MS.
382 2282 529 2330 Pighius
558 2291 685 2322 tamen
713 2298 830 2324 unum
862 2287 945 2325 cod.
965 2290 1061 2328 Cau-

95 2331 268 2368 chianum
299 2332 440 2370 secutus
466 2334 623 2383 scripsit,
660 2333 706 2371 ad
733 2340 987 2376 communionem
1016 2344 1056 2377 ci.

92 2383 217 2418 vitatis
238 2410 248 2426 ‚
293 2397 393 2430 quam
425 2384 524 2434 usque
561 2387 754 2434 cupierant,
786 2398 1061 2436 penetraverunt.

93 2433 239 2469 Verum
278 2433 356 2470 saris
388 2443 537 2483 apparet
570 2437 738 2484 ineptum
774 2438 951 2486 glossema
983 2442 1058 2481 hoc

92 2481 175 2520 effe.
229 2483 495 2532 Praepofitioni
524 2486 568 2523 ad
595 2488 721 2536 subjici
749 2492 850 2539 usque
870 2517 880 2531 ‚
919 2491 946 2529 fi
974 2505 1057 2531 ver-

88 2533 178 2570 bum
205 2544 376 2580 penetrare
408 2536 598 2586 sequatur,
638 2538 765 2587 resque
804 2540 914 2579 ardua
948 2542 1057 2591 figni-

91 2583 242 2628 ficetur,
269 2596 345 2622 non
374 2598 518 2625 novum
551 2589 610 2626 est.
647 2590 873 2629 VORST.
925 2593 1056 2634 Solita-

90 2636 163 2672 rius
202 2635 249 2672 est
286 2635 402 2684 Pighii
447 2639 566 2677 codex
607 2640 868 2686 Cauchianus,
923 2644 982 2683 illa
1015 2658 1054 2684 e-

89 2687 168 2723 nim
190 2715 199 2727 ,
236 2700 338 2735 quam
364 2691 466 2738 usque
488 2692 681 2739 cupierant.
703 2693 876 2741 equidem
908 2694 947 2732 in
972 2698 1054 2735 nul-

89 2736 127 2774 lo
154 2747 224 2773 nec
250 2737 382 2785 scripto
409 2751 478 2776 nec
506 2741 608 2778 edito
638 2742 712 2778 scio
744 2743 921 2789 inveniri,
957 2760 1053 2798 quo-

89 2797 173 2824 rum
214 2786 259 2824 ad
297 2799 358 2824 me
404 2791 534 2828 notitia
573 2792 753 2841 pervenit.
822 2795 938 2834 Reae
983 2800 1053 2838 ita-

87 2849 162 2887 que
187 2839 365 2885 expunxit
385 2840 561 2878 Vorstius.
609 2843 681 2880 Pro
700 2854 957 2891 penetra-rerunt
976 2850 1052 2899 ple-

87 2889 192 2939 rique
216 2889 387 2927 exhibent
404 2901 631 2941 penetrarunt.
654 2895 749 2944 Cop.
773 2897 812 2936 δε
831 2897 963 2949 Ultraj.
982 2901 1051 2944 sec.

74 2949 284 2990 penetravit.

1152 1043 1222 1088 Ita
1255 1044 1541 1091 mendacium
1577 1045 1741 1094 versuti
1777 1049 1930 1110 ducis,
1968 1053 2102 1100 fimu-

1186 1273 1218 1308 7.
1245 1264 1418 1315 Qccniam
1435 1265 1582 1316 apertius
1604 1268 1661 1315 effe
1678 1269 1935 1321 intellexerant]
1956 1276 2100 1314 Omnes

1131 1311 1212 1351 libri
1242 1323 1383 1352 veteres
1405 1344 1416 1360 ,
1461 1322 1573 1365 aptius
1592 1346 1604 1361 ,
1648 1318 1784 1366 legunt.
1845 1324 1936 1361 Non
1964 1327 2100 1375 inepte.

1131 1363 1271 1402 PIGH.
1304 1369 1475 1415 Quoniam
1508 1369 1621 1415 aptius
1653 1369 1713 1415 effe
1742 1373 1989 1413 intellexerant.
2042 1378 2099 1415 Sic

1134 1414 1240 1453 MSS.
1279 1427 1365 1454 cum
1398 1416 1469 1454 Ed.
1503 1418 1611 1466 Mog.
1648 1420 1806 1458 Mediol.
1843 1424 1987 1463 Ascens.
2027 1429 2096 1466 Sed

1132 1465 1232 1503 Ven.
1274 1466 1359 1505 Ald.
1405 1467 1526 1505 Colin.
1571 1470 1712 1519 Gryph.
1759 1472 1882 1522 steph.
1912 1482 2099 1524 (sitiemus.

1128 1518 1296 1565 „Aptius3
1312 1519 1607 1558 convenientius,
1631 1522 1668 1558 &
1681 1521 1724 1559 ad
1739 1525 1885 1562 veniam
1900 1530 2097 1575 pai-andam

1129 1568 1469 1607 accommodatius.

1179 1618 1212 1655 8.
1241 1623 1381 1655 Merum
1409 1620 1511 1667 officio
1536 1619 1751 1673 diffimulare]
1799 1625 1894 1663 Edd.
1930 1636 2013 1665 ante
2040 1630 2096 1666 Pi—

1125 1667 1256 1715 ghium
1285 1679 1429 1717 praeter
1459 1673 1565 1720 Mag.
1592 1673 1729 1711 habent
1755 1674 1890 1722 officiis,
1917 1679 2017 1727 quod
2037 1692 2098 1717 ex·-

1125 1718 1190 1756 stat
1213 1719 1250 1756 in
1272 1720 1341 1757 Bit.
1369 1722 1475 1768 prim.
1504 1723 1542 1759 ὃ(
1563 1723 1668 1761 Med.
1690 1725 1758 1763 sec.
1791 1728 1903 1765 ceteri
1926 1729 2024 1775 officio
2042 1744 2092 1769 re-

1126 1769 1270 1813 tinent,
1293 1778 1334 1808 ut
1357 1772 1576 1810 emendavit
1594 1774 1757 1822 Pighius.

1174 1833 1210 1869 9.
1237 1821 1349 1871 Tulli]
1379 1823 1491 1861 Multi
1511 1825 1617 1862 MSS.
1639 1828 1758 1864 Tullii.

1176 1897 1232 1923 10.
1263 1890 1306 1922 Et
1336 1886 1373 1922 ob
1400 1887 1434 1924 id
1459 1890 1536 1936 paci
1562 1890 1748 1940 proniores]
1784 1893 1879 1941 Cop.
1909 1897 2093 1944 Promptio-

1120 1948 1183 1973 res.
1210 1937 1335 1983 idem,
1371 1953 1435 1989 quo
1463 1940 1596 1976 'volebat
1627 1943 1773 1992 impulit.
1811 1945 1913 1982 idem
1941 1950 2092 1985 maxima

1121 1988 1315 2032 Volscorum
1344 1990 1535 2030 multitudo.
1566 1991 1697 2038 Idem,
1723 1993 1839 2040 hostile
1851 1996 1916 2044 sub
1937 2012 1971 2033 eo
1997 2001 2094 2035 moli-

1120 2047 1224 2076 retur.

1191 2102 1248 2128 11.
1298 2091 1467 2129 Ludorum
1510 2093 1650 2145 gratia]
1705 2095 1818 2134 Deest
1855 2098 1994 2146 ingrata
2032 2100 2090 2138 illa

1110 2142 1233 2187 gratia
1271 2142 1309 2179 in
1349 2143 1409 2181 lib.
1448 2145 1545 2181 Dan.
1584 2146 1776 2190 COLER.
1831 2150 2088 2197 Spec7andorum

1116 2189 1284 2228 Ludorum
1304 2196 1436 2244 gratia.
1489 2195 1588 2233 Mira
1618 2196 1768 2235 audacia
1799 2198 1948 2245 Coleri,
1984 2204 2086 2252 quod

1116 2250 1200 2278 curn
1229 2243 1273 2280 ab
1302 2255 1380 2282 uno
1411 2244 1494 2282 cod.
1529 2246 1569 2283 Ρ.
1606 2247 1770 2285 Danielis
1800 2261 1936 2289 vocem
1963 2257 2082 2303 gratia

1112 2289 1229 2328 abeffe
1264 2293 1427 2338 videret,
1464 2296 1563 2334 illico
1596 2309 1677 2335 eam
1711 2302 1920 2348 expunxit,
1960 2306 1996 2341 ὃς
2026 2306 2082 2341 in-

1111 2349 1254 2388 gratam
1288 2343 1349 2381 hic
1386 2344 1457 2383 effe
1493 2347 1640 2396 scripsit.
1686 2351 1882 2390 VORST.
1930 2355 2079 2392 Retine-

1111 2399 1171 2429 tur
1196 2406 1350 2444 quoque
1375 2397 1414 2434 in
1447 2398 1597 2443 nostris,
1624 2400 1759 2445 credo,
1788 2404 1968 2441 omnibus,
2006 2405 2075 2442 Sed

1110 2441 1216 2482 Med.
1249 2445 1320 2483 sec.
1356 2459 1424 2496 pro
1451 2460 1518 2492 ea,
1554 2451 1663 2499 cauffo
1688 2452 1809 2490 habet.
1857 2455 1938 2491 vide
1970 2456 2072 2503 supra

1109 2492 1156 2530 L.
1191 2507 1222 2533 1.
1260 2509 1292 2534 1.
1330 2509 1360 2535 1.
1407 2501 1644 2549 Percipiendae
1676 2506 1844 2550 sacrorum
1881 2504 2072 2552 difithIinae

1098 2547 1222 2592 gratia
1253 2547 1474 2588 traderentur.
1511 2551 1573 2588 ubi
1608 2553 1706 2591 illam
1744 2565 1879 2591 vocem
1917 2567 2070 2605 quoque

1106 2595 1248 2645 Lipfius
1269 2598 1423 2648 jubebat
1452 2604 1623 2651 expungi.

1157 2660 1214 2685 12.
1249 2652 1294 2686 Et
1324 2652 1476 2700 protinus
1514 2654 1592 2690 urhe
1630 2654 1764 2704 egreffies
1798 2653 1860 2701 est]
1897 2655 2065 2706 Uterque

1103 2698 1208 2737 Med.
1230 2702 1449 2751 protinusque
1472 2704 1559 2742 urbe.
1589 2705 1683 2752 Cop.
1711 2705 1747 2740 δέ
1770 2704 1871 2740 Harl.
1899 2714 1942 2740 <9¹
1961 2712 2069 2756 proti-

1103 2763 1165 2786 nus
1189 2751 1256 2799 ipse
1283 2751 1394 2789 urbem
1424 2755 1564 2805 egreffias
1589 2758 1642 2801 est.

1167 2813 1227 2851 13.
1274 2802 1350 2844 2Ad
1378 2807 1534 2851 senatum
1567 2802 1768 2851 retulerunt]
1809 2804 1888 2842 Sec.
1932 2807 2064 2858 Ultraj.

1103 2858 1260 2902 uterque
1298 2855 1404 2892 Med.
1439 2855 1536 2904 Cop.
1573 2863 1644 2891 tres
1682 2853 1788 2891 Lcid.
1826 2856 1928 2894 Harl.
1958 2859 2063 2898 Barb.

1101 2902 1212 2950 prim,
1245 2904 1314 2942 Ed,
1348 2906 1455 2954 Mog,
1500 2908 1538 2943 δε
1574 2903 1677 2941 Med.
1721 2908 1939 2945 Detulerunt.
1977 2910 2062 2946 Liv-

1103 2955 1249 3004 consules
1290 2970 1361 2995 cum
1401 2956 1445 2995 ad
1479 2966 1589 3008 patres
1618 2970 1694 3043 (gem
1730 2955 1865 2994 dubiam
1895 2959 1958 3007 sub
1997 2974 2063 2997 cer-

1668 3018 1728 3044 oo
1766 3018 1791 3044 0
2031 3022 2064 3047 t·
