2516 3509
411 116 523 181 640

713 87 1123 158 VALERII
1193 81 1572 144 MAXIMI
1609 83 1727 142 Lu.
1755 85 1888 148 v11.
1923 87 2070 146 CAP.
2091 86 2197 144 111.

1136 250 1493 309 Capua-
1580 249 1684 306 ΙΙΙ.

539 402 668 467 DE
744 393 1083 485 VAFRE
1161 386 1537 453 DICTIS
1599 389 1821 454 AUT
1883 390 2292 457 FACTIS.

622 595 668 642 A
733 593 1184 640 R0MAN1s.

424 699 464 728 1.
499 676 700 737 Antistite
732 675 875 733 templi
909 671 1098 717 Dianae.

417 761 461 792 2.
493 747 548 791 L.
585 743 717 802 Junio
749 739 902 785 Bruto.

426 825 467 872 3.
502 813 551 854 P.
587 807 768 864 Scipione
805 800 1011 862 Africano
1046 797 1213 858 majore.

426 895 470 938 4.
508 875 574 937 Q
609 871 739 916 Fabio
777 868 971 914 Labeone.

425 956 469 1003 5.
508 942 581 983 M.
617 936 796 981 Antonio
825 941 997 977 oratore.

427 1011 471 1050 6.
506 1004 567 1063 ,Q
599 1000 791 1046 Sertorio.

426 1087 471 1125 7.
507 1069 572 1130 Q
603 1065 732 1110 Fabio
764 1062 895 1105 Max.
930 1055 1178 1113 Verrucoffo.

429 1134 472 1180 8.
509 1135 584 1174 M.
621 1128 783 1187 Volusio
817 1126 1045 1172 Saturnino
1076 1120 1165 1165 aed.
1192 1118 1252 1178 pl.

427 1214 472 1253 9.
509 1195 644 1241 Sentio
672 1192 910 1236 Saturnino.

434 1278 504 1308 10.
541 1264 666 1304 Patre
699 1255 886 1318 quodam.

1587 578 1694 626 AB
1762 582 2266 632 EXTERle.

1451 678 1469 709 1
1482 697 1492 708 .
1524 662 1775 708 Alexandro
1788 666 1949 725 Magno
1961 663 2016 715 ἐς)
2026 665 2197 725 quodam
2217 670 2412 729 asinario.

1446 743 1489 774 2.
1527 729 1657 772 Darii
1687 729 1790 788 regis
1822 727 2016 788 equifime.

1450 807 1490 853 3.
1526 794 1675 837 Biante
1710 795 1926 854 Prienenfi.

1445 875 1490 918 4.
1527 859 1802 902 Anaximene.

1450 940 1488 981 5.
1524 920 1793 974 Demosthene
1823 930 1996 967 oratore.

1448 992 1488 1031 6.
1528 986 1727 1046 ,Quodam
1764 986 2015 1048 Atheniensi.

1447 1065 1492 1110 7.
1531 1050 1744 1096 Annibale
1775 1049 1950 1112 Gisgonis
1987 1055 2034 1096 F.
2067 1054 2205 1098 Poeno.

1449 1112 1493 1161 8.
1530 1115 1742 1160 Annibale
1774 1117 2003 1161 Amilcaris
2037 1116 2085 1161 F,
2120 1118 2268 1165 Poeno.

1443 1195 1488 1235 9.
1526 1176 1777 1238 fistulam&

1447 1259 1516 1289 10.
1553 1242 1668 1289 Tullo
1700 1245 1855 1303 Attio,
1887 1244 2123 1305 Volscorum
2157 1247 2270 1294 duce.

427 1388 548 1506 Est
586 1385 708 1434 aliud
743 1381 966 1430 fabiorum
1001 1376 1319 1439 di&01·un]que
1351 1387 1491 1437 genus
1526 1372 1551 1418 ὲ
1584 1371 1796 1436 sapientia
1844 1379 1854 1398 ¹
1896 1374 2109 1436 proximo
2145 1373 2326 1422 deflexu
2358 1377 2412 1424 ad

517 1465 716 1517 vafritiae
749 1478 916 1511 nomen
949 1457 1258 1524 progressum:
1299 1462 1313 1482 ²
1333 1454 1458 1519 quod
1492 1453 1575 1502 nisi
1608 1453 1779 1501 faliacia
1813 1454 1926 1502 vires
1959 1454 2263 1519 assumpserit,
2299 1463 2314 1494 3
2354 1457 2410 1504 fi-

481 1689 513 1716 Ι.
548 1674 706 1713 Proximo
738 1672 869 1722 deflexu
903 1670 947 1707 ad
979 1670 1073 1716 vafri
1103 1681 1218 1706 nomen
1243 1666 1395 1716 progres-

416 1727 516 1778 sum]
547 1728 588 1764 In
617 1726 797 1763 veteribus
825 1723 883 1761 lib.
912 1722 1089 1770 aliquibus
1114 1721 1224 1764 vafre.
1249 1718 1286 1754 in
1317 1717 1393 1754 aliis

422 1781 583 1825 vafreae,
610 1776 825 1827 quibusdam
855 1775 1013 1819 Vafriae,
1039 1772 1094 1808 vel
1124 1769 1292 1815 Vafrinae.
1329 1768 1391 1805 An

424 1838 529 1867 vetus
550 1830 653 1866 Deae
672 1839 814 1866 nornen
828 1854 837 1870 ,
864 1833 904 1861 ut
918 1824 1056 1859 Murcia
1071 1849 1081 1865 ‚
1107 1820 1265 1862 strenia,
1284 1821 1391 1855 Cuni-

423 1895 492 1924 na,
529 1881 674 1922 Fur-ina,
710 1878 757 1915 fic
788 1877 913 1922 Vafria
946 1873 1002 1910 vel
1036 1873 1201 1919 Vasa-ina:
1239 1868 1391 1906 videant

426 1931 559 1974 docti,
604 1941 700 1967 anne
739 1929 851 1966 lateat
898 1922 1156 1974 paronomafia
1194 1919 1392 1970 quaedam.

422 1981 563 2019 PIGH.
592 1980 670 2019 „Ad
691 1981 784 2025 vafri
812 1991 938 2014 nomen.
977 1975 1066 2012 Satis
1094 1973 1256 2011 obscure.
1295 1971 1393 2008 Mira

425 2034 580 2070 varietas
598 2032 637 2068 in
653 2030 749 2068 libris
768 2028 896 2077 Pighii.
909 2027 991 2075 Ego
1009 2037 1086 2062 non
1109 2023 1238 2061 dubito
1258 2033 1387 2059 emen-

422 2082 532 2120 dare:
561 2082 635 2123 tAd
660 2084 847 2122 vaframen.
900 2077 1006 2115 Idem
1041 2077 1291 2120 vaframentum
1326 2072 1390 2109 aii-

422 2135 570 2182 quoties
598 2133 698 2169 dixit.
727 2130 919 2169 COLER.
972 2129 1024 2170 221
1043 2127 1213 2176 sapientia
1235 2125 1390 2174 proximo

421 2184 551 2231 deflexu
582 2182 625 2218 ad
654 2184 817 2228 ‘uafritiae
846 2195 959 2216 nomen
993 2176 1201 2228 progreffiam.
1256 2175 1309 2212 Ita
1336 2174 1385 2211 le-

421 2235 587 2284 gendum
628 2234 793 2270 arbitror.
844 2232 1000 2268 Veteres
1038 2228 1218 2266 editiones
1252 2226 1389 2264 habent

421 2285 469 2323 ad
495 2288 592 2331 vafre
620 2299 744 2321 nomen.
797 2282 914 2330 Quod
944 2280 1043 2318 idem
1068 2280 1163 2316 &in
1194 2288 1272 2314 uno
1302 2276 1386 2313 cod.

423 2337 557 2375 Brand.
595 2335 760 2373 observo.
821 2333 926 2370 Alter
971 2332 1071 2369 enim
1120 2329 1231 2367 habet
1279 2330 1389 2373 vafer.

424 2387 497 2425 Sed
523 2386 701 2425 mendum
736 2385 795 2421 hic
829 2383 1061 2421 manifestum
1092 2381 1151 2418 est.
1204 2377 1321 2427 Quod
1351 2387 1390 2416 ut

423 2438 574 2487 Pighius
601 2436 745 2474 tolleret
767 2463 777 2479 ‚
811 2433 942 2481 scripslt
969 2432 1012 2468 ad
1041 2434 1133 2477 *vafri
1159 2445 1285 2466 nomen.
1338 2429 1390 2466 At

425 2489 582 2527 Colerus
607 2487 710 2537 quod
741 2486 834 2522 infra
856 2485 892 2520 in
914 2485 986 2520 hoc
1014 2483 1090 2530 ipso
1115 2481 1233 2530 capite
1264 2479 1384 2517 obser-

422 2541 525 2578 vavit
551 2542 799 2585 vaframentum
820 2561 831 2578 ,
876 2546 943 2582 pro
971 2533 1013 2568 ad
1043 2536 1139 2578 vafre
1173 2545 1287 2568 nomen
1312 2530 1384 2578 legi

424 2591 536 2629 vellet
563 2589 608 2626 ad
634 2590 820 2635 vaframen.
871 2585 993 2624 Mihi,
1035 2592 1074 2619 ut
1104 2583 1177 2620 dixi
1201 2610 1211 2626 ,
1257 2581 1384 2629 legen-

423 2642 513 2680 dum
544 2640 689 2678 videtur
726 2637 770 2674 ad
799 2638 962 2681 vafritiae
987 2649 1111 2669 nomen.
1158 2634 1286 2670 Primo
1314 2644 1384 2669 no-

419 2703 524 2736 tum,
563 2693 600 2729 in
633 2689 743 2727 codd.
777 2687 884 2724 MSS.
915 2696 992 2721 non
1022 2683 1272 2731 antiquiffimis
1302 2683 1385 2719 uni-

423 2754 506 2780 cam
533 2743 676 2779 literam
706 2740 737 2777 E
767 2738 857 2787 poni
884 2734 1082 2783 saepiffime
1112 2746 1179 2781 pro
1210 2734 1243 2769 A
1262 2733 1315 2775 E,
1345 2735 1382 2770 &

2308 1535 2413 1583 dem

1442 1664 1606 1714 gendum
1635 1664 1675 1702 fit
1701 1665 1876 1710 vafritiae.
1929 1665 2106 1702 Ceterum
2143 1664 2246 1714 quod
2279 1664 2409 1704 abstra-

1445 1716 1545 1754 &tum
1569 1718 1740 1766 sapientia
1772 1715 1978 1760 antecedit,
2006 1715 2044 1752 id
2063 1714 2191 1752 itidem
2212 1727 2407 1763 argumen-

1443 1774 1485 1805 to
1512 1767 1560 1804 est
1581 1795 1591 1811 ,
1620 1778 1698 1804 non
1723 1775 1941 1805 concretum
1961 1767 2055 1811 vafri
2069 1793 2079 1809 ,
2107 1774 2148 1803 ut
2166 1766 2313 1814 Pighius
2331 1767 2407 1804 vel-

1441 1818 1514 1862 let,
1540 1817 1599 1855 sed
1626 1817 1843 1856 abstrat‘tum
1868 1818 2033 1863 vafritiae
2053 1816 2113 1853 hic
2138 1816 2337 1865 legendum
2358 1818 2406 1855 es-

1441 1868 1488 1906 se.
1540 1868 1633 1905 Vu]t
1665 1869 1774 1917 igitur
1801 1868 1994 1911 Valerius,
2025 1877 2139 1916 genus
2165 1867 2256 1904 istud
2287 1868 2410 1906 faeto-

1443 1930 1527 1956 rum
1558 1917 1838 1969 diciorumque,
1871 1918 1915 1955 de
1943 1930 2020 1967 quo
2047 1928 2147 1954 nunc
2175 1930 2282 1967 agere
2307 1919 2406 1956 insti·

1443 1971 1514 2007 tuit
1535 1997 1545 2013 ,
1591 1970 1765 2018 proximo
1795 1968 1942 2006 deflexu
1968 1968 1989 2006 ὲ
2018 1968 2190 2017 sapientia
2216 1968 2262 2006 ad
2291 1971 2405 2007 vafri-

1437 2021 1510 2058 tiae
1541 2031 1685 2057 nomen
1725 2018 1952 2068 progressum
1989 2017 2091 2063 effe,
2133 2018 2171 2055 id
2208 2020 2256 2057 est
2278 2046 2289 2063 ,
2326 2032 2405 2059 non

1439 2071 1485 2109 ad
1512 2070 1625 2117 ipsam
1652 2070 1864 2118 sapientiam
1881 2100 1890 2115 ‚
1918 2070 1964 2107 de
1992 2082 2064 2118 qua
2093 2070 2212 2118 capite
2241 2070 2404 2118 superio·

1440 2134 1479 2160 re
1515 2121 1653 2158 dietum
1678 2150 1688 2166 ,
1724 2121 1785 2159 sed
1813 2121 1859 2159 ad
1886 2120 2045 2170 aliquid,
2076 2120 2179 2170 quod
2208 2121 2406 2169 sapientiae

1440 2174 1607 2211 vicinum
1636 2171 1701 2215 fit,
1730 2172 1878 2221 ejusque
1906 2172 2064 2221 speciem
2094 2180 2196 2219 gerat
2215 2199 2226 2216 ,
2267 2172 2303 2209 id
2333 2173 2406 2217 est,

1441 2224 1487 2262 ad
1517 2223 1703 2261 vafritiem
1731 2225 1928 2272 pertinere.
1962 2222 2157 2260 VORST.
2211 2225 2317 2269 Vafer
2343 2223 2409 2261 ha-

1440 2275 1502 2313 bet
1539 2274 1672 2322 Ultraj.
1717 2275 1824 2322 prim.
1873 2276 1995 2321 Vafrie
2027 2273 2124 2322 Cop.
2160 2273 2264 2310 Harl.
2299 2274 2407 2313 Leid.

1441 2335 1524 2364 tert.
1553 2326 1591 2362 ὃς
1620 2334 1736 2374 quart.
1768 2327 1895 2371 Vafre,
1931 2324 2071 2373 reliqui.
2123 2323 2242 2371 Quod
2266 2323 2292 2360 fi
2311 2325 2408 2363 linea

1439 2375 1640 2414 transversa
1679 2378 1791 2423 vafrie
1823 2383 2004 2419 notetur,
2042 2374 2148 2423 plane
2183 2374 2260 2417 est,
2304 2375 2408 2425 quod

1441 2427 1610 2480 Vorstius
1636 2426 1735 2479 dedit
1761 2428 1945 2473 vafritiae:
1979 2426 2027 2463 sse
2057 2426 2157 2462 enim
2186 2425 2310 2474 paffim
2343 2438 2410 2465 oc-

1441 2487 1551 2524 currit
1572 2479 1657 2535 grae
1683 2496 1751 2533 pro
1778 2485 1917 2534 gratiae
1936 2510 1946 2527 ,
1987 2483 2025 2519 ὃ(
2045 2481 2174 2519 fimilia
2205 2482 2282 2520 alia.
2336 2484 2409 2522 Ita-

1437 2549 1511 2586 que
1540 2537 1614 2574 hoc
1644 2534 1877 2573 retinendum
1910 2533 2042 2570 censui.
2098 2535 2278 2578 Vafritiam
2306 2533 2408 2572 dixe-

1435 2588 1482 2625 rit
1506 2588 1623 2635 ipsum
1645 2587 1736 2623 vafri
1757 2586 1871 2623 animi
1889 2584 2077 2622 habitum:
2103 2587 2318 2630 vast-amenta
2344 2597 2407 2623 ve-

1436 2650 1479 2676 ro
1496 2640 1635 2689 fingnla
1667 2641 1764 2683 vafre
1790 2635 1877 2672 dic‘ta
1910 2645 1970 2671 aut
1993 2635 2104 2680 fafla.

1461 2688 1607 2740 LQ‘und
1627 2687 1690 2733 nifi
1707 2688 1852 2731 fallacia
1874 2687 1966 2722 -vires
1984 2684 2208 2735 assumpserit]
2223 2686 2407 2735 Loquitur

1435 2739 1481 2777 de
1501 2741 1669 2785 vafricia:
1700 2738 1785 2775 dicit
1814 2736 1911 2773 enim
1944 2736 2006 2774 m'fi
2033 2748 2088 2783 per
2112 2738 2290 2781 fallaciam
2319 2739 2407 2771 vires

420 2793 580 2840 exempli
609 2791 720 2840 gratia
747 2789 847 2827 scribi
875 2790 1003 2831 justine
1031 2796 1097 2832 ΡΓΟ
1128 2785 1285 2829 justitiae,
1332 2783 1383 2820 Sit
1428 2789 1683 2839 sumat‚fidem
1699 2789 1856 2838 propositi
1880 2787 2024 2834 (malim
2048 2799 2130 2824 cum
2146 2787 2275 2835 Pighio
2293 2785 2404 2832 finem)

418 2856 508 2892 ergo
535 2845 632 2887 vafre
658 2856 774 2878 nomen
800 2851 868 2888 pro
894 2840 1012 2882 vafrae
1041 2848 1166 2870 nomen.
1216 2834 1383 2870 Praecla·
1434 2858 1498 2878 non
1532 2843 1674 2877 invenit.
1727 2841 1872 2886 Legere
1902 2847 2047 2875 tantum
2077 2838 2215 2881 velim,
2236 2837 2404 2873 Fallaciae

417 2907 500 2932 rum
530 2906 642 2942 porro
671 2892 742 2935 est,
765 2890 869 2940 quod
897 2887 1043 2935 Pighius
1070 2885 1107 2921 in
1138 2883 1247 2920 codd.
1275 2884 1380 2921 MSS.

414 2956 483 2993 pro
518 2946 615 2989 ¹»vafre
650 2942 852 2980 observavit
894 2942 933 2976 δί
971 2939 1107 2978 vafreae
1149 2936 1186 2971 ὃς
1216 2935 1383 2979 wastinae.

1435 2894 1537 2930 vires.
1570 2891 1617 2928 fic
1642 2902 1696 2927 CX.
1713 2903 1743 2939 3.
1767 2889 1975 2936 Praesidium
2003 2887 2214 2924 calliditatis.
2242 2886 2352 2923 VI1.6.
2372 2899 2407 2924 1.

1439 2945 1600 2979 Fortunae
1621 2942 1749 2976 viribon
1765 2940 1957 2988 succumbit.
1972 2952 2057 2976 vm.
2071 2951 2102 2984 7.
2116 2939 2192 2975 init.
2207 2938 2296 2973 Vires
2315 2935 2409 2972 indu·

418 2997 518 3036 Hinc
544 2995 646 3033 enim
679 2993 845 3041 proclive
871 2991 919 3028 est
951 2988 1137 3036 conjiCel‘e
1156 3013 1166 3030 ‚
1203 2983 1306 3034 qUOd
1334 2985 1386 3022 ῙΕ·
1430 2996 1538 3040 striae
1557 3003 1923 3029 commemorarexxdx.
1947 2999 2018 3028 ext.
2031 3002 2062 3036 4.
2075 2987 2232 3026 Omnibus
2251 2985 2411 3037 indigna-

2344 3039 2411 3074 tio-
