2516 3509
308 133 412 188 DE
452 130 806 190 MATRIM.
844 128 1055 186 RITU
1094 128 1198 185 ET
1240 126 1636 185 NEC-ESSIT.
1683 128 1943 189 OFFIC.
2023 150 2123 188 ηε

129 234 217 283 csse
236 235 462 292 animum,
500 239 544 260 ²0
561 232 639 296 qui
661 231 764 295 post
782 229 1011 295 depofitae
1030 231 1300 295 virginitatis
1320 228 1471 275 cubile
1487 228 1536 274 in
1555 228 1794 290 publicum
1811 229 1966 296 egredi
1988 230 2129 278 nesci-

129 324 224 367 ret3
264 317 302 338 2¹
327 310 582 357 multorum
612 308 1009 355 matrimoniorum
1038 307 1364 372 experientiam
1393 302 1514 369 quasi
1545 304 1775 368 legitimae
1802 307 2038 374 cujusdam
2057 309 2126 359 in-

131 391 453 454 temperantiae
470 388 650 454 fignum
675 389 759 435 effe
783 387 1026 436 credentes,

196 476 212 495 2
224 476 237 496 2
275 468 548 533 Repudium
570 469 688 516 inter
705 484 899 516 uxo-rem
920 468 967 517 ὃς
987 470 1136 518 virum
1156 468 1182 516 a
1201 466 1386 515 condita
1404 463 1537 513 Urbe
1553 461 1693 527 usque
1715 462 1770 510 ad
1788 465 2053 517 vicefimum
2074 469 2124 518 Sc

125 673 252 720 differ,
280 676 349 726 Qti
363 680 434 727 post
455 676 559 728 depos
576 678 744 728 virgcull.
766 678 802 715 iii
817 677 983 729 publicum
1003 691 1094 729 egre-

123 725 171 764 di.
223 728 271 765 Et
291 728 374 765 sane
391 732 461 778 post
480 730 568 766 nulli
588 730 647 767 liic
669 730 717 767 est
739 731 834 767 usui:
863 729 1031 779 abestque
1055 730 1094 766 &

126 777 148 814 a
172 778 280 816 codd.
302 778 478 816 Brandeb.
502 782 540 817 δε
563 779 583 817 {1
607 788 732 817 vetere
754 780 839 817 edit.
861 781 972 816 Mart.
996 781 1095 817 Her-

123 828 195 876 bip.
249 828 320 866 Sed
342 831 464 867 nescio
485 842 532 867 an
552 831 701 867 retineri
722 830 853 867 debeat
871 833 908 866 in
917 829 1095 878 publicum.

125 879 250 919 Habet
271 880 354 917 sane
373 881 424 918 ita
443 889 598 929 uterque
617 880 701 918 cod.
731 880 862 917 Brand.
880 880 1096 926 veteresque

123 931 220 978 typis
251 942 350 979 expr.
380 941 522 968 omnes·
586 930 763 967 Ceterum
798 926 1033 964 monendum
1057 929 1096 964 &

120 981 196 1018 hoc
217 981 285 1026 est,
301 992 415 1017 unum
439 979 521 1016 cod.
534 979 665 1017 Brand.
686 976 928 1030 haberecu=l2ili
949 979 985 1012 in
999 976 1091 1026 publ.

120 1030 241 1068 eru-edi.
292 1031 439 1068 Dicitur
460 1037 660 1077 utrumque
677 1026 786 1077 egredi
809 1026 919 1063 urbem
941 1028 981 1064 &
1001 1041 1094 1078 egre-

120 1058 158 1118 cli·
185 1081 273 1118 urhe.
308 1078 500 1117 VORST.
563 1079 669 1117 MSS⁴
698 1079 774 1116 Bas.
805 1081 904 1129 Quae
934 1076 1094 1128 depositae

117 1133 332 1182 virginitatis
360 1129 457 1165 cubili
480 1128 634 1178 pudicum
659 1128 773 1179 egredi
794 1132 940 1178 nesciret.
993 1129 1092 1167 Cum

120 1194 199 1231 quo
222 1180 411 1228 vulgatum
433 1181 629 1219 confundo
652 1181 690 1217 ἃ
713 1180 887 1218 emendo.
927 1182 1021 1229 Quae
1037 1180 1094 1217 de-

113 1233 223 1281 posita
253 1234 453 1282 ‘virginitate
492 1231 595 1268 cubile
635 1234 766 1268 unicum
804 1230 912 1283 egredi
949 1234 1092 1282 nefiiret.

120 1282 279 1320 KLOK.
340 1285 418 1330 Post
448 1280 606 1332 depofitae
627 1311 639 1327 ‚
677 1283 813 1320 habent
852 1283 983 1331 Copes.
1017 1283 1092 1321 duo

120 1334 231 1370 Rem.
263 1332 339 1371 duo
364 1333 468 1370 Barb.
493 1332 595 1372 Voff.
625 1333 690 1372 see.
718 1336 755 1372 ὃς
786 1333 871 1371 sext.
893 1334 1001 1371 Leid.
1024 1334 1092 1372 Bit.

119 1395 228 1428 unus,
251 1384 378 1422 Heinf.
399 1384 467 1421 sec,
492 1385 528 1423 in
554 1386 682 1422 ceteris
704 1384 926 1435 praepofitio
952 1386 1095 1424 omitti-

117 1442 189 1471 tur.
212 1435 416 1482 prim.Vat.
434 1434 571 1484 deposito
588 1465 598 1480 ,
611 1435 712 1474 Toll.
732 1436 919 1485 depofitum.
940 1437 1095 1476 'Omnes

121 1485 255 1533 pariter
276 1486 436 1523 retinent
457 1489 492 1522 in
511 1487 686 1536 publicum.
739 1488 866 1525 Heins.
890 1487 995 1536 prim.
1022 1492 1095 1537 post

115 1537 252 1584 positae.
315 1540 356 1572 In
379 1536 545 1586 publicum
578 1538 722 1575 Videtur
754 1537 938 1577 retinuiffe
966 1538 1096 1578 Klrch-

123 1598 280 1624 mannus
300 1586 345 1624 de
357 1588 446 1624 Fun.
468 1588 578 1625 L.1v.
604 1589 646 1625 C.
665 1603 720 1627 ro.
741 1589 791 1627 ita
813 1589 978 1627 scribens.
999 1590 1095 1642 Quid

119 1651 198 1673 vero
227 1637 351 1685 cauffae
373 1638 472 1686 fuisse
499 1638 751 1687 existimandum
781 1644 844 1688 est,
883 1655 939 1677 cur
967 1652 1094 1678 veteres

117 1688 311 1724 mulieribus
339 1689 422 1724 lianc
449 1689 581 1739 lugendi
612 1692 822 1738 neceffitatem
852 1692 1094 1740 imposuerint?

116 1753 186 1775 uua
204 1739 285 1774 milii
305 1738 438 1775 videtur
458 1740 516 1787 effe
531 1742 664 1790 publica
684 1743 843 1791 honestas.
877 1745 986 1792 Turpe
1007 1746 1094 1780 enim

117 1797 164 1825 &⁴
177 1791 271 1840 quasi
282 1791 479 1842 illegitimae
490 1791 655 1841 cujusdam
676 1796 947 1844 intemperantiae
958 1795 990 1842 fi
987 1807 1093 1845 gnum

110 1840 307 1889 judicarunt
327 1869 336 1885 ,
366 1844 547 1888 foeminam
569 1845 673 1892 simul
702 1860 739 1881 ac
761 1845 781 1883 ἓι
802 1860 879 1897 rogo
903 1848 1018 1882 mariti
1037 1861 1089 1883 re-

115 1894 214 1941 ·verfiz
224 1893 293 1939 sit,
320 1890 359 1928 de
369 1892 519 1940 secundis
538 1896 631 1945 quasi
652 1899 904 1946 nuptiisstatim
925 1900 1069 1946 cogitare
1082 1927 1092 1943 ,

116 1949 163 1978 (9'
193 1940 334 1979 vixdum
358 1946 519 1992 exstincta
544 1946 678 1992 funebri
694 1951 769 1995 face
797 1947 842 1985 ad
871 1950 1053 1999 nuptialem
1076 1949 1093 1987 ἒ

114 1996 252 2043 arestigio
265 2004 452 2044 properare.
486 1996 570 2042 Jam
593 2010 684 2035 vero
706 1999 769 2037 illo
792 2000 911 2048 capite
932 1999 1090 2038 ostendit

114 2051 257 2098 partem
273 2045 389 2083 luetus
411 2045 516 2084 fuiffe
535 2049 683 2097 publico
705 2050 883 2088 abstinere
898 2079 909 2095 ,
933 2052 1089 2100 &egre-

115 2103 177 2140 gie
207 2094 279 2131 huc
309 2097 396 2134 facit
426 2098 528 2135 locus
559 2100 721 2148 prolatus
753 2100 773 2138 ὲ
805 2102 990 2140 Cicerone
1016 2114 1086 2151 pro

116 2143 292 2181 Cluentio
306 2173 316 2188 ,
344 2149 437 2195 Quae
454 2151 573 2186 mulier
597 2151 808 2200 obtestatione
829 2156 898 2189 viri
917 2152 1020 2189 decem
1042 2155 1086 2190 il—

115 2196 158 2230 lis
191 2196 345 2242 mensibus
375 2212 415 2233 ne
443 2198 622 2249 (domum)
649 2202 781 2251 quidem
801 2206 927 2248 ullam,
948 2205 1018 2252 nifi
1029 2208 1086 2252 β-

114 2260 187 2281 trus
210 2248 291 2293 suae
309 2247 391 2294 noJJe
411 2247 521 2284 debuit
535 2277 545 2293 ,
571 2251 646 2287 haec
666 2256 782 2299 quinto
801 2257 907 2302 mense
928 2258 1000 2302 post
1018 2259 1089 2290 'viri

114 2307 247 2384 Kosstem
275 2298 353 2384 Ilpfi’s
379 2301 556 2347 Oppianico
591 2303 710 2349 nupsit.
778 2303 828 2340 Et
855 2304 941 2340 hinc
974 2304 1089 2342 Ovid.

153 2348 161 2384 i
189 2375 196 2382 .
224 2360 253 2385 1.
288 2350 337 2384 <al
356 2376 364 2384 .

159 2418 225 2454 Per
242 2416 378 2453 totidem
399 2421 518 2467 menses
539 2422 575 2457 in
590 2425 709 2468 funere
723 2423 869 2472 conjugis
891 2437 974 2460 uxor

208 2471 353 2516 Sustinet
370 2471 406 2506 iu
430 2469 533 2507 widun
555 2475 662 2520 tristia
674 2473 773 2523 signa
801 2473 903 2512 domo.

113 2544 242 2593 Itaque
264 2545 386 2594 spretis
419 2546 576 2583 aliorum
609 2547 828 2596 conJee'turis
850 2547 922 2597 legi
944 2549 1083 2594 malui,

47 2618 54 2623 ι
110 2594 216 2645 quod
238 2597 275 2632 in
296 2595 430 2644 scriptis
460 2597 497 2633 ὃς
520 2596 623 2634 editis
642 2599 890 2637 inveniebam.
938 2601 986 2638 Et
1006 2602 1096 2639 hoc'

109 2649 148 2685 in
169 2646 233 2683 suo
258 2646 353 2682 Cod.
375 2647 486 2683 etiam
514 2648 656 2686 invenit
674 2649 795 2687 Latin.
816 2650 994 2689 Latinius.

155 2709 216 2735 21.
230 2698 420 2733 Multorum
433 2701 715 2736 matrimoniorum
725 2703 973 2750 experientiam,
985 2704 1079 2753 eju-asi

107 2747 304 2797 illegitimae
328 2747 493 2797 cujusdam·
515 2752 785 2800 intemperantiae
796 2754 931 2803 siguum
950 2753 1079 2791 creden-

106 2797 175 2846 tes]
214 2798 299 2836 Imo
329 2811 419 2836 vero
448 2801 615 2849 legitimae
645 2805 924 2851 intemperantiae.
986 2806 1078 2844 Vult

109 2849 198 2886 tales
217 2850 349 2886 virosas
361 2851 538 2889 faeminas
550 2851 594 2889 ad
614 2853 796 2901 pudorem
815 2856 1075 2906 rationemque

109 2911 262 2946 peccare
277 2927 286 2943 ‚
314 2899 359 2936 ad
377 2901 498 2949 legem
518 2910 644 2940 tamen
661 2904 809 2942 nubere.
835 2906 958 2955 itaque
977 2908 1080 2946 velut

108 2950 288 2998 legitimas
307 2952 480 2998 quasdam
500 2953 679 2995 adulteras
701 2953 784 2995 effe.
821 2956 952 2997 Similis
969 2960 1021 2998 rei
1038 2960 1075 2997 in

99 3001 277 3041 Martiale
290 3001 418 3050 jocus.-

1994 548 2125 608 quin-

1196 673 1292 724 Qae
1313 672 1409 710 toties
1427 671 1522 709 nubit
1536 700 1546 716 ‚
1572 685 1637 707 non
1653 669 1748 706 nubit
1760 697 1770 714 ,
1795 668 1953 707 adultera
1984 671 2054 721 lege
2072 677 2125 722 est„

1245 723 1413 776 Offendar
1432 724 1560 760 moecha
1572 724 1774 772 simpliciore
1791 723 1913 758 minus.

1147 793 1268 830 LIPS.
1322 794 1430 842 ,Quasi
1449 793 1656 842 illegitimae.
1684 789 1924 840 Manuscripti
1944 790 2125 842 plerique,

1147 845 1187 879 ὃς
1206 851 1311 880 vetus
1338 843 1397 879 ille
1423 844 1524 879 Dan.
1549 843 1643 891 quasi
1665 843 1844 889 legitimae.
1905 842 1968 879 Nil
1994 845 2125 882 verius.

1147 893 1247 928 Nam
1267 895 1418 940 legitima
1436 890 1599 940 quaedam
1620 893 1873 939 intemperantia
1887 919 1898 935 ‚
1924 893 2005 931 sunt
2022 894 2125 942 plura

1147 942 1387 978 matrimonia
1401 969 1411 984 ,
1438 941 1542 990 quod
1562 941 1685 978 multis
1715 941 1941 979 demonstrat
1961 945 2123 983 eruditis-

1145 989 1255 1029 fimus
1268 991 1531 1029 Tertullianus.
1550 990 1688 1040 legibus
1708 992 1808 1029 enim
1826 1004 1904 1029 non
1926 994 2123 1042 prohiben0

1146 1048 1214 1079 tur.
1267 1043 1321 1080 Ea
1340 1042 1485 1081 ratione
1504 1043 1644 1080 Seneca
1674 1041 1833 1080 divortia
1854 1045 2005 1093 legitima
2024 1045 2121 1082 aclul-

1144 1095 1233 1129 teria
1251 1101 1375 1131 vocat.
1428 1093 1679 1131 Tertulli-anus
1699 1093 1884 1142 apposite:
1913 1097 2127 1134 Continentia

1144 1144 1248 1193 legem
1278 1147 1471 1194 nuptiarum
1498 1144 1654 1180 honorat.-
1684 1144 1817 1180 licentia
1836 1155 2005 1194 temperat.
2058 1150 2126 1185 Illa

1144 1209 1211 1231 non
1237 1199 1364 1246 cogitur
1387 1224 1398 1240 ,
1434 1198 1497 1243 ista
1529 1198 1668 1245 regitur.
1719 1197 1788 1232 Illa
1819 1196 1981 1234 arbitrum
2001 1198 2096 1235 babet
2114 1229 2124 1244 ‚

1144 1245 1221 1283 haec
1240 1245 1378 1283 modum.
1429 1247 1630 1284 Martialis:

1196 1317 1297 1364 φατε
1317 1315 1415 1350 toties
1439 1311 1533 1349 nubit
1547 1341 1557 1357 ‚
1582 1328 1646 1349 non
1663 1313 1758 1349 nubit
1771 1342 1781 1358 ‚
1807 1313 1963 1352 adultera
1981 1317 2052 1365 lege
2070 1319 2125 1365 cs?

1245 1362 1407 1416 Offendar
1429 1363 1554 1400 moecha
1564 1365 1766 1415 simpliciore
1783 1368 1902 1402 minus.

1149 1431 1343 1469 COLER.
1395 1431 1503 1482 ,Quafi
1529 1433 1697 1481 legitimae
1717 1430 1884 1481 cujusdam
1904 1435 2123 1483 intemper.m‹

1147 1482 1413 1531 tiae.'Pighius
1445 1494 1490 1519 ex
1519 1492 1646 1520 vetere
1673 1483 1758 1520 cod.
1787 1483 1875 1531 legit
1903 1486 2122 1534 illegitimae:

1150 1545 1237 1571 cum
1257 1533 1375 1571 Aldus
1395 1535 1433 1572 δε
1447 1533 1507 1570 alii
1535 1532 1727 1571 edidiffent
1743 1536 1933 1584 legitimae:
1961 1549 2127 1585 quomo-

1150 1583 1200 1621 do
1221 1584 1331 1623 codd.
1346 1595 1506 1635 *quoque
1526 1584 1658 1622 Brand.
1676 1585 1836 1629 habent,
1863 1587 1924 1630 &,
1952 1594 1994 1624 ut
2012 1588 2126 1626 Cole-

1146 1647 1205 1673 rns
1225 1636 1394 1680 testatur,
1422 1634 1543 1673 codex
1563 1636 1711 1673 P.Dan.
1735 1636 1829 1673 Sane
1847 1636 1935 1674 illud
1955 1639 2125 1688 legitimae

1146 1687 1313 1736 apprime
1331 1686 1405 1724 huc
1423 1686 1589 1735 quadrat.
1630 1686 1724 1724 Vult
1745 1688 1843 1724 enim
1864 1687 2032 1732 Αυέὶοῑ,
2062 1702 2127 1728 ex-

1145 1738 1366 1787 perientiam
1394 1737 1598 1776 multorum
1628 1738 1957 1777 matrimoniorum
1980 1739 2123 1788 fignum

1146 1788 1218 1826 effe
1243 1789 1550 1837 intemperantiae
1572 1804 1582 1832 ;
1620 1789 1681 1827 sed
1703 1817 1713 1833 ‚
1746 1789 1934 1838 legitimae
1970 1798 2122 1830 tamen:

1145 1840 1282 1890 quippe
1309 1852 1406 1890 quae
1432 1838 1603 1889 permissa
1640 1839 1727 1878 ess'et
1754 1840 1902 1889 legibus.
1964 1842 2122 1882 Licebat

1144 1893 1244 1929 enim
1274 1891 1469 1936 uxoribus,
1496 1890 1798 1941 quandocunque
1816 1891 1965 1937 liberet,
1992 1893 2120 1932 divor-

1144 1943 1239 1981 tium
1267 1943 1400 1980 facere.
1451 1942 1569 1980 Addit
1598 1950 1725 1980 tamen
1753 1943 1873 1980 noster
1891 1945 1994 1993 quast.
2023 1957 2120 1995 quae

1140 2007 1218 2032 vox
1237 1993 1389 2032 alteram
1418 1993 1517 2031 illam
1539 1995 1577 2031 ὃς
1597 1993 1813 2036 confirmat;
1843 2006 1961 2044 eaque
1984 1994 2121 2044 fignifi-

1143 2053 1268 2090 catur,
1294 2045 1620 2094 intemperantiam
1641 2045 1741 2082 illam
1763 2045 1986 2083 feminarum
2001 2075 2011 2090 ‚
2041 2047 2122 2095 plu-

1141 2098 1314 2147 riumque
1341 2096 1669 2134 matrimoniorum
1699 2097 1988 2144 experientiam,
2031 2097 2121 2146 legi-

1139 2148 1204 2186 bus
1222 2147 1510 2197 permittendam
1529 2159 1608 2185 non
1635 2147 1762 2185 videri.
1789 2148 1984 2186 VORST.
2039 2149 2116 2186 Le-

1140 2198 1306 2236 &ionem
1327 2198 1441 2247 Lipsii
1458 2198 1636 2246 probabat
1656 2198 1835 2236 Klokkius
1848 2226 1857 2243 ‚
1879 2199 1964 2248 quia
1982 2198 2020 2235 in
2031 2200 2115 2237 MS.

1139 2249 1214 2286 Bas.
1234 2257 1310 2286 erat
1328 2249 1422 2298 quasi
1444 2250 1634 2297 legitimae,
1662 2251 1701 2286 ὃς
1725 2250 1774 2286 ait
1795 2249 1891 2286 hanc
1909 2249 2111 2290 letstionem

1140 2298 1361 2335 confirmare
1373 2299 1590 2335 Condinum
1610 2299 1694 2336 Lib.
1706 2311 1794 2335 vm.
1805 2299 1904 2337 Com
1911 2308 2024 2338 ment.
2035 2302 2111 2348 Jur.

1142 2348 1224 2385 Civ.
1254 2349 1298 2385 C.
1319 2360 1351 2395 7.
1380 2349 1509 2398 Cujac.
1524 2348 1672 2386 Paratit.
1699 2349 1737 2386 in
1758 2349 1856 2388 Cod.
1883 2350 1929 2389 de
1949 2351 2113 2389 secundi&

1135 2399 1280 2447 nuptiis.
1341 2399 1424 2436 Nec
1452 2411 1545 2447 opus
1575 2399 1623 2437 est
1650 2399 1689 2437 id
1717 2400 1841 2438 multis
1869 2400 2110 2443 confirmare,

1134 2462 1190 2487 res
1209 2451 1309 2487 enim
1337 2450 1409 2499 ipsa
1426 2450 1582 2498 postulat
1599 2451 1789 2500 legitimae,-
1825 2451 1928 2502 quod
1957 2452 2107 2490 invenio

1134 2501 1172 2537 in
1190 2501 1325 2550 scriptis
1346 2500 1541 2544 omnibus3
1569 2509 1827 2552 praeterquam
1856 2502 1958 2552 quod
1984 2503 2021 2540 in
2040 2503 2107 2539 Ul-

1130 2552 1211 2600 traj.
1230 2552 1354 2600 pri-mo
1376 2551 1424 2589 est
1444 2550 1465 2589 {1
1485 2563 1601 2590 manu
1619 2552 1777 2591 secunda
1796 2555 2007 2602 illegitimae,
2020 2562 2098 2589 tum

1131 2603 1245 2640 etiam
1273 2603 1312 2640 in
1339 2602 1511 2647 omnibus
1538 2602 1633 2641 Edd.
1660 2613 1746 2643 ante
1771 2605 1939 2652 Pighium
1965 2603 2012 2639 est
2038 2607 2103 2638 Le-

1123 2653 1405 2703 gitimae‚quod
1422 2653 1590 2692 defendit
1608 2655 1760 2693 Modius
1779 2656 1941 2692 Novant.
1964 2653 2029 2701 Ep.
2044 2666 2101 2702 54.

1131 2705 1277 2743 Citabat
1314 2706 1483 2743 Perizon.
1518 2704 1647 2744 locum
1677 2705 1697 2743 ὲ
1725 2704 1939 2742 Mamertini
1967 2703 2102 2753 Paneg.

1129 2756 1167 2793 in
1194 2756 1324 2803 Julian.
1377 2758 1533 2793 Lefiulus
1555 2765 1600 2792 Θ*
1615 2757 1688 2804 fine
1717 2755 1854 2801 conceffis
1877 2763 1921 2790 ΕΤ
1943 2756 2102 2804 legitimis

1128 2807 1356 2855 voluptatibus
1385 2810 1571 2856 Vestalium
1596 2809 1677 2844 toris
1692 2809 1820 2855 purior.
1851 2806 1935 2843 Lat.
1966 2806 2103 2844 Latinii

1131 2858 1228 2895 Cod.
1249 2858 1362 2896 etiam
1380 2861 1549 2910 legitimae
1565 2857 1686 2895 habet.

1176 2921 1236 2946 22.
1264 2908 1469 2959 Repudium]
1499 2910 1614 2947 Dion.
1633 2906 1923 2945 Halicarnasseus
1952 2907 2032 2943 Lib.
2054 2918 2099 2945 rr.

1128 2959 1190 2996 ubi
1207 2959 1254 2997 de
1275 2961 1431 2998 Romuli
1448 2960 1585 3008 legibus
1598 2988 1608 3004 ‚
1621 2959 1691 3003 ait,
1711 2960 1872 3007 primum
1892 2957 2095 2996 divortium
2150 2982 2152 2984 -

1129 3012 1277 3048 Romae
1289 3011 1438 3049 -fadtum
1466 3012 1595 3049 Coss.
1624 3011 1680 3047 M.
1700 3009 1936 3057 Pomponio,
1965 3008 2007 3044 C.
2026 3008 2093 3046 Pa-

1126 3062 1218 3111 pirio
1239 3061 1436 3101 centefima
1463 3074 1507 3101 ac
1523 3061 1703 3102 tricesima
1701 3061 1872 3159 deptima
1895 3057 2092 3148 Olympi?-

2042 3122 2099 3150 ..cz
