2516 3509
293 141 424 198 DE
501 140 953 199 STUDIO
1024 141 1157 200 ET
1226 143 2105 229 INDUSTR1A5731

115 250 178 296 cis
211 234 419 292 scientiae
465 247 508 281 37
544 242 741 291 maxima
766 247 926 294 ,totius
961 245 1183 294 Graeciae
1215 245 1515 298 admiratione
1548 254 1775 316 specimen
1809 258 2202 320 exhibuiffet,01=·
2228 257 2319 291 rufe.

110 344 188 392 qao
220 327 446 388 cognomine
477 323 705 385 censeretur
737 325 1067 390 interrogatus,
1107 324 1153 365 ³⁸
1175 343 1253 374 non
1271 327 1322 389 st:
1357 330 1476 386 σοφὸν
1515 335 1642 395 (jam
1664 338 1785 383 enim
1811 337 1926 383 illud
1947 337 2115 401 septem
2132 312 2160 334 v.

112 405 387 453 excellentes
421 402 508 450 viri
543 412 911 468 occupaverant)
936 405 1018 467 secl
1049 407 1276 469 φιλόσοφον
1309 408 1385 468 effe
1416 407 1661 472 respondit.
1697 413 1751 458 In
1786 413 1943 461 Italiae
1977 416 2113 461 etiam

115 500 318 551 partem,
352 499 466 548 quae
501 496 614 531 tunc
649 488 795 550 major
829 487 1024 534 Graecia
1056 487 1394 551 appellabatur,
1428 491 1657 551 perrexit3
1701 492 1749 537 in
1783 509 1872 556 qua
1906 495 2111 558 plurimis
2127 496 2218 572 {cuff-
2242 506 2271 530 1·

114 569 165 616 ὃς
199 566 543 633 opulentissimis
589 567 777 615 urbibus
819 567 1006 616 effeetus
1048 569 1230 616 suorum
1275 569 1527 618 studiorum
1575 573 1861 637 approbavit.
1933 582 1978 613 39
2014 577 2111 624 Cu·
2199 563 2208 571 ’

102 651 178 712 jus
214 647 447 695 ardentem
483 665 651 714 rogum
688 649 832 712 plenis
866 650 1165 697 venerationis
1201 650 1344 697 oculis
1380 652 1684 715 Metapontus
1723 652 1928 718 aspexit:
1976 658 2108 721 oppi-
2126 683 2195 714 cic.
2224 682 2265 713 de

113 732 224 777 dum
259 731 580 795 Pythagorae,
615 746 752 794 quam
786 729 970 778 suorum
1005 732 1235 790 cinerum,
1269 731 1468 779 nobilius
1501 732 1720 780 clariusve
1751 750 2067 784 monumento.
2129 724 2183 757 ¹³¹²·
2208 734 2238 756 ν·

105 930 174 975 set.
208 926 314 965 Paris.
351 933 432 963 tert.
471 933 591 976 quart.
626 926 730 964 Barb.
763 927 870 974 prim.
905 928 1091 965 maximam

116 981 280 1014 Graeciae
309 976 572 1013 admirationem
611 991 648 1012 ac
680 980 844 1025 specimen
880 978 1086 1026 exhibuiffet.

112 1029 243 1078 Ultraj.
273 1029 379 1076 prim.
405 1041 475 1063 cum
507 1029 657 1063 maxima
686 1039 773 1063 inter
794 1042 900 1064 omnes
925 1031 1088 1065 Graeciae

109 1079 332 1116 admiratione
347 1081 510 1126 specimen
530 1077 736 1125 exhibm'ffiit.
755 1077 814 1114 sec
845 1092 916 1114 cum
936 1081 1087 1116 maxima

110 1132 214 1165 totius
234 1132 394 1165 Graeciae
420 1129 644 1165 admiratione
669 1132 707 1176 se
729 1129 896 1177 specimen
917 1130 1088 1178 exhibuis-

111 1183 171 1224 set.
208 1180 276 1217 Ed.
306 1182 414 1226 Mog.
450 1194 587 1229 cumque
613 1181 809 1228 multiplicis
830 1182 993 1228 fiientiae
1017 1195 1088 1217 cnm

111 1236 263 1267 maxima
297 1233 460 1268 Graeciae
498 1229 720 1266 admiratione
745 1232 785 1277 se
802 1234 965 1280 specimen
993 1232 1089 1268 exhi-

112 1282 240 1330 buiffet.
295 1281 414 1329 Quod
443 1281 549 1319 valde
582 1281 712 1329 placet.
762 1281 933 1319 Praebuit
957 1283 1090 1332 Pytha-

105 1347 209 1382 goras
222 1335 260 1380 se
280 1336 385 1383 ipsam
398 1334 559 1382 specimen
572 1334 736 1380 Jiientiae
754 1334 975 1382 multiplicis,
998 1333 1087 1372 dum

117 1383 274 1420 ostendit
304 1395 416 1433 quam
449 1383 548 1419 varia
581 1385 618 1420 ὃς
642 1382 831 1430 multiplex
859 1384 897 1421 in
925 1384 1003 1433 ipso
1034 1385 1085 1422 es-

115 1434 166 1471 set
196 1435 357 1472 scientia.
408 1434 455 1471 Et
482 1433 572 1470 solet
598 1433 646 1470 sic
675 1434 797 1471 noster
824 1435 931 1483 saepe
960 1435 1085 1473 homi-

115 1496 180 1521 nes
210 1486 303 1534 ipsos
327 1496 461 1522 vocare
480 1486 629 1531 exempla
651 1487 884 1533 &specimina
903 1488 1089 1531 virtutum,

118 1548 276 1584 quarum
299 1536 497 1584 specimina
521 1535 705 1572 exhibent.
734 1537 871 1574 L.v.1.
889 1549 945 1575 10.
972 1541 1086 1588 Quam

107 1590 317 1636 praeclarum
340 1587 484 1622 tributae
503 1586 724 1622 humanitatis
738 1588 902 1635 specimen
914 1591 974 1624 Cn.
991 1592 1086 1625 Pom-

106 1642 203 1685 pejns
225 1663 234 1679 ‚
281 1652 381 1687 quam
411 1638 596 1685 miserabile
632 1636 837 1684 desideratae
863 1637 949 1675 idem
976 1641 1085 1686 evafit

115 1690 313 1735 exemplum.

164 1738 223 1787 38.
251 1742 333 1774 Non
350 1739 389 1785 se
408 1739 595 1787 sapientem
624 1740 717 1785 (jam
743 1740 830 1775 enim
856 1738 1083 1788 illudseptem

98 1787 270 1837 sapientes
306 1791 377 1825 “viri
412 1791 673 1838 occupa-verant)
717 1788 776 1837 sed
811 1801 992 1826 amatorem
1025 1793 1083 1836 sa-

102 1841 273 1886 pientiae,
294 1839 330 1875 id
346 1841 390 1886 est
404 1866 415 1884 ,
443 1841 567 1876 Graece
588 1844 771 1883 <peada-avoni
796 1839 920 1890 edidit]
950 1841 1079 1879 Locus

104 1891 262 1939 turpiter
290 1890 488 1928 sciolorum
517 1890 828 1929 annotatiunculis
856 1891 1082 1936 maculatus,

107 1943 169 1989 qui
198 1941 324 1990 purior
351 1939 557 1978 remanfiffe
586 1942 624 1978 in
650 1942 913 1980 Wincheliano
939 1944 976 1980 &
999 1942 1076 1980 Co-

104 1990 259 2029 loniensi
296 1992 470 2035 videtur,
513 1994 592 2028 Non
623 1995 656 2037 se
686 1992 824 2040 sophum
863 1996 960 2040 (jam
990 1995 1076 2029 enim

103 2041 192 2078 illud
222 2045 347 2090 septem
390 2044 584 2078 excellentes
622 2045 689 2078 viri
714 2044 975 2091 occupaverant)
1009 2043 1071 2091 sed

97 2092 326 2141 philosophum
354 2093 412 2140 esse
440 2091 617 2138 respondit.
643 2093 782 2130 PIGH.
814 2097 940 2141 Nonse
959 2093 1069 2133 σ-ἇΦον,

104 2143 264 2181 Scaevus
291 2142 418 2192 aliquis
447 2143 649 2180 Graeculus
679 2144 778 2180 hunc
806 2143 932 2181 locum
962 2144 1070 2181 inter—

107 2194 272 2241 polavit,
300 2202 340 2231 ut
369 2194 526 2242 opinor,
554 2205 599 2230 ex
620 2194 837 2231 Tusculanis
867 2195 1070 2232 Ciceronis.

103 2244 187 2294 Ego
216 2245 387 2293 scriptum
413 2245 433 2282 a
467 2243 619 2281 Valerio
649 2255 726 2281 non
758 2244 887 2282 dubito
910 2273 919 2288 ,
964 2253 1001 2281 ut
1033 2246 1070 2283 in

99 2295 161 2333 lib.
197 2296 295 2333 Dan.
335 2294 499 2332 Offendi:
540 2298 768 2345 Interrogatus
789 2310 852 2331 non
873 2300 912 2343 se
934 2298 1070 2343 sapien-

101 2357 167 2383 tem
202 2348 294 2392 (iam
323 2347 410 2383 enim
440 2344 526 2381 illud
554 2348 679 2392 septem
708 2347 902 2381 excellentes
934 2350 1003 2381 viri
1030 2362 1070 2382 u-

97 2399 345 2445 lierpaverant)
368 2395 426 2444 sed
453 2407 633 2432 amatorem
655 2398 844 2444 sapientiae
870 2396 972 2433 dixit.
990 2398 1070 2434 Au—

100 2447 260 2496 gustinus
289 2448 402 2485 etiam
430 2446 695 2495 Philosophum
726 2447 982 2495 interpretatus
1021 2449 1067 2486 est

92 2498 275 2547 studiosum
306 2500 360 2534 ‘vel
387 2509 569 2534 amatorem
585 2499 774 2545 sapientiae
794 2497 853 2535 lib.
879 2510 965 2534 vm.
989 2510 1067 2547 cap.

103 2562 135 2587 Ι.
166 2548 224 2585 De
247 2549 358 2586 Civit.
387 2549 471 2586 Dei.
507 2550 593 2584 Itali
612 2563 741 2597 qnoque
768 2548 975 2599 Philosophi,
1002 2553 1068 2592 117-

97 2600 258 2648 thagorae
286 2599 484 2650 'modestiam
520 2601 647 2634 imitati
682 2599 889 2646 Philosophos
928 2603 966 2648 se
1009 2612 1068 2647 ap-

93 2652 220 2701 pellari
258 2653 468 2694 maluerunt,
507 2665 607 2700 quam
635 2650 765 2697 Sophos.
798 2651 935 2688 Seneca
959 2651 1068 2699 Epist.

97 2713 160 2750 90,
195 2703 314 2736 Dicam
335 2704 419 2736 inter
433 2703 637 2749 sapientiam
659 2709 703 2736 ἐφ’
725 2702 970 2749 Philosophiam
988 2703 1070 2753 quid

98 2752 239 2797 interfit.
281 2754 455 2792 Sapientia
482 2753 656 2798 persec‘lum
675 2751 791 2787 bonum
809 2755 852 2793 el?
874 2765 988 2788 meniis
1010 2755 1053 2789 lm

101 2816 220 2839 manae
238 2817 249 2838 :
297 2802 503 2849 Philosophia
525 2804 715 2850 sapientiae
737 2817 829 2838 amor
857 2812 902 2839 Ψ
921 2804 1064 2850 adfeffia-

99 2855 159 2891 tio.
214 2853 425 2900 Aliquando
461 2861 586 2890 tamen
616 2854 728 2891 etiam
762 2854 905 2903 Sophos
937 2858 973 2892 &
1004 2856 1067 2893 Sa·

102 2906 243 2952 pientes
274 2904 445 2941 dixerunt
472 2904 635 2940 Romani
659 2932 669 2947 ‚
713 2916 807 2953 quos
836 2905 920 2943 alias
946 2906 1068 2944 Philo-

98 2954 242 3002 sophos.
300 2955 405 2992 Idem
435 2955 606 2992 Seneca:
647 2956 818 3001 Sapientia
856 2959 929 3004 est,
968 2973 1069 3008 quam

103 3008 223 3043 Graeci
258 3011 384 3042 Savia«
425 3017 556 3043 vocant.
611 3006 681 3042 Hoc
716 3006 814 3043 verbo
852 3022 980 3058 quoque
1008 3015 1068 3064 Ro-

99 3061 193 3096 mam
213 3057 415 3103 utebantur,
428 3058 517 3107 ficut
538 3056 754 3108 Philosophia
773 3072 858 3097 nunc
879 3074 1007 3111 quoque
1031 3076 1071 3111 ug

2010 813 2111 862 Pla-

1140 938 1269 966 tantur.
1296 929 1382 979 quod
1414 935 1460 965 (θ’
1488 937 1624 980 togatae
1649 929 1713 966 tibi
1742 930 1904 979 antiquae
1927 930 2112 977 probabunt

1140 987 1186 1015 Θ·
1207 982 1383 1029 inscriptus
1404 980 1543 1027 Dosseni
1576 992 1780 1016 monumento
1809 983 1950 1017 titulus.-
1983 985 2114 1031 Hospes

1138 1030 1247 1077 refiste
1267 1038 1311 1066 ω’
1330 1029 1486 1080 Sopbiam
1509 1029 1640 1077 Doffeni'
1668 1033 1749 1082 lege.
1797 1032 1975 1069 Afranius
1998 1046 2006 1070 :
2044 1041 2111 1070 2·-

1141 1081 1225 1125 φίιιν
1258 1093 1376 1117 ‘vocant
1407 1095 1455 1116 me
1488 1082 1615 1124 Graji',
1652 1096 1711 1118 ‘vos
1732 1083 1948 1130 sapientiam.
2003 1084 2107 1121 Sem-

1139 1131 1290 1179 pronius
1319 1131 1378 1169 ille
1404 1131 1529 1180 Sophus
1557 1130 1670 1170 dietus
1701 1144 1780 1169 non
1809 1134 1963 1182 Sapiens.
2001 1134 2107 1172 Con·

1140 1189 1193 1219 tra
1229 1181 1364 1220 Atilius
1398 1183 1436 1219 δε
1474 1181 1621 1220 Laelius
1660 1185 1831 1232 Sapientes
1876 1195 1954 1220 non
1996 1187 2105 1234 sophi.

1141 1232 1336 1270 COLER.
1367 1237 1451 1269 Non
1473 1236 1511 1281 se
1539 1232 1651 1271 σοφὼ.
1679 1233 1734 1270 Ita
1763 1234 1914 1271 restituit
1940 1235 2032 1272 haec
2049 1233 2109 1273 Pi-

1139 1283 1244 1331 ghius
1274 1283 1294 1321 ὲ
1320 1284 1463 1321 duobus
1494 1282 1604 1320 codd.
1647 1284 1684 1320 in
1724 1284 1851 1332 quibus
1887 1286 2022 1334 quippe
2052 1298 2108 1324 re·
2144 1301 2147 1304 ·

1140 1336 1255 1383 perit,
1291 1337 1427 1382 Nonse
1449 1334 1588 1383 sophum
1633 1335 1732 1380 (iam
1762 1337 1847 1370 enim
1875 1336 1963 1372 illud
1978 1334 2106 1386 septem

1137 1387 1332 1422 excellentes
1370 1386 1442 1422 ‘viri'
1477 1387 1746 1433 occupaverant)
1791 1384 1851 1433 sed
1882 1387 2109 1435 philosophum

1138 1436 1198 1484 effe
1223 1434 1400 1486 respondit.
1451 1435 1569 1472 Aldus
1600 1435 1787 1478 ediderat,
1818 1436 1898 1471 Non
1916 1440 1955 1485 se
1972 1440 2109 1487 sapien-

1137 1499 1203 1523 tem
1248 1492 1342 1536 (iam
1367 1486 1453 1522 enim
1481 1484 1567 1522 illud
1584 1488 1710 1534 septem
1727 1487 1895 1535 sapientes
1921 1490 1990 1524 viri
2020 1503 2109 1526 occu-

1135 1541 1327 1588 paverant)
1348 1535 1408 1584 sed
1426 1548 1610 1573 amatorem
1622 1539 1835 1586 sapientiae,
1859 1535 1893 1572 id
1915 1541 1979 1584 est,
2004 1541 2111 1576 Grae.

1137 1602 1171 1624 ce
1193 1590 1374 1633 <pinea-epau
1392 1586 1510 1624 edidit.
1563 1587 1719 1625 Colerus
1739 1599 1817 1624 non
1837 1586 1998 1631 dubitat,
2018 1591 2108 1638 quin

1138 1639 1308 1676 Valerius
1341 1638 1421 1686 ipsis
1450 1638 1599 1676 Graecis
1636 1637 1790 1676 vocibus
1821 1637 1995 1685 neglectis
2026 1641 2111 1678 scri-

1135 1689 1266 1737 pserit,
1291 1697 1333 1726 ut
1354 1690 1390 1726 in
1407 1688 1490 1727 cod.
1518 1689 1558 1726 P.
1581 1689 1680 1726 Dan.
1708 1688 1779 1732 est,
1809 1688 1889 1724 Non
1909 1692 1947 1735 se
1969 1692 2111 1736 sapien-

1118 1738 1224 1785 ⁴tem,
1257 1739 1319 1788 secl
1348 1750 1527 1776 amatorem
1548 1741 1740 1788 sapientiae
1770 1738 1876 1776 dixit.
1913 1740 2110 1780 VORST.

1134 1793 1212 1841 Quo
1250 1792 1438 1841 cognomine
1475 1793 1656 1839 censeretur
1703 1793 1928 1842 interrogatus
1972 1806 2035 1827 non
2066 1795 2107 1839 se

1130 1840 1230 1878 σ-οφδν
1253 1841 1315 1888 Jed
1345 1843 1526 1887 φιλόσοφον
1558 1839 1617 1889 esse
1642 1841 1821 1890 respondit.
1849 1841 1930 1878 MS.
1956 1842 2110 1889 Philoso.

1127 1891 1213 1939 plion
1239 1891 1357 1929 edidit.
1403 1891 1564 1929 Melius:
1601 1890 1639 1929 id
1670 1893 1745 1935 est,
1781 1891 1987 1940 appellavit.
2019 1893 2100 1931 PE-

1130 1943 1309 1980 RIZON.
1320 1943 1373 1980 Ut
1384 1941 1499 1980 Aldus
1521 1941 1685 1980 ediderat
1698 1968 1708 1985 ‚
1720 1943 1962 1980 exhibuerunt
1982 1943 2096 1982 etiam

1128 1993 1237 2040 Mog.
1251 1993 1457 2031 &Medios
1487 1992 1552 2030 nisi
1573 1992 1677 2042 quod
1694 1994 1886 2029 excellentes
1905 1995 1974 2029 viri
1993 2005 2098 2041 prae-

1128 2043 1281 2088 ferunt,
1319 2056 1397 2081 non
1418 2043 1617 2093 sapientes;
1661 2043 1763 2092 quod
1795 2043 1843 2080 est
1871 2056 1915 2080 ex
1941 2045 2097 2082 Venetis

1124 2094 1219 2132 Edd.
1248 2096 1285 2132 δε
1308 2095 1450 2132 duobus
1470 2094 1579 2132 MSS.
1603 2094 1713 2132 Paris.
1740 2105 1827 2131 cum
1858 2094 1987 2143 reliqui
2016 2096 2093 2133 fere

1123 2147 1315 2182 excellentes
1354 2146 1570 2189 retineant,
1621 2144 1947 2193 quemadmodum
1980 2147 2093 2185 etiam

1123 2196 1444 2234 annotatiunculas
1473 2195 1572 2240 illas,
1602 2207 1691 2244 quas
1711 2196 1858 2243 Pighius
1887 2197 2093 2235 vocavit&

1123 2247 1322 2294 expunxit,
1358 2247 1498 2295 septem
1538 2257 1584 2282 ex
1615 2246 1657 2282 iis
1684 2246 1914 2283 conservant.
1962 2247 2095 2295 Ultraj.

1120 2298 1228 2343 prim.
1266 2297 1365 2335 addit
1395 2298 1507 2334 etiam
1537 2310 1653 2334 nomen
1673 2321 1684 2338 ‚
1728 2297 1803 2334 hoc
1828 2297 1959 2335 modo.
2012 2303 2093 2334 Non

1112 2349 1151 2394 se
1170 2348 1356 2395 sapientem
1379 2375 1389 2391 ,
1427 2361 1495 2388 ram
1523 2350 1609 2383 enim
1639 2345 1728 2384 illud
1748 2350 1873 2396 septem
1901 2350 2092 2384 excellentes

1119 2400 1190 2432 ‘viri
1216 2413 1332 2435 nomen
1361 2409 1598 2445 occupaverant
1622 2425 1631 2441 ,
1673 2397 1732 2446 sed
1755 2410 1936 2435 amatorem
1953 2401 2089 2447 sapien·

1119 2450 1188 2484 tiae
1209 2476 1219 2491 ,
1257 2449 1290 2484 id
1317 2451 1360 2493 eft
1384 2451 1508 2484 Graece
1536 2449 1754 2498 Philosophon
1788 2449 1892 2485 dixit.
1943 2448 2056 2485 Edidit
2074 2477 2085 2493 ‚

1120 2499 1223 2547 quod
1254 2499 1452 2536 Perizonio
1481 2498 1647 2546 placebat
1669 2528 1678 2543 ,
1717 2500 1765 2537 est
1794 2501 1830 2537 in
1862 2500 1986 2546 Ultraj.
2015 2499 2082 2536 sec.

1120 2550 1223 2587 Barb.
1251 2551 1387 2598 primo.
1411 2550 1518 2587 Leid.
1545 2550 1612 2588 sec.
1639 2551 1724 2587 sext.
1750 2553 1785 2587 ὅ(
1807 2549 1897 2586 Edd.
1926 2557 2006 2585 ante
2024 2548 2083 2585 Pi-

1120 2601 1261 2648 ghium.
1280 2601 1389 2639 Leid.
1415 2601 1531 2650 quint.
1560 2601 1650 2638 dixit
1680 2613 1761 2638 cum
1792 2601 1916 2647 Ultraj.
1944 2599 2079 2653 prim0.

1122 2653 1380 2690 Annotaverat
1419 2653 1633 2690 Perizonius
1680 2650 1877 2688 videndum
1921 2649 2078 2696 Quintil.

1123 2704 1169 2740 I...
1195 2715 1261 2740 xxi.
1294 2704 1376 2741 Inst.
1401 2716 1431 2742 Ι.
1461 2707 1551 2739 Nam
1573 2712 1616 2738 CJ'
1633 2703 1832 2749 Pythagoras
1862 2714 1923 2735 non
1949 2703 2081 2745 sapien-

1119 2765 1184 2790 tem
1204 2759 1267 2802 se,
1299 2766 1335 2790 ut
1362 2756 1421 2804 qm‘
1453 2766 1530 2790 ante
1559 2768 1628 2789 eum
1652 2756 1781 2797 scierant
1798 2749 2080 2796 ,sedstudiosnm

1113 2809 1302 2852 sapientiae
1319 2807 1432 2842 vocari
1452 2807 1569 2841 voluit.
1591 2805 1677 2839 item
1702 2802 1802 2837 haec.
1825 2800 1943 2843 Sophus
1964 2801 2081 2837 Phae-

1122 2856 1205 2893 drus
1241 2858 1285 2894 L.
1313 2870 1373 2894 111.
1406 2870 1459 2905 15.
1508 2857 1550 2891 L.
1583 2866 1638 2890 iv.
1670 2852 1722 2889 16.
1772 2850 1829 2888 Sic
1859 2852 1951 2886 Plnli
1982 2852 2079 2898 apud

1122 2907 1354 2946 Petronium.
1381 2908 1504 2956 legunt
1526 2903 1672 2954 quidam
1695 2902 1816 2945 aliter,
1834 2901 1893 2939 scd
1915 2902 2020 2938 male.
2033 2901 2081 2938 sic

1122 2961 1298 3010 Panurgus
1314 2988 1324 3004 ,
1352 2959 1447 3007 apud
1470 2958 1556 2995 Fest.
1583 2956 1617 2991 in
1641 2955 1794 2990 Numero,

1175 3023 1234 3059 39‘
1263 3015 1365 3056 Cujus
1391 3018 1557 3046 ardentem
1579 3018 1690 3055 rogum
1707 3006 1840 3053 plenum
1860 3003 2084 3040 venerationis

1121 3063 1223 3100 oculis
1247 3064 1471 3113 Metapontus
1504 3060 1632 3148 aspeae'i
1656 3083 1666 3098 ,
1709 3067 1836 3104 operum
1877 3055 2083 3104 Pythagorae

1622 3117 1672 3144 zz
1707 3117 1728 3144 z
1762 3118 1783 3143 2
1984 3116 2085 3153 quam
