2516 3509
114 123 2116 402 FRAGMENruffi

171 469 656 553 LIBRI
760 469 946 547 DE
1041 467 2067 552 NOMINIBUS:

253 629 421 715 Qui
468 625 571 688 IN
619 623 1165 710 QfflssusnAM
1214 624 1495 687 cono.
1541 621 1984 689 T1TULUM

35 775 896 882 *LIBRI

515 942 1039 1003 PRAE

1092 772 2118 880 DECIMI

1147 931 1724 1005 FERT.

123 1086 1080 1176 G.T1T1PROBI·1N
1117 1085 1757 1167 EPITOMEN
1790 1088 2117 1167 SUAM

226 1254 1093 1374 PRAEF

1230 1252 2018 1370 ATIO.

471 1787 538 1841 de
577 1805 682 1840 uno
719 1800 922 1840 tantum
945 1821 961 1848 ,
1000 1783 1103 1837 hoc
1141 1781 1243 1846 est,
1280 1783 1347 1838 de
1381 1781 1746 1854 praenomine,
1780 1781 2010 1853 epitoma
2046 1799 2121 1835 re·

126 1873 489 1951 praesentabat.

176 2115 208 2141 1.
245 2103 281 2136 ln
308 2100 468 2147 epitomen
492 2098 591 2143 suam
622 2099 661 2134 C.
686 2097 759 2133 Titi
788 2094 887 2132 Probi
907 2093 1096 2144 praefinio]

128 2155 204 2191 Hic
224 2149 349 2190 titulus
371 2150 406 2186 in
429 2148 553 2186 multis
574 2147 756 2185 veteribus
777 2145 872 2183 libris
890 2157 968 2183 non
986 2145 1096 2182 habe-

125 2213 209 2249 tur,
238 2205 273 2245 ὃς
291 2203 328 2239 in
350 2199 552 2248 aliquibus,
579 2207 620 2236 ut
648 2199 745 2241 dixi,
774 2198 854 2235 sunt
879 2196 970 2233 aliae
994 2208 1100 2245 prae-

129 2253 355 2293 fatiunculae
387 2251 619 2287 librariorum
655 2250 827 2287 arbitratu
856 2247 1098 2296 compositae.

127 2308 181 2344 At
220 2307 256 2342 in
288 2300 485 2349 Campenfi
523 2300 653 2338 codice
683 2299 782 2338 nulla
816 2299 864 2336 est
901 2299 1095 2346 praefatio.

129 2353 466 2405 Quemadmodum
496 2352 595 2389 enim
623 2350 660 2388 in
689 2350 765 2388 aliis
795 2361 937 2387 novem
959 2349 1100 2386 Valerii

129 2407 289 2446 Maximi
320 2404 436 2446 libris,
473 2403 522 2440 ita
553 2404 591 2440 &
612 2402 673 2438 hic
700 2399 942 2439 solummodo
971 2399 1102 2448 praefi-

129 2468 263 2505 guntur
291 2455 408 2495 tituli;
438 2466 532 2499 quos
560 2453 856 2490 abbreviatorem
876 2450 1014 2496 Julium
1037 2451 1101 2488 Pa-

128 2502 247 2547 iidem
273 2503 432 2544 omisisse
455 2504 583 2542 dicunt
610 2504 842 2541 librariorum
874 2502 1100 2551 praefatiun-

130 2561 254 2603 culae,
287 2560 323 2595 &
342 2558 422 2594 sunt
441 2557 594 2605 quidem
616 2555 702 2593 tales
716 2583 727 2601 ,

279 2612 327 2644 De
356 2606 563 2650 nominibus,

279 2662 328 2695 De
350 2657 621 2707 pronominibus,

280 2713 328 2745 De
356 2707 621 2759 cognominibus,

277 2764 336 2796 De
362 2759 617 2809 agnominibus,

276 2815 334 2847 De
361 2808 642 2859 appellationibus
665 2809 889 2857 potestatum,

278 2865 335 2898 De
356 2862 465 2896 verbis
488 2864 662 2908 Romanae
688 2858 853 2897 historiae.

128 2916 184 2953 Ex
212 2914 342 2963 quibus
375 2911 481 2948 facile
511 2910 632 2958 colligi
664 2907 806 2958 potest,
831 2905 998 2943 librarios
1028 2904 1100 2942 fra-

127 2974 323 3014 gmentum
357 2962 445 2999 istud
475 2962 659 3010 epitomes
689 2959 733 2996 de
765 2958 969 2995 nominum·
989 2957 1102 2993 ratio-

127 3029 174 3056 ne
205 3029 284 3055 non
313 3014 454 3053 solum:
482 3012 542 3051 sed
563 3014 600 3050 ὅ(
620 3010 688 3049 alia
715 3008 899 3061 quaedam
928 3006 1101 3047 conedra-

1935 1955 2122 2011 ALIA

1150 2105 1222 2132 nea
1262 2093 1379 2132 veluti
1416 2093 1639 2143 appendices
1677 2091 1723 2130 ad
1755 2090 2014 2130 declarandum
2045 2092 2123 2130 Va-

1149 2144 1283 2182 lerium
1314 2146 1391 2193 ejus
1420 2145 1518 2183 libris
1548 2141 1717 2194 adjecisse
1739 2171 1749 2187 ‚
1787 2155 1831 2180 ex
1858 2144 2014 2190 antiquis
2042 2144 2123 2193 qui-

1153 2196 1239 2233 dem
1265 2196 1474 2234 auc'toribus
1503 2195 1725 2243 deprompta
1750 2222 1759 2238 ‚
1796 2193 1854 2231 sed
1882 2205 1976 2242 quae
2006 2195 2124 2241 poste-

1152 2247 1266 2284 riores
1292 2258 1361 2295 pro
1386 2246 1450 2284 suo
1492 2246 1635 2294 judicio
1665 2245 1763 2282 male
1794 2245 2089 2282 coniarcinarunt
2110 2273 2122 2288 ,

1153 2305 1368 2340 mutarunt,
1407 2299 1444 2335 &
1473 2297 1749 2334 detruncarunt.
1804 2297 1904 2333 Nam
1942 2296 2027 2332 huic
2053 2297 2124 2332 fra-

1150 2356 1312 2396 gmento
1349 2348 1394 2385 de
1419 2347 1634 2384 nominibus
1656 2375 1667 2391 ,
1703 2346 1807 2395 quod
1839 2347 2013 2383 continue
2041 2346 2118 2394 post

1149 2399 1276 2437 titulos
1304 2398 1386 2436 istos
1414 2399 1598 2447 sequitur,
1626 2399 1663 2435 in
1698 2397 1894 2446 Campenfi
1915 2397 2040 2433 codice
2058 2408 2120 2433 an-

1151 2461 1248 2487 nexa
1277 2449 1326 2486 est
1353 2449 1421 2487 alia
1447 2449 1632 2499 quaedam
1655 2449 1819 2497 epitome
1843 2449 1886 2484 de
1909 2446 2120 2494 appellatio-

1151 2501 1257 2538 nibus
1277 2500 1499 2549 potestatum
1517 2529 1528 2544 ,
1556 2501 1593 2538 ὃς
1615 2500 1661 2537 de
1684 2502 1793 2537 Rom.
1821 2498 1988 2535 historiae
2007 2508 2121 2534 voca-

1152 2551 1264 2596 bulis,·
1293 2551 1396 2589 velut
1419 2560 1577 2599 arguunt
1597 2552 1705 2587 etiam
1727 2562 1770 2586 ex
1792 2547 1891 2584 diens
1915 2547 2022 2584 titulis
2041 2548 2117 2584 duo

1153 2602 1339 2651 postremi.
1372 2602 1554 2639 Attamen
1574 2603 1666 2639 haec
1684 2600 1726 2637 ab
1746 2599 1817 2635 alio
1837 2598 2039 2634 recentiore
2061 2599 2121 2635 vi-

1155 2653 1261 2692 detur
1292 2651 1363 2690 effe
1390 2653 1624 2702 compofita,
1650 2654 1686 2689 ὃς
1706 2650 1765 2688 vix
1788 2649 1892 2695 dign-1
1922 2648 2002 2684 luce
2019 2677 2027 2690 ,
2056 2660 2121 2686 ne-

1155 2704 1244 2742 dum
1282 2704 1436 2742 Valerio
1472 2705 1664 2744 Maxini05
1703 2699 1958 2749 qualiscunque
1989 2708 2117 2738 tamen

1154 2756 1224 2798 est,
1253 2766 1332 2792 non
1359 2756 1481 2792 minus
1502 2751 1668 2803 prodesse
1688 2750 1807 2787 forsan
1836 2747 1951 2797 poss'et
1972 2750 2122 2798 imperi-

1153 2805 1331 2851 tioribus,
1367 2818 1479 2855 quam
1507 2805 1565 2842 illa
1594 2813 1687 2852 quae
1716 2812 1759 2836 ex
1787 2798 2002 2847 Pomponio
2030 2801 2120 2850 juris

1154 2856 1324 2895 consulto
1348 2857 1394 2895 de
1416 2856 1557 2904 origine
1574 2854 1663 2902 juris
1681 2863 1724 2889 ac
1745 2850 2017 2898 magistratuum
2038 2863 2116 2889 non

1153 2907 1362 2945 admodum
1386 2907 1538 2945 fideliter
1561 2905 1607 2941 est
1631 2901 1991 2949 compilataAEIGH
2016 2903 2119 2940 Tota

1151 2958 1331 3007 Epitome
1365 2958 1460 2996 deest
1485 2957 1520 2994 in
1549 2954 1651 2992 Paris.
1685 2953 1752 2990 sec.
1789 2952 1973 2989 Praefatio
1999 2952 2116 3000 prima

1149 3009 1189 3049 in
1209 3009 1314 3049 Harl.
1345 3011 1384 3048 &
1405 3008 1536 3056 Ultraj.
1563 3005 1669 3055 prim.
1697 3005 1788 3040 item
1809 3002 1847 3039 in
1866 3002 1973 3040 Leid.
2002 3003 2118 3052 quint.

1665 3053 1741 3093 Sss
1767 3052 1812 3091 ss
2078 3053 2118 3090 &
