2516 3509
599 113 743 169 DE
861 103 1626 165 MIRACULis
2024 124 2127 184 ως

120 231 278 279 currit.
346 224 390 272 Is
408 218 531 270 bello
552 217 702 277 civili,
738 232 832 280 quo
853 212 895 260 se
924 212 1015 259 Cn.
1036 211 1284 274 Pompejus
1306 208 1333 255 a
1354 206 1550 255 Caesaris
1570 207 1819 258 concordia
1835 209 2048 277 pestifero
2069 212 2128 262 fi-

119 307 193 367 bi,
227 320 310 353 nec
330 296 638 364 Reipublicae
655 294 759 341 utili
779 290 970 340 consilio
991 288 1255 352 abruperat,
1291 298 1508 335 eventurn
1529 285 1771 349 graviffimi
1790 302 1944 338 motus
1965 290 2126 355 explo-

118 401 214 434 rare
242 383 456 447 cupiens;
505 378 544 414 ⁶5
573 374 745 423 viribus
771 372 951 437 imperii
998 376 1222 433 (namque
1241 366 1444 430 Achajae
1470 365 1697 428 praeerat)
1742 368 1987 421 antistitem
2016 369 2131 418 Del-

46 528 49 529 7
74 481 76 483 ’
118 472 280 537 phicae
301 467 506 524 cortinae
526 461 570 491 ⁶⁶
594 463 642 510 in
661 462 869 510 intimam
893 458 1001 506 sacri
1020 457 1176 523 specus
1195 466 1370 518 partem
1394 452 1433 485 ⁶⁷
1455 452 1616 516 coegit
1634 450 1919 501 descendere:
1942 453 1988 484 ⁶8
2011 457 2136 506 unde

117 565 171 600 ut
202 564 350 598 celtae
372 543 710 596 consulentibus
730 542 867 590 sortes
883 539 1208 605 petuntur‚ita
1227 535 1395 582 nimius
1414 532 1557 579 divini
1580 529 1760 595 spiritus
1784 532 1966 581 haustus
1980 537 2019 572 ⁶9
2032 538 2132 586 red..

120 632 333 680 dentibus
355 628 539 696 pestifer
555 626 721 674 existit.
793 631 834 660 ⁷0
858 624 1015 689 Igitur
1036 617 1236 685 impulsu
1257 614 1475 680 concepti
1510 613 1710 661 numinis
1742 612 1954 662 instincta
1971 618 2135 682 virgo,

118 709 350 757 horrendo
380 707 489 754 sono
524 707 674 766 vocis,
712 711 748 738 ⁷¹
777 705 935 769 Appio
971 703 1090 748 inter
1111 697 1318 746 obscuras
1338 695 1586 745 verborum
1609 694 1819 759 ambages
1841 693 1931 742 fata
1954 697 2141 748 cecinit.

121 797 163 830 7²
187 792 345 848 Nihil,
381 789 554 852 inquit,
590 787 649 833 ad
677 796 717 832 te
750 786 847 845 hoc,
883 787 1101 842 Romane,
1135 783 1312 829 bellum:
1348 786 1388 816 ⁷3
1415 779 1607 824 Euboeae
1630 780 1755 825 Coela
1790 779 2002 824 obtinebis.
2071 779 2141 827 At
2160 766 2162 771 ’

120 872 156 918 is
178 884 297 919 ratus
311 868 516 917 consiliis
535 865 576 912 se
599 863 827 928 Apollinis
848 863 1054 919 moneri,
1089 876 1146 907 ne
1167 860 1233 906 illi
1252 858 1501 906 discrimini
1519 857 1770 917 interesset,
1794 857 1842 905 in
1865 873 1964 905 eam
1985 859 2141 924 regio-

121 1082 317 1122 VORST.
377 1078 509 1127 Copes.
536 1088 622 1115 cum
650 1074 866 1125 quibusdam
895 1073 971 1110 aliis
997 1073 1103 1108 Prae-

117 1137 269 1172 cucurrit.
299 1130 419 1180 Quod
437 1129 582 1167 videtur
600 1128 742 1165 melius.
769 1125 879 1164 habet
898 1125 1012 1162 etiam
1032 1122 1102 1161 Ed.

124 1188 231 1232 Mog.

169 1235 228 1284 65.
260 1231 398 1270 Viribus
416 1247 558 1284 namque
586 1231 716 1276 imperii
734 1229 902 1277 ¹-chluczy‘ae
926 1224 1100 1278 praeerat]

124 1286 278 1335 Inepte;
306 1284 367 1322 sed
396 1284 517 1322 multo
546 1283 676 1321 melius
698 1281 928 1332 distinguitur
954 1279 1012 1315 illa
1039 1289 1104 1327 pa-

121 1335 297 1375 xenthesis
316 1336 354 1373 in
375 1335 627 1384 manuscriptis
651 1333 748 1371 libris
763 1361 773 1377 ,
803 1331 954 1370 Viribus.
973 1330 1105 1380 imperii

121 1390 290 1438 (namque
309 1388 479 1430 „Achaiae
499 1388 675 1436 praeerat)
704 1385 777 1433 Ap.
798 1382 974 1420 Claudius
1001 1381 1103 1418 enim

124 1441 309 1490 Achajam
330 1438 602 1476 administrabat
612 1443 947 1486 procoserantque
967 1433 1005 1470 in
1027 1434 1103 1482 ejus

119 1491 312 1539 provincia
341 1489 489 1538 Delphi.
544 1489 675 1538 Itaque
703 1487 837 1524 viribus
863 1484 1010 1534 imperii
1038 1495 1103 1521 co-

121 1554 209 1591 gere
231 1541 427 1580 antistitem
447 1540 587 1579 oraculi
606 1538 780 1588 Delphici
799 1537 932 1587 potuit.
961 1536 1102 1573 PIGH.

120 1593 252 1633 Vtribur
280 1595 408 1641 imperii
445 1593 611 1640 (namque
639 1591 811 1630 „Achaiae
833 1590 1014 1638 praeerat)
1049 1587 1104 1625 Ita

121 1644 221 1681 τεέὶε
240 1644 388 1692 Pighius
407 1655 451 1680 ex
471 1643 581 1681 codd.
602 1642 709 1680 MSS.
729 1642 777 1678 Et
794 1640 932 1678 habent
951 1650 1104 1689 quoque

120 1695 173 1732 ita
200 1695 308 1733 codd.
340 1694 471 1732 Brund.
511 1693 625 1732 Aldus
642 1692 814 1743 posuerat
834 1691 963 1729 omnia
983 1691 1021 1727 in
1040 1702 1104 1738 pa-

119 1746 301 1791 renthefi,
336 1746 415 1783 hoc
443 1744 596 1790 ordine,
635 1743 776 1784 Viribus
798 1756 942 1792 namque
973 1742 1104 1791 imperii

116 1797 224 1843 fich.
242 1807 408 1846 praeerat.
439 1796 635 1835 VORST.
688 1795 770 1833 MS.
805 1797 903 1829 Nam
923 1796 988 1834 est.
1007 1804 1101 1842 prae-

115 1861 170 1888 tor
185 1860 350 1895 praeerat.
374 1848 486 1885 Forte
507 1848 724 1895 Proconfide‚
753 1845 871 1884 solent
891 1845 993 1882 enim
1012 1845 1105 1881 haec

121 1900 227 1939 scribi
246 1912 311 1950 per
337 1900 473 1948 primas
494 1907 639 1936 tantum
666 1898 798 1935 literas.
824 1898 901 1935 PR.
929 1895 989 1933 vel
1009 1898 1105 1932 Proc.

122 1951 246 1995 unde,
273 1952 398 1988 fecere
427 1954 567 1987 Praetor
611 1950 854 1987 PERIZON.
908 1949 963 1985 Ut
990 1947 1107 1984 Aldus

128 2002 316 2047 ediderat,
340 2003 389 2040 ita
412 2004 450 2040 &
469 2002 684 2039 vetustiores
705 2000 798 2038 Edd.
814 2001 851 2037 ἃ
874 1999 921 2036 fic
949 2006 1109 2049 quatuor

123 2053 232 2090 MSS.
259 2054 390 2103 reliqui
410 2065 497 2091 cum
526 2053 658 2090 Brand.
688 2051 934 2090 consentiunt.
987 2049 1108 2098 Quod

126 2104 176 2141 est
203 2103 242 2141 in
274 2105 407 2153 Copes.
430 2115 564 2153 praetor
578 2115 731 2155 praeerat
758 2102 859 2141 idem
888 2103 1042 2139 invenio
1070 2102 1108 2139 in

129 2153 235 2192 Harl.
262 2155 300 2192 &
326 2163 487 2205 utroque
513 2155 659 2194 Barber.
685 2167 766 2193 non
793 2153 956 2203 displicet
980 2154 1108 2203 itaque

131 2205 187 2242 Cl.
214 2205 398 2243 Perizonii
427 2207 650 2255 conjectura.

177 2255 238 2293 66.
274 2257 313 2292 [n
339 2258 493 2292 intimam
520 2260 612 2304 sarri
639 2260 755 2304 specus
779 2254 927 2304 partem]
952 2254 1110 2301 Justinus

127 2308 188 2345 lib.
207 2318 319 2344 XXtV.
347 2309 389 2342 In
409 2307 464 2342 hoc
491 2309 583 2354 rupis
611 2307 768 2348 anfrat‘lte
792 2307 958 2353 planities
985 2306 1110 2352 exigna

124 2363 193 2406 est,
226 2369 330 2407 atque
358 2371 394 2393 m
422 2371 459 2392 ea
484 2355 684 2405 profundum
702 2367 808 2390 terrae
820 2356 996 2399 foramen,
1020 2351 1110 2403 qnod

129 2412 166 2445 in
190 2411 322 2446 oracula
345 2418 463 2457 patet:
485 2422 526 2442 ex
547 2420 610 2457 quo
624 2405 773 2456 frigidus
783 2406 950 2453 spiritus,
971 2404 1009 2439 νὶ
1027 2417 1112 2453 qna-

128 2459 208 2497 dam
234 2461 329 2496 ‘velut
354 2469 453 2494 vento
483 2460 518 2493 in
539 2458 684 2504 sublime
702 2457 881 2505 expulsus,
909 2465 1031 2491 mentes
1050 2469 1114 2491 ‘ra-

130 2523 202 2548 tum
222 2512 258 2546 in
275 2512 460 2546 vecordiam
479 2511 583 2546 vertit
595 2535 605 2551 ‚
631 2509 848 2557 impletasque
867 2509 945 2543 Deo
961 2507 1116 2556 responsa

129 2561 371 2611 consulentibus
389 2560 469 2597 dare
481 2562 577 2610 cogit.
606 2558 800 2597 VORST.

179 2613 241 2659 67.
268 2614 387 2663 Coegit
408 2610 608 2660 dependere]
638 2610 829 2648 Infinitum
850 2610 969 2654 foret,
988 2608 1133 2658 &ple->

133 2675 294 2713 rumque
321 2662 452 2701 nullius
478 2662 640 2700 utilitatis
661 2690 671 2707 ‚
714 2660 739 2698 fi
766 2672 924 2698 monere
951 2660 1112 2705 vellem,

135 2711 282 2766 quoties
302 2715 339 2751 in
361 2713 609 2752 collocatione
628 2711 830 2751 verborum
851 2712 993 2750 variant
1004 2712 1114 2749 MSS.

136 2767 198 2804 hic
216 2767 295 2804 fere
315 2777 448 2803 omnes
468 2777 552 2802 cum
574 2764 643 2801 Ed.
663 2765 770 2812 Mog.
791 2763 976 2806 deffendere
994 2765 1111 2815 coegit.

136 2817 257 2866 Quod
276 2816 423 2855 videtur
442 2815 645 2854 rotundius.
696 2815 813 2852 Porro
833 2815 960 2852 Heins.
977 2816 1117 2864 primus

136 2867 160 2905 a
183 2867 437 2916 consulentibus.
487 2867 589 2904 Male
612 2880 620 2903 :
663 2878 742 2904 non
770 2865 870 2902 enim
898 2874 1028 2914 petunt
1054 2865 1120 2914 ipfi

139 2920 362 2968 consulentes,
388 2918 450 2956 sed
469 2918 490 2957 a
513 2917 701 2956 sacerdote
727 2923 901 2966 petuntur
918 2928 1024 2955 certae
1041 2917 1120 2968 ipfis

161 2982 256 3009 ortes.

134 2973 168 3021 s
199 3021 261 3058 68.
294 3018 386 3056 Unde
417 3031 524 3057 certae
547 3018 785 3070 consulentibus
804 3021 910 3067 sortes
942 3016 1118 3068 petuntur]

140 3073 252 3113 Sortes
278 3071 352 3121 ipsa
377 3070 543 3121 responsa
564 3100 575 3118 ,
609 3073 682 3123 ipsa
708 3071 924 3110 vaticinatio
950 3070 1031 3110 sunt
1047 3070 1124 3121 Py-

2035 956 2145 990 Hem

1151 1070 1288 1109 thenis.
1325 1069 1364 1107 V
1378 1070 1414 1108 O
1428 1070 1461 1108 R
1474 1068 1494 1107 S
1509 1068 1560 1108 T.

1153 1125 1280 1170 existit.
1429 1133 1432 1135 ’

1206 1174 1268 1223 69.
1296 1169 1526 1224 Redde-nribus
1542 1169 1693 1222 pestifer]
1732 1170 1855 1209 Barth.
1883 1172 2044 1211 malebat
2071 1177 2147 1225 Re-

1153 1224 1346 1262 deuntibus.
1394 1224 1509 1261 Niale.
1561 1225 1717 1270 Haustus
1733 1225 1856 1260 nimius
1873 1222 2148 1274 diwiniffiiritus

1154 1278 1284 1321 exstitit
1291 1276 1426 1324 pestifer
1437 1273 1647 1311 reddentibus
1657 1285 1841 1326 conceptum
1849 1275 2027 1324 Spiritum,
2040 1277 2146 1327 quod

1156 1328 1298 1366 faciunt
1322 1326 1413 1364 dum
1442 1332 1580 1363 canunt
1599 1326 1686 1364 fata.

1208 1391 1267 1427 70.
1295 1381 1407 1429 Igitur
1427 1378 1571 1427 impulsn
1587 1378 1677 1426 capti
1695 1375 1859 1425 numinis]
1890 1377 1935 1415 In
1962 1377 2148 1417 Cauchia-

1155 1443 1207 1469 no
1226 1431 1366 1479 concepti
1386 1431 1533 1466 numinis
1545 1457 1557 1472 ‚
1580 1426 1686 1477 quod
1703 1428 1872 1476 approbo
1885 1457 1895 1473 ‚
1909 1430 1947 1466 δε
1965 1430 2147 1477 prioribus

1156 1482 1261 1520 dictis
1280 1481 1545 1529 congruentius
1565 1480 1626 1517 est.
1678 1479 1921 1517 Transfertur
1940 1480 2042 1517 enim
2063 1480 2148 1529 pul-

1159 1534 1246 1571 chre
1264 1534 1339 1571 hoc
1358 1531 1587 1570 vocabulum
1610 1530 1631 1568 a
1653 1542 1812 1580 corpore
1832 1530 1879 1568 ad
1911 1539 2080 1569 mentem
2103 1543 2149 1570 ac

1156 1586 1338 1623 animum.
1374 1584 1514 1621 PIGH.
1566 1584 1721 1629 concepti
1745 1584 1903 1619 numinis.
1937 1582 2020 1620 Lib.
2047 1583 2151 1621 Dan.

1160 1638 1263 1687 Capti
1283 1637 1442 1673 numinis.
1498 1633 1594 1672 Illud
1611 1633 1744 1671 reff'cius
1765 1633 1924 1671 videtur.
1952 1633 2152 1672 COLER.

1157 1690 1306 1738 Impulsu
1327 1686 1468 1735 concepti
1487 1685 1632 1722 numinis
1651 1685 1821 1732 instim‘ia.
1862 1685 1917 1722 Ita
1933 1685 2081 1733 Pighius
2103 1697 2150 1722 ex

1159 1740 1243 1777 cod.
1275 1738 1454 1781 Cauchii‚
1485 1748 1573 1774 cum
1599 1735 1717 1774 Aldus
1746 1734 1914 1774 edidisset
1933 1738 2021 1786 capti
2040 1738 2150 1773 nami-

1156 1793 1224 1827 nis.
1261 1791 1408 1828 Verum
1431 1796 1471 1826 ut
1490 1787 1608 1825 Aldus
1624 1786 1736 1825 habet
1749 1816 1758 1832 ‚
1779 1787 1830 1825 ita
1850 1789 1888 1825 &
1909 1786 2150 1825 Chalcocon-

1159 1841 1262 1891 dyles
1276 1870 1287 1886 ,
1316 1842 1356 1879 ὃς
1374 1841 1487 1878 Mart.
1508 1839 1664 1887 Herbip.
1683 1839 1852 1889 itemque
1873 1839 2024 1876 codices
2036 1839 2149 1877 MSS.

1159 1893 1293 1931 Brand.
1323 1894 1361 1930 &
1385 1921 1396 1937 ‚
1432 1899 1474 1929 ut
1502 1890 1660 1928 Colerus
1686 1890 1834 1928 testatur
1856 1919 1866 1934 ,
1900 1891 1941 1928 P.
1968 1891 2149 1928 Danielis.

1160 1946 1244 1982 Nec
1262 1943 1376 1982 video
1389 1972 1399 1987 ‚
1423 1954 1539 1993 quare
1558 1942 1699 1990 concepti
1711 1941 1813 1979 alteri
1832 1941 1965 1980 debeat
1983 1942 2149 1991 praefer-

1158 1997 1199 2033 ri.
1227 1995 1425 2033 VORST.
1477 1997 1579 2042 Capti
1596 1992 1750 2031 invenio
1770 1993 1808 2030 in
1827 1993 1935 2031 MSS.
1958 1993 2088 2041 viginti
2108 1994 2149 2031 δε

1159 2047 1255 2085 Edd.
1275 2046 1460 2085 omnibus.
1488 2046 1627 2082 Vener.
1650 2044 1757 2091 1478.
1786 2046 1911 2093 Capiti.
1942 2042 2146 2093 quomodo

1161 2107 1239 2137 erat
1256 2099 1370 2136 etiarn
1390 2099 1428 2135 in
1450 2096 1559 2134 Leid.
1582 2096 1728 2147 quinto.
1779 2095 1851 2133 Sed
1871 2094 2039 2132 medium
2058 2096 2072 2130 i·
2090 2095 2150 2132 in-

1162 2151 1274 2188 ferius
1293 2149 1433 2200 pundlo
1452 2156 1628 2186 notatum
1652 2146 1851 2195 jubebatur
1880 2145 2005 2184 deleri.
2034 2146 2148 2183 Leid.

1159 2203 1228 2240 sec.
1250 2204 1369 2250 Captis
1389 2201 1509 2237 nnmis.
1567 2200 1675 2236 Unus
1694 2199 1805 2235 Rem.
1825 2196 1924 2235 delet
1944 2198 2054 2247 capti,
2073 2196 2156 2240 sed,'

1161 2261 1336 2290 notatum
1355 2251 1423 2288 alia
1442 2250 1582 2300 accepti.
1610 2257 1651 2287 ut
1670 2248 1796 2287 videas
1814 2256 1932 2298 prope
1960 2259 2093 2286 omnes
2111 2248 2151 2285 in

1162 2304 1253 2350 capti
1281 2301 1499 2348 conspirare.
1669 2312 1672 2315 ·

1217 2364 1277 2398 71.
1304 2353 1433 2398 „Appio
1450 2353 1533 2396 fata
1558 2347 1688 2398 cecinit]
1719 2350 1803 2387 Fuit
1822 2350 1850 2387 is
1870 2349 2012 2398 Appius
2042 2350 2151 2388 Clam

1169 2402 1247 2440 dius
1261 2430 1271 2446 ,
1298 2401 1496 2451 proconsul
1519 2400 1682 2448 Achajae
1694 2429 1704 2446 ,
1722 2401 1760 2438 in
1779 2402 1835 2451 cuj
1843 2413 1882 2439 us
1900 2401 2093 2450 provincia
2109 2401 2148 2438 δε

1168 2453 1309 2502 Delphi
1330 2459 1443 2491 erant.
1471 2451 1669 2490 VORST.

1219 2517 1278 2552 72.
1305 2504 1433 2546 Nihil,
1447 2504 1534 2538 enim
1552 2503 1665 2551 inquit
1679 2528 1689 2544 ,
1701 2501 1747 2539 ad
1766 2500 1815 2550 te]
1839 2502 1897 2540 Sic
1907 2502 2013 2539 MSS.
2025 2499 2148 2538 ‘frede-2

1164 2557 1238 2593 cim
1258 2566 1344 2592 cum
1364 2554 1544 2603 prioribus
1562 2553 1738 2602 Pighiana
1750 2553 1844 2591 Edd.
1857 2564 1926 2590 nec
1945 2552 2056 2590 video
2083 2561 2147 2588 cur

1165 2606 1385 2656 conjundtio
1403 2607 1491 2641 enim
1511 2605 1622 2642 fuerit
1643 2604 1870 2654 expellenda.

1217 2669 1277 2707 73.
1305 2656 1455 2694 Euboeae
1481 2657 1600 2692 cellam
1626 2656 1815 2705 obtinebis]
1856 2655 1897 2691 In
1915 2649 2147 2690 Atrebatenfi

1166 2721 1209 2748 ac
1229 2707 1490 2747 Gemblacenfi
1520 2707 1799 2749 correffiffime‚
1836 2705 1991 2746 coelam,
2019 2705 2057 2741 δε
2078 2715 2150 2751 Ρο-Ί

1166 2761 1240 2800 stea
1258 2762 1392 2797 Coelae.
1446 2760 1603 2797 Nomen
1625 2759 1725 2796 enim
1747 2756 1794 2793 est
1812 2754 1971 2803 regionis
1990 2755 2027 2792 in
2049 2755 2150 2791 Atti·

1169 2824 1223 2850 ca.
1288 2812 1330 2849 In
1358 2811 1579 2849 Cauchiano
1599 2817 1613 2853 ‚⁴
1648 2809 1803 2845 Cobelam
1826 2834 1837 2849 ‚
1870 2813 1982 2855 atque
2008 2805 2046 2841 in
2073 2805 2151 2842 aliis

1173 2864 1288 2899 Celam
1307 2862 1475 2912 legimus.
1525 2859 1641 2909 Quod
1669 2858 1830 2907 sequitur
1850 2856 2007 2900 deinde,
2033 2858 2153 2891 Lomm

1169 2925 1229 2963 pro
1241 2916 1417 2964 sepultura
1436 2911 1582 2963 poffiedis.
1613 2923 1648 2948 v.
1669 2921 1699 2947 c.
1725 2909 1884 2952 habent,
1914 2907 2155 2954 Locumsepnl-

1173 2975 1282 3002 turae.
1307 2965 1446 3003 PIGH.
1502 2962 1649 2999 Euboeae
1671 2962 1825 3002 Coelam.
1852 2959 1907 2996 Ita
1934 2959 1972 2994 ὃς
1993 2955 2150 2994 Orofius

1173 3015 1234 3053 lib.
1250 3027 1312 3054 vr.
1334 3029 1365 3055 c.
1389 3016 1443 3054 16.
1470 3013 1569 3064 apud
1587 3025 1699 3063 quem
1720 3020 1845 3049 tamen
1871 3007 2002 3055 legitur
2031 3005 2152 3042 Euboi-

1172 3081 1225 3106 cae
1243 3067 1348 3107 caela,
1371 3066 1524 3113 vitioie,
1548 3076 1618 3115 pro
1639 3063 1800 3104 Euboeae.
1843 3058 2148 3146 Idemquef“t‘'¹⁴

2048 3120 2088 3148 ixi
2105 3119 2161 3148 er·

1638 1067 1771 1107 Extitit
1803 1068 1911 1107 multi
1938 1069 2046 1109 MSS.
2072 1083 2144 1120 pro
