2516 3509
401 60 513 150 648'
667 78 1066 136 VALERII
1138 76 2186 141 MAX1M1L1B.V11.CA12.111.

406 178 528 223 noris
562 189 834 239 praetexto,
868 178 1141 241 alienigenae
1172 175 1408 239 ,religionis
1442 173 1732 223 obscuratum
1763 179 2040 244 infignibus,
2071 188 2112 219 5²
2137 197 2219 247 per
2251 181 2412 233 urbem

402 257 526 321 juffit
563 258 798 305 incedere?
838 267 851 296 5
862 265 877 296 ³
904 259 1080 306 Omnes
1115 268 1192 303 aut
1226 255 1275 301 hi
1310 253 1589 315 suae'vitae‚
1625 268 1703 302 aut
1735 256 1801 303 illi
1835 259 2001 306 alienae
2031 262 2193 308 mortis
2227 262 2410 328 cupidi,

407 339 485 401 qui
522 341 626 386 talia
659 340 733 387 vel
765 338 849 403 ipsi
884 338 1214 396 sustinuerunt,
1246 337 1319 384 vel
1353 335 1462 382 alios
1496 338 1673 402 perpeti
1709 340 1976 403 co‘e'gerunt.

270 444 305 476 9·
477 425 519 455 54
555 419 807 481 Aliquanto
842 416 1083 482 speciosius
1119 416 1263 463 Sentii
1300 416 1531 462 Saturnini
1561 416 1825 464 Vetulionis
1858 419 1906 465 in
1938 419 2098 467 eodem
2133 439 2297 488 genere
2331 441 2405 472 ca-

188 478 363 560 Ξῗξῖζῗῷζξζζ
406 497 501 557 sus,
537 499 724 545 ultimae
756 498 884 545 sortis
919 498 1154 544 auxilium.
1178 496 1278 555 Qii
1313 511 1422 542 curn
1455 495 1481 542 a
1515 496 1764 543 triumviris
1790 505 1831 536 55
1864 499 1982 544 inter
2015 502 2290 567 proscriptos
2324 523 2408 554 no-

185 563 268 640 }jff
290 573 354 633 ‘sev'
404 593 509 623 men
543 577 671 623 suum
708 576 996 641 propositum
1030 575 1243 634 audisset,
1278 576 1502 622 continuo
1522 588 1755 638 praeturae
1778 575 1970 640 insignia
1993 579 2184 641 invasit,
2215 583 2254 617 ⁵⁶
2280 601 2404 647 prae-

183 645 371 682 ¹’⁰¹¹''²'⁰¹¹i⁰·
403 657 753 720 cedentibusque
787 659 833 703 in
868 656 1057 702 modum
1092 656 1306 703 Iustorum
1338 655 1385 701 &
1405 655 1718 718 apparitorum
1753 656 2046 718 publicorum
2081 658 2211 707 servis
2246 660 2402 708 subor-

403 736 545 794 natis,
571 736 781 782 vehicula
815 734 1194 798 comprehendit,
1220 731 1414 796 hospitia
1448 732 1725 795 occupavit,
1751 733 1913 780 obvios
1946 734 2202 795 submovit,
2237 753 2287 783 ac
2309 751 2403 786 tam

402 815 560 861 audaci
596 815 884 878 usurpatione
910 815 1124 878 «imperii,
1158 815 1205 858 in
1239 812 1437 858 maxima
1470 811 1574 857 luce
1616 818 1655 848 57
1683 810 1949 858 denfiffimas
1984 814 2222 862 hostilibus
2257 815 2403 862 oculis

401 894 602 940 tenebras
638 893 823 940 offudit.
892 894 1019 940 Idem
1057 906 1108 939 ut
1142 891 1359 939 Puteolos
1392 892 1516 938 venit
1539 924 1555 950 ,
1606 887 1649 927 53
1690 890 1874 952 perinde
1905 909 1956 938 ac
1990 894 2230 957 publicum
2265 896 2400 941 mini-

399 972 581 1018 sterium
616 989 775 1037 agens,
811 971 981 1019 summa
1016 988 1121 1018 cum
1158 971 1339 1017 licentia
1374 969 1594 1033 correptis
1629 968 1817 1015 navibus
1851 969 1898 1016 in
1933 970 2133 1019 Siciliam
2155 1007 2171 1033 ,
2215 974 2399 1024 certiffi-

398 1068 526 1099 mum
560 1066 670 1099 tuuc
710 1059 751 1089 59
790 1052 1148 1117 proscriptorum
1186 1052 1481 1116 profugium,
1517 1051 1784 1116 penetravit.

398 1290 459 1310 nie
488 1277 603 1312 mareis
640 1275 766 1325 cupidi]
818 1276 870 1313 Ita
899 1278 1014 1314 rursus
1043 1277 1187 1325 optime
1220 1275 1369 1314 codices

398 1326 530 1363 Brand.
556 1329 711 1364 Veteres
731 1328 827 1376 typis
848 1328 997 1376 expressi
1011 1356 1020 1371 ‚
1049 1333 1166 1362 Omnes
1188 1341 1299 1363 aute-m
1320 1328 1368 1364 ln.-

398 1377 503 1425 quod
526 1378 695 1425 Pighium
720 1380 757 1415 ὃ(
779 1379 868 1415 alios
902 1376 1085 1416 retinuisse
1109 1379 1237 1415 miror.
1290 1379 1369 1415 Ne—

399 1426 493 1464 cesse
524 1429 682 1465 omnino
715 1428 783 1469 est,
813 1429 1073 1477 disjunetivum
1101 1441 1158 1464 aut
1189 1429 1241 1465 bis
1273 1428 1365 1477 pofi-

398 1487 478 1515 tum
500 1477 591 1521 efi'e;
618 1479 816 1527 quomodo
840 1492 930 1516 mox
953 1480 1154 1516 &alterum
1181 1479 1369 1528 disjuneti-

399 1540 490 1565 vum
513 1532 568 1564 vel
589 1530 640 1566 bis
659 1529 818 1577 positum
841 1531 898 1567 est.
930 1530 1127 1568 VORST.
1153 1531 1258 1578 Lege
1281 1543 1366 1568 cum

399 1580 555 1617 Scliotto
590 1592 634 1616 ex
665 1581 781 1617 veteri
811 1581 966 1617 Codice.
1009 1586 1036 1617 0
1062 1582 1185 1624 nimis,
1221 1583 1259 1618 ἃ
1281 1593 1366 1618 cum

398 1629 548 1667 Vorrlio
577 1642 633 1666 aut
672 1631 718 1667 bi.
748 1632 990 1668 PERIZON.
1036 1636 1125 1672 cAut
1161 1630 1270 1668 habet
1300 1632 1369 1669 Bit.

396 1681 504 1727 prim.
533 1682 570 1718 &
591 1681 720 1727 Ultraj.
742 1683 814 1719 sec.
836 1687 863 1717 Ο
888 1685 989 1717 nimis
1019 1682 1137 1718 nullus
1157 1681 1365 1719 nostrorum

396 1731 504 1767 MSS.
532 1731 637 1768 valde
667 1740 793 1768 tamen
826 1732 916 1768 mihi
937 1733 1066 1779 placet.
1121 1731 1244 1779 Friget
1265 1734 1365 1770 enim

394 1782 571 1819 sententia
587 1809 597 1825 ,
624 1781 647 1818 fi
667 1783 855 1830 vulgatam
877 1782 1078 1820 lectionem
1100 1782 1270 1820 retineas.

450 1845 505 1879 54.
543 1834 750 1882 &Aliquanto
780 1834 952 1881 speciosius
985 1834 1162 1879 sententiis
1191 1834 1368 1869 Saturnini

399 1884 614 1931 Vetullionis]
645 1884 686 1920 In
713 1883 888 1928 Susiano,
925 1882 1189 1920 Wincheliano
1217 1885 1255 1920 ὃς
1284 1883 1368 1920 Pul-

397 1934 630 1976 manniano;
662 1936 870 1983 &eliquanto
887 1935 1062 1983 speciosius
1094 1935 1270 1969 Saturnini
1302 1939 1370 1969 Ve-

398 1986 535 2021 tulonis.
586 1984 771 2021 Corradus
800 1984 913 2032 legit5
959 1986 1171 2033 Aliquanto
1193 1985 1370 2032 speciosius

399 2037 510 2071 Sentii
543 2038 717 2070 Saturnini
741 2037 935 2072 Vetulionis.
964 2035 1034 2072 Sed
1061 2034 1162 2071 idem
1189 2035 1263 2072 hOC
1288 2046 1371 2072 nar-

406 2093 460 2122 rat
480 2086 669 2133 Appianus
688 2085 957 2122 Alexandrinus
978 2086 1023 2122 de
1041 2085 1257 2133 Pomponio
1277 2098 1373 2134 quo-

409 2135 507 2172 dam.
561 2136 687 2172 Locus
717 2136 777 2172 hie
806 2136 904 2173 haud
932 2135 1040 2173 dubie
1072 2137 1370 2173 contaminatiffi-

409 2197 493 2223 mus
514 2186 561 2223 est
575 2215 585 2229 ‚
612 2198 653 2222 ac
674 2187 808 2223 merito
831 2186 1014 2224 notandus
1036 2186 1222 2230 asterisco3
1246 2187 1305 2227 sed
1325 2188 1373 2224 ni-

409 2236 460 2273 hil
489 2237 611 2274 auxilii
639 2238 675 2273 in
706 2237 971 2286 exemplaribus
1005 2238 1064 2275 est.
1089 2238 1231 2274 PIGH.
1272 2240 1376 2277 „Ali-

406 2299 533 2337 ‹Juanto
556 2288 729 2335 speciosius
756 2292 862 2325 Sentii
886 2290 1065 2325 Saturnini
1089 2290 1291 2326 Vetulionis.
1320 2289 1375 2327 Ita

408 2338 607 2386 legendum
639 2340 785 2375 monuit
814 2339 1010 2376 Corradus
1070 2340 1119 2376 Et
1156 2339 1288 2387 probat
1323 2340 1376 2377 le-

412 2389 577 2426 &ionem
610 2401 693 2426 eam
722 2389 879 2436 Pighius.
933 2389 1004 2426 Sed
1035 2391 1072 2426 δε
1091 2389 1295 2427 Parrhasius
1324 2392 1372 2428 ita

411 2440 611 2487 legendum
634 2440 868 2487 conjecerat,
896 2447 935 2476 ut
947 2440 1372 2487 Theoph.Chalcocon-

411 2490 515 2538 dyles
543 2490 699 2527 testatur.
753 2490 993 2538 Antiquiores
1021 2491 1116 2538 typis
1141 2491 1290 2536 expreffi
1309 2492 1374 2529 ha-

411 2541 516 2583 bent,
549 2542 758 2589 „Aliquanto
771 2540 946 2590 speciosius
965 2542 1151 2588 sententiis.
1180 2541 1375 2580 VORST.

414 2592 518 2629 Med.
555 2600 722 2641 uterque.
760 2592 969 2641 Aliquanto
986 2591 1160 2639 speciosius
1188 2594 1377 2630 Saturnini.

416 2643 545 2692 reliqui
586 2643 663 2679 fere
699 2644 878 2689 sentenciis
910 2642 1097 2677 Saturnini.
1158 2641 1227 2678 Sed
1270 2643 1376 2680 Leid.

415 2696 532 2743 quint.
559 2695 669 2729 Samii
682 2694 866 2729 Saturnini.
891 2691 998 2728 Leid.
1015 2699 1132 2739 quart.
1153 2692 1266 2740 quint.
1290 2693 1376 2731 sext.

412 2756 499 2781 cum
521 2744 650 2792 Ultraj.
678 2744 746 2780 sec.
777 2744 952 2780 Vetulonis.
970 2743 1008 2779 δε
1025 2741 1072 2778 fic
1090 2754 1109 2779 a
1129 2754 1241 2779 manu
1260 2744 1377 2791 prima

412 2796 460 2831 est
486 2795 523 2831 in
542 2794 673 2842 Ultraj.
694 2795 804 2842 prim.
829 2792 985 2830 secunda
1004 2793 1162 2830 correxit
1183 2796 1377 2832 Vetulionis.

408 2853 564 2893 uterque
583 2844 684 2881 Barb.
717 2845 916 2880 Vitulionis.
938 2844 1151 2880 Perizonius
1179 2842 1375 2892 adscripsit.

406 2895 517 2932 lss'orte
557 2894 653 2943 apud
689 2895 905 2943 Appianum
942 2893 1142 2941 legendum
1173 2896 1374 2941 Ουέῖέλων,

402 2947 448 2984 de
468 2946 577 2983 Sentio
597 2950 779 2983 Saturnino
809 2945 893 2986 vide
923 2945 1019 2984 Veli.
1045 2945 1092 2985 L.
1121 2957 1176 2985 11.
1205 2955 1263 2995 77.

2264 1131 2270 1137 ’
2308 1135 2397 1182 His

1471 1290 1533 1325 55.
1563 1279 1655 1312 Inter
1671 1274 1865 1324 proscriptos
1886 1286 1999 1308 nomen
2009 1274 2107 1320 suum
2119 1274 2321 1323 propositum
2337 1289 2400 1311 au-

1405 1326 1533 1376 ·diffet]
1560 1327 1629 1364 Bit.
1654 1334 1810 1375 uterque
1832 1323 1935 1361 Med.
1974 1329 2108 1360 Nomen
2132 1328 2232 1373 suum
2256 1326 2398 1376 positum

1419 1377 1499 1414 aud!
1529 1389 1577 1415 et.

1473 1379 1538 1478 sg
1567 1425 1907 1477 Praecedentibusque
1941 1426 1977 1461 in
2011 1423 2141 1461 modum
2177 1427 2396 1464 libiorum&

1419 1481 1649 1528 apparitorum
1675 1477 1878 1527 publicorum
1892 1477 2003 1525 servis
2028 1476 2239 1526 subornatis]
2271 1478 2324 1515 lta
2344 1491 2400 1516 re-

1420 1530 1477 1567 ete
1497 1530 1613 1567 Aldus
1641 1530 1679 1566 &
1701 1528 1878 1565 Chalcoe.
1904 1525 2107 1564 ediderant.
2159 1527 2230 1565 Sed
2249 1529 2397 1577 Pighius

1420 1581 1579 1618 mutavit
1606 1579 1675 1623 fic,
1701 1579 1968 1628 publicorumque
1997 1579 2167 1622 servorum
2186 1577 2395 1625 subornatis.

1419 1631 1511 1669 Suos
1541 1632 1664 1668 servos
1686 1630 1829 1667 Sentius
1856 1628 2069 1666 Saturninus
2097 1628 2134 1664 in
2163 1629 2320 1668 modum
2350 1630 2396 1668 li-

1421 1681 1566 1719 e‘torum
1597 1683 1634 1718 ὃς
1665 1681 1917 1728 apparitorum
1948 1678 2183 1726 publicorum
2220 1680 2397 1719 suborna-

1419 1732 1483 1769 vit.
1515 1731 1704 1769 VORST.
1732 1733 1785 1768 Ut
1799 1731 1937 1772 Aldus,
1958 1729 2007 1765 ita
2025 1729 2162 1765 habent
2182 1730 2398 1780 MSS.C0p.

1420 1782 1490 1820 Bit.
1520 1783 1625 1831 prim.
1655 1781 1757 1818 Med.
1786 1782 1855 1819 sec.
1883 1791 1969 1816 cum
1999 1787 2158 1827 quatuor
2189 1780 2295 1818 Leid.
2329 1783 2392 1821 sed

1421 1833 1527 1870 Harl.
1553 1841 1596 1868 (9¹
1620 1835 1793 1879 servorum
1826 1831 2028 1880 publicorum
2051 1832 2163 1877 servis
2187 1831 2396 1878 subornatis.

1421 1892 1578 1933 uterque
1616 1882 1719 1919 Barb.
1766 1893 1851 1918 cum
1894 1879 1997 1916 Med.
2038 1880 2108 1916 see.
2155 1881 2194 1918 δε
2229 1890 2391 1933 utroque

1421 1934 1554 1983 Ultraj,
1582 1937 1812 1981 &servorum
1837 1931 2039 1981 publicorum
2055 1930 2260 1978 subornatis.
2294 1935 2396 1972 Reli·

1423 1985 1487 2033 qui
1526 1985 1638 2022 etiarn
1678 1983 1850 2020 videntur
1886 1993 1971 2018 cum
2004 1981 2136 2030 Pighio
2175 1984 2393 2024 consentire.

1424 2034 1540 2083 Quafi
1576 2034 1618 2071 fit
1647 2033 1949 2082 praecedentibus
1977 2031 2192 2069 hominibus
2220 2033 2396 2075 suborna-

1424 2087 1468 2123 tis
1485 2086 1523 2122 in
1543 2084 1701 2122 modum
1730 2083 1903 2121 hetorum
1921 2111 1930 2126 ‚
1957 2083 2235 2131 apparitorum,
2263 2086 2302 2122 ἃ
2320 2088 2394 2125 ser-

1426 2147 1563 2173 vorum
1603 2135 1847 2184 publicorum.
1897 2133 2009 2170 Poffit
2046 2141 2174 2170 tamen
2199 2135 2312 2173 etiam
2338 2137 2396 2175 le-

1426 2199 1536 2236 gere,
1564 2195 1609 2222 &
1636 2188 1800 2231 servorum
1825 2183 2028 2234 publicorum
2052 2186 2164 2231 servis
2186 2185 2396 2233 subornatis.

1426 2247 1467 2276 ut
1493 2238 1648 2275 alterum
1669 2238 1781 2284 servis
1803 2264 1813 2279 ‚
1851 2235 1909 2272 vel
1931 2237 2104 2283 servorum
2130 2245 2281 2284 propter
2309 2238 2398 2276 alte-

1426 2300 1508 2326 rum
1537 2288 1649 2325 fuerit
1673 2285 1847 2324 omiffum
1863 2313 1873 2329 ‚
1894 2285 1932 2324 id
1955 2285 2060 2335 quod
2086 2285 2226 2334 saepius
2253 2288 2292 2325 in
2316 2301 2390 2328 no-

1426 2340 1498 2377 stro
1529 2336 1718 2386 contigiffe
1745 2337 1919 2375 vidimus.

1479 2402 1538 2438 57.
1567 2388 1779 2436 Denfiffi'mas
1811 2386 1983 2435 hostilibus
2005 2389 2107 2423 oculis
2131 2387 2282 2426 tenebras
2306 2388 2397 2440 offu-

1423 2439 1493 2490 dit]
1524 2440 1632 2478 MSS.
1658 2451 1801 2476 novem
1823 2450 1909 2475 cum
1920 2439 2018 2475 Ven.
2031 2437 2098 2475 Ed.
2125 2437 2259 2488 effudit.
2284 2442 2394 2481 Leid.

1425 2494 1543 2539 quint.
1577 2489 1740 2540 suffudit.
1803 2491 1922 2541 Caligo
1951 2488 2029 2535 plus
2055 2488 2168 2526 semel
2195 2489 2325 2529 dicitur
2352 2496 2398 2536 ef-

1418 2542 1522 2588 fundi
1557 2541 1654 2588 apud
1684 2541 1867 2578 Curtium.
1920 2539 1995 2577 Hic
2023 2550 2116 2576 vero
2152 2552 2238 2578 cum
2269 2542 2395 2581 dican-

1427 2602 1485 2630 tur
1502 2592 1653 2630 tenebrae
1669 2591 1797 2641 offundi
1818 2590 1941 2634 oculis,
1966 2589 2076 2626 nimis
2093 2589 2179 2628 illud
2200 2595 2391 2640 proprium

1430 2644 1468 2680 δε
1490 2645 1662 2694 frequens
1682 2642 1873 2685 existimo,
1900 2651 2013 2689 quam
2041 2649 2080 2677 ut
2101 2641 2146 2678 de
2165 2643 2241 2690 ejus
2263 2643 2391 2682 166Ηο-

1429 2706 1475 2730 ne
1494 2694 1648 2732 dubitari
1668 2693 1772 2741 poffit
1785 2721 1796 2735 ,
1825 2691 1887 2728 etfi
1905 2691 2115 2739 complures
2138 2693 2245 2731 MSS.
2263 2693 2392 2732 diffen-

1429 2745 1531 2782 tiant.
1586 2744 1692 2781 Idem
1727 2743 1832 2780 Curt.
1865 2742 1912 2778 L.
1936 2754 2023 2780 vri.
2058 2743 2092 2779 6.
2128 2755 2188 2780 22.
2233 2749 2391 2793 Namque

1428 2801 1542 2830 cer-vix
1569 2801 1638 2842 ejus
1661 2797 1748 2839 faxo
1778 2795 1828 2830 ita
1856 2794 1923 2829 ii‘ra
1946 2796 1990 2836 esi
2007 2819 2017 2834 ‚
2056 2804 2093 2829 ut
2122 2795 2222 2829 oculis
2247 2795 2390 2844 caligine

1427 2843 1536 2895 offiasa
1564 2845 1790 2882 collaberetur.
1816 2844 1941 2881 Valer.
1971 2844 2066 2881 Flac.
2096 2845 2140 2881 L.
2166 2857 2224 2882 IV.
2246 2844 2331 2890 482·

1913 2894 1986 2930 binc
2015 2895 2098 2931 mibi
2124 2905 2222 2930 tanta

1473 2946 1606 2994 Pestis,
1635 2955 1679 2985 cv*
1701 2945 1830 3001 effusae
1848 2944 1958 2984 media
1977 2947 2065 2984 inter
2080 2944 2171 2983 dicia
2189 2943 2398 3033 tenebrassb·

2388 3008 2401 3035 r
