2516 3509
408 109 516 164 668
675 102 1075 165 VALERII
1153 95 2144 168 MAXIMIL113.V11.CA1>.V.

412 209 543 256 Nam
576 220 629 255 ut
663 209 876 272 privatim
911 206 1086 270 semper
1120 206 1449 254 continentiam
1480 206 1759 270 probabant,
1793 212 1855 259 ita
1887 211 2072 276 publice
2105 211 2302 259 maxima
2334 227 2415 260 cu-

413 302 459 332 ra
493 287 739 350 splendoris
775 288 929 335 habita
961 286 1038 333 est.
1117 293 1154 312 ¹¹
1195 285 1436 346 roirca
1470 285 1577 333 urbs
1611 303 1707 334 non
1740 291 1871 337 unius
1907 291 2109 339 convivii
2143 306 2416 348 numerum,

411 363 483 411 sed
529 378 675 414 totam
719 366 759 413 se
802 368 850 414 in
896 366 982 414 illis
1025 365 1249 430 pelliculis
1279 365 1467 429 jacuiss‘e
1501 365 1724 427 credens,
1774 368 1987 418 ruborem
2032 370 2156 434 epuli
2190 369 2413 434 suffragiis

406 445 491 494 suis
526 449 791 497 vindicavit.

273 541 296 566 2
473 528 526 574 P.
558 542 711 576 autem
751 537 787 556 ¹²
820 529 979 592 Scipio
1005 526 1201 587 Nafica,
1238 539 1422 590 togatae
1457 528 1689 591 potentiae
1723 526 2012 575 clarissimum
2045 528 2199 576 lumen
2219 564 2234 589 ‚
2298 536 2338 568 ¹3
2377 529 2412 577 is

190 576 368 660 ῗᾳῃιηὲῑῐεῑῗ
409 610 488 672 qui
532 610 689 658 consul
729 610 989 675 jugurthae
1028 609 1201 655 bellum
1248 608 1454 655 indixit:
1510 610 1589 673 qui
1630 616 1670 644 ¹4
1706 622 1896 674 matrem
1933 609 2111 656 Idaeam
2146 626 2170 657 e
2201 612 2414 675 Phrygiis

189 661 386 748 giufggsall.
407 692 581 740 sedibus
627 693 681 739 ad
717 694 883 740 nostras
928 708 1018 738 aras
1062 691 1280 754 focosque
1325 691 1597 755 migrantem
1641 690 1911 738 sanfitiffimis
1954 691 2159 738 manibus
2200 692 2409 755 excepit:

189 805 275 831 Am„
298 797 366 831 urb.
409 775 488 838 qui
524 775 688 821 multas
722 775 771 822 &
808 773 1032 838 pestiferas
1066 772 1303 820 seditiones
1338 772 1619 819 au&01‘itatis
1653 771 1752 818 suae
1794 771 1959 818 robore
2005 771 2259 836 oppressit:
2318 787 2411 835 quo

189 846 353 927 ἕοζιξζζ·
409 855 618 918 principe
653 855 825 902 senatus
860 869 940 917 per
973 853 1148 916 aliquot
1183 869 1322 900 annos
1358 852 1576 917 gloriatus
1611 851 1708 898 est:
1755 867 1862 897 cum
1897 850 2171 898 aedilitatem
2207 851 2413 898 curulem

465 1077 522 1104 11.
549 1065 705 1112 chirra
734 1063 811 1100 urbs
835 1062 963 1112 nostra]
1009 1061 1154 1101 Ordine
1179 1063 1273 1100 haec
1294 1075 1381 1100 con-

414 1117 581 1154 cinniore
602 1116 681 1152 sunt
703 1116 741 1152 in
762 1117 841 1164 jam
865 1114 968 1152 diciis
987 1114 1195 1151 codicibus:
1225 1116 1384 1162 Quocirca

411 1182 475 1203 non
497 1170 594 1203 unius
613 1168 763 1202 convivii
780 1180 948 1201 numerum
963 1193 972 1209 ‚
989 1164 1050 1212 scd
1069 1175 1176 1200 totam
1198 1167 1287 1211 sein
1312 1167 1384 1201 illis

408 1220 573 1266 pellitulis
587 1216 724 1265 jacuisse
742 1216 869 1253 credens
891 1219 1012 1252 civitas
1026 1244 1037 1258 ,
1051 1215 1277 1252 &aPIGH
1300 1218 1386 1264 Qe-

411 1271 494 1304 circa
517 1268 593 1304 urbs
613 1284 677 1304 non
701 1269 800 1304 unius
822 1269 974 1304 convivii
993 1281 1176 1303 numerum.
1209 1267 1261 1304 Ita
1287 1267 1389 1304 Codi-

418 1330 479 1356 ces
509 1319 641 1356 Brand.
671 1321 709 1356 δε
738 1330 880 1356 veteres
910 1319 1007 1367 typis
1035 1318 1184 1366 express]
1209 1318 1391 1355 Chalcoc.

415 1371 455 1407 &
476 1371 586 1407 Mart.
614 1370 768 1417 Herbip.
795 1371 846 1407 At
868 1369 1005 1411 Aldus,
1033 1370 1110 1405 urbs
1128 1372 1248 1415 nostra.
1304 1373 1388 1414 Jam

412 1424 524 1469 nostra
554 1422 659 1469 saepe
682 1421 834 1470 quidem
858 1420 983 1469 adjicit
1006 1420 1149 1464 noster;
1179 1421 1239 1457 sed
1256 1420 1315 1457 hic
1332 1430 1388 1459 ta·

416 1483 507 1509 men
526 1472 615 1508 nihil
633 1484 679 1509 eo
699 1473 746 1509 est
771 1484 874 1521 opus.
925 1472 1072 1520 Pighius
1099 1479 1139 1508 ut
1158 1471 1265 1508 initio
1290 1473 1386 1509 ferre

413 1534 493 1560 non
525 1523 646 1571 potuit
678 1523 775 1559 Urbis
796 1528 940 1572 Romae,
969 1533 1113 1572 proque
1141 1534 1188 1560 eo
1212 1522 1388 1561 substituit

407 1575 526 1624 populi
557 1575 735 1622 Romani,
761 1575 810 1612 ita
841 1575 878 1612 ὅ(
905 1574 966 1611 hic
995 1573 1133 1622 aliquid
1164 1574 1385 1613 mutandum

416 1624 585 1673 putavit,
624 1626 661 1662 ὅ(
680 1637 747 1672 pro
776 1624 853 1661 urbs
883 1625 1002 1674 posuit
1028 1627 1163 1662 civitas.
1216 1625 1277 1662 De
1307 1638 1385 1674 quo

413 1675 505 1725 quid
530 1675 760 1714 sentiendum
794 1675 835 1712 sit
857 1704 867 1720 ‚
913 1688 957 1712 ex
985 1676 1039 1713 his
1067 1687 1164 1724 quae
1190 1676 1297 1713 initio
1326 1677 1387 1714 ha-

414 1738 499 1763 rum
536 1727 724 1763 Notarum
770 1725 865 1763 dieta
909 1727 991 1763 sunt
1014 1754 1024 1770 ‚
1067 1726 1222 1774 intelligi
1258 1727 1387 1774 potest.

413 1777 614 1815 VORST.
644 1779 790 1814 Omnes
811 1778 889 1814 fere
909 1777 1017 1814 MSS.
1044 1776 1279 1814 consentiunt
1299 1789 1385 1815 cuin

416 1827 575 1865 Brandd.
604 1830 727 1863 (invitas
756 1837 855 1864 certe
892 1827 1072 1877 nusquam
1104 1828 1261 1875 reperio.
1316 1829 1387 1866 Sed

415 1882 526 1967 ssosttrda
554 1878 629 1966 §srbs
656 1879 766 1916 exstat
788 1879 826 1916 in
852 1878 956 1916 Barb.
984 1879 1092 1927 prim.
1120 1878 1223 1916 Med.
1250 1878 1320 1915 sec.
1348 1881 1386 1918 ὃς

417 1942 489 1967 „ei
521 1959 527 1966 .
568 1939 640 1966 ext.

469 1994 526 2018 12.
553 1983 660 2029 Scipio
683 1979 829 2029 Nasica]
860 1979 1219 2028 Impudentisfimum
1249 1979 1297 2017 est
1326 1980 1388 2018 hic

417 2031 599 2069 mendum
615 2060 623 2075 ‚
638 2031 712 2068 sive
733 2031 877 2068 authori
899 2030 972 2067 slve
990 2031 1165 2068 codicum
1190 2031 1303 2068 errori
1325 2031 1387 2068 ad-

415 2083 569 2120 scribere
599 2083 785 2119 velimus:
835 2081 938 2131 quod
968 2083 1067 2118 enim
1103 2082 1215 2120 tribus
1248 2081 1387 2120 Naficis

416 2133 656 2171 tribuendum
682 2142 782 2176 erat,
808 2133 867 2169 hic
888 2133 951 2169 uni
970 2133 1151 2170 tribuitur.
1194 2133 1234 2170 P.
1261 2133 1384 2181 Scipio

416 2184 550 2222 Nasica
566 2213 576 2227 ,
591 2185 653 2231 qui
675 2186 838 2221 Matrem
860 2183 1011 2221 Idaeam
1032 2183 1384 2233 aPefinuntePhry-

414 2237 498 2283 giae
519 2235 659 2284 oppido
681 2235 827 2272 allatam
847 2235 1073 2283 susceperat,
1102 2235 1266 2282 optimus
1289 2238 1344 2273 vir
1366 2249 1385 2274 a

414 2289 543 2326 senatu
568 2288 746 2324 Romano
769 2286 975 2334 judicatus,
1008 2285 1091 2323 Cos
1116 2287 1186 2323 fuit
1215 2298 1314 2324 anno
1342 2287 1386 2324 ab

419 2340 472 2376 U.
501 2339 544 2375 C.
568 2339 647 2386 563.
674 2338 736 2385 qui
757 2349 848 2374 vero
871 2337 957 2375 Tib.
979 2337 1190 2374 Gracchum
1215 2339 1387 2387 oppressit

2303 931 2412 978 ado-

1436 1061 1541 1100 xilio.
1591 1062 1887 1100 Confunduntur
1917 1063 2018 1100 enim
2048 1062 2109 1099 hic
2141 1069 2211 1099 tres
2240 1059 2413 1105 Nasicae,

1438 1126 1648 1163 eorumque
1685 1126 1740 1152 res
1777 1114 1990 1161 insigniores
2025 1114 2115 1150 falso
2142 1125 2184 1150 ac
2214 1124 2408 1160 perperam

1438 1165 1500 1202 uni
1523 1165 1782 1202 adscribuntur.
1838 1166 1987 1213 Ignarus
2014 1164 2184 1201 historiae
2212 1163 2411 1211 ludimagi-

1437 1218 1505 1253 ster
1534 1216 1662 1266 aliquis
1692 1217 1792 1253 hunc
1823 1216 1950 1253 locuni
1981 1216 2134 1253 fortaffis
2153 1215 2284 1262 injuria
2312 1222 2411 1251 tem-

1438 1267 1537 1315 poris
1565 1275 1650 1304 ante
1679 1267 1847 1304 luxatum
1881 1267 2066 1315 corrigere
2098 1266 2270 1313 cupiens,
2298 1265 2408 1302 verba

1439 1317 1623 1367 quaedam
1645 1319 1776 1368 quibus
1795 1318 1965 1355 historiae
1985 1317 2305 1360 discernebanturr,
2332 1317 2410 1355 vel-

1439 1378 1480 1406 ut
1509 1369 1632 1406 ociosa
1658 1380 1700 1406 ac
1735 1368 1913 1417 superflua
1938 1366 2105 1405 sustulisse
2133 1367 2301 1408 videtur,
2345 1368 2409 1404 uni

1437 1420 1524 1456 huic
1538 1421 1702 1469 Scipioni
1723 1419 1920 1457 candidato
1938 1420 2067 1457 omnia
2086 1418 2316 1457 attribuenda
2337 1420 2412 1456 exi-

1439 1471 1605 1512 stimans,
1628 1480 1667 1508 ut
1687 1471 1784 1509 forte
1806 1470 2004 1508 mendosus
2022 1470 2126 1509 locus
2148 1482 2192 1507 ex
2215 1478 2313 1517 parte
2327 1470 2409 1517 jam

1438 1533 1525 1570 prae
1553 1523 1588 1559 se
1617 1522 1768 1561 ferebat.
1819 1523 1964 1559 Verum
1996 1534 2075 1559 non
2098 1521 2278 1558 intellexit
2301 1520 2412 1558 Vale-

1439 1574 1533 1610 rium
1558 1586 1637 1611 non
1656 1575 1718 1611 hic
1736 1574 1844 1611 unius
1874 1586 1928 1611 res
1955 1573 2086 1621 gestas,
2117 1572 2176 1609 sed
2197 1573 2309 1610 totius
2333 1573 2410 1620 ejus

1439 1624 1573 1661 domus
1601 1625 1843 1673 praeclariora
1883 1624 2075 1662 stemmata
2107 1623 2316 1668 adducere,
2368 1632 2408 1661 ut
2436 1652 2439 1653 γ

1439 1677 1656 1713 monstraret
1673 1704 1682 1719 ,
1705 1689 1818 1725 quam
1848 1675 1943 1713 bene
1964 1675 2118 1712 meritae
2146 1674 2307 1712 familiae
2331 1673 2407 1711 levi

1439 1726 1484 1762 de
1505 1726 1607 1763 causa
1628 1728 1787 1775 repulsae
1806 1726 1925 1764 labem
1948 1726 2103 1774 populus
2125 1725 2295 1763 intulerit.
2324 1725 2407 1762 Pla·

1439 1787 1526 1824 gam
1566 1776 1692 1815 denuo
1731 1779 1919 1828 (inquies)
1957 1776 2147 1825 aperuisti,
2184 1776 2242 1813 sed
2276 1775 2408 1814 adhibe

1440 1839 1540 1864 nunc
1561 1829 1784 1867 remedium.
1821 1827 1939 1876 Quod
1960 1840 2045 1865 cum
2067 1826 2156 1863 nihil
2172 1828 2306 1874 juvent
2328 1839 2408 1865 ma-

1440 1879 1613 1927 nuscripti
1645 1880 1793 1917 codices
1811 1908 1820 1923 ,
1849 1878 2020 1926 profecto
2052 1877 2198 1914 difficile
2227 1889 2268 1914 ac
2295 1879 2406 1915 mini-

1440 1941 1503 1966 me
1534 1930 1699 1977 praesens
1735 1929 1805 1967 else
1844 1931 1993 1972 fateor;
2040 1927 2104 1965 nisi
2142 1928 2229 1966 illud
2260 1941 2304 1965 ex
2333 1930 2406 1977 ipsa

1437 1980 1623 2018 sumamus
1640 1982 1809 2018 historiae
1832 1982 1994 2018 veritate.
2031 1982 2157 2028 Quam
2180 1981 2303 2027 paucis
2324 1993 2409 2017 ver-

1438 2030 1490 2068 bis
1518 2032 1716 2079 interjectis
1744 2033 1817 2075 ita,
1849 2031 1874 2068 fi
1893 2031 2129 2080 conjecturae
2157 2030 2261 2068 locus
2277 2031 2407 2081 aliquis

1438 2081 1510 2123 est,
1538 2082 1796 2121 restituendam
1824 2082 1978 2120 Valerio
2008 2082 2175 2129 suspicor.
2229 2083 2266 2119 P.
2293 2094 2405 2119 autem

1436 2134 1544 2180 Scipio
1565 2135 1689 2182 Nasica
1710 2145 1844 2185 tegatae
1863 2136 2032 2180 potentiae
2048 2130 2252 2179 clariffimum
2276 2135 2408 2178 lumen,

1434 2195 1532 2232 pater
1559 2190 1630 2225 eius
1657 2186 1717 2234 qui
1741 2187 1850 2233 consul
1881 2184 2077 2234 Jugurtliaee
2106 2183 2228 2220 bellum
2255 2183 2408 2229 indixit,

1437 2238 1572 2285 ejusque
1593 2248 1712 2286 nepos,
1736 2239 1795 2286 qui
1818 2248 1957 2272 matrem
1983 2235 2116 2271 Idaeam
2136 2234 2304 2284 Plirygicis
2317 2235 2410 2282 fidi-

1437 2285 1495 2322 bus
1517 2286 1561 2322 ad
1580 2291 1707 2332 nostras
1728 2301 1804 2323 aras
1818 2289 1971 2336 focosque
1988 2288 2185 2337 migrantem
2207 2285 2410 2333 sam‘b'ffimis

1437 2337 1589 2373 manibus
1617 2340 1764 2386 exiepit3
1794 2340 1822 2373 is
1852 2341 1919 2388 ipse
1943 2339 2002 2387 qui
2032 2339 2156 2373 multas
2177 2345 2222 2372 ω’
2240 2339 2410 2384 pestiferas

419 2401 522 2427 anno
550 2389 635 2426 621.
661 2388 835 2425 sexennio
862 2396 947 2424 ante
974 2388 1059 2425 Cos.
1088 2389 1265 2436 Serapion
1294 2391 1382 2432 fult;
1428 2388 1612 2436 seditiones
1639 2390 1854 2426 aufioritatis
1874 2392 1958 2438 snae
1985 2387 2097 2426 robore
2124 2386 2290 2436 oppreffit,
2317 2394 2409 2433 cujus

423 2440 580 2477 Corculi
601 2439 716 2481 filius,
744 2438 801 2475 sed
822 2439 951 2486 prioris
972 2440 1102 2486 Nepos
1131 2440 1194 2488 qui
1222 2440 1389 2488 Cybelen

422 2491 637 2539 susceperat.
688 2490 863 2538 Denique
889 2489 953 2538 qui
978 2489 1062 2526 Cos.
1089 2490 1286 2538 Jugurthae
1317 2491 1391 2529 bel-

426 2543 505 2581 lum
537 2541 689 2584 indixit,
726 2541 811 2578 Cos.
841 2540 909 2577 fuit
937 2552 1037 2577 anno
1059 2540 1142 2589 643.
1171 2542 1272 2588 cujus
1300 2553 1391 2580 con-

427 2594 560 2632 sulatus
588 2605 606 2630 a
627 2592 794 2640 Cybeleji
821 2590 1010 2628 consulatu
1035 2590 1136 2627 distat
1164 2592 1266 2629 annis
1287 2593 1391 2630 ocio-

427 2646 541 2694 ginta.
594 2643 757 2681 Ultimus
777 2642 886 2690 igitur
903 2642 999 2679 inter
1019 2641 1088 2679 hos
1107 2653 1294 2691 pronepos
1321 2645 1392 2682 fuit

431 2696 551 2745 primi.
583 2694 706 2732 Nostri
734 2701 1075 2736 commentatoreS,
1102 2694 1182 2730 imo
1201 2694 1308 2740 hujus
1330 2707 1391 2732 au-

430 2747 546 2786 thoris
565 2746 742 2789 lec‘iores,
762 2744 851 2782 nihil
868 2743 939 2782 tale
962 2751 1100 2781 curant.
1117 2744 1392 2782 GLAREAN.

484 2811 539 2848 13.
570 2801 602 2833 Is
620 2799 678 2847 qui
694 2797 803 2845 consul
822 2795 1015 2846 Jugurtlme
1040 2794 1161 2830 bellum
1186 2795 1315 2831 indixit
1335 2798 1394 2846 qui

431 2861 570 2885 matrem
595 2849 749 2892 Idaeam,
778 2846 869 2895 cvm]
895 2847 986 2884 Hoc
1016 2845 1104 2883 loco
1130 2845 1257 2894 plagae
1287 2855 1394 2884 vetu-

428 2901 502 2938 stae
522 2899 762 2947 turpissimam
781 2898 950 2935 videmus
968 2897 1175 2934 cicatricem
1194 2896 1396 2935 sciolorum

427 2951 613 2999 imperitia
644 2949 831 2987 induciam
855 2978 864 2993 ‚
910 2960 1022 2998 quarn
1052 2949 1115 2985 vix
1147 2948 1220 2995 ipse
1255 2948 1395 2987 sanaret

425 3002 663 3051 Aesculapius
682 3001 755 3040 fine
782 3002 1022 3052 antiquorum
1043 2999 1310 3048 exemplarium
1332 3012 1394 3039 au-

1437 2451 1536 2488 patre
1565 2442 1710 2489 principe
1740 2443 1880 2489 senatus
1907 2451 1965 2489 per
1993 2441 2125 2487 aliquot
2151 2453 2254 2474 annos
2273 2439 2407 2489 gloria-

1441 2501 1497 2527 tus
1532 2494 1577 2538 est
1599 2519 1609 2535 ,
1650 2500 1723 2529 effe.
1786 2492 1877 2528 Non
1911 2490 2022 2528 video
2052 2501 2123 2537 qua
2154 2490 2310 2526 meliore
2347 2491 2406 2528 via

1439 2541 1608 2579 lediionis
1635 2543 1807 2591 vulgatae
1841 2540 1968 2579 falsitas
1989 2541 2163 2578 declinari
2184 2538 2309 2588 poffet.
2337 2542 2407 2579 Sed

1436 2592 1606 2641 judicent
1624 2593 1748 2632 doeijz
1779 2593 1851 2642 ipse
1872 2591 2026 2642 quidem
2053 2591 2142 2628 nihil
2162 2600 2306 2629 mutare
2333 2592 2408 2630 fine

1443 2652 1614 2681 veterum
1635 2645 1813 2682 librorum
1837 2643 2056 2681 audioritate
2077 2643 2193 2680 volui.
2249 2643 2325 2680 Cur
2344 2655 2407 2680 au-

1443 2702 1521 2732 tem
1549 2696 1753 2733 existimem
1777 2695 1822 2733 de
1849 2695 1889 2731 P.
1917 2694 2048 2732 Nasica
2078 2694 2276 2742 Serapione
2302 2693 2404 2742 loqui

1445 2745 1637 2784 audiorem
1653 2776 1664 2790 ,
1687 2759 1765 2784 non
1793 2757 1931 2794 paucae
1950 2746 2030 2783 sunt
2051 2746 2232 2788 rationes,
2261 2755 2347 2793 quas
2364 2745 2403 2780 in

1445 2797 1651 2836 Annalibus
1678 2798 1805 2836 nostris
1836 2798 1873 2834 in
1897 2798 1974 2847 ejus
1995 2798 2066 2834 hac
2093 2795 2406 2849 aedilitate-latius

1447 2849 1608 2895 exposui.
1659 2849 1741 2895 Jam
1769 2848 1906 2897 reliqua
1928 2848 2112 2898 quaedam
2136 2847 2309 2884 orationis
2325 2856 2408 2881 ver-

1446 2896 1489 2934 ba
1510 2909 1554 2935 ex
1576 2899 1762 2937 codicibus
1782 2901 1916 2947 scriptis
1934 2908 1974 2937 ut
1993 2898 2234 2937 emendemus
2247 2923 2257 2940 ,
2283 2895 2406 2943 legen-

1445 2947 1535 2985 dum
1566 2961 1611 2986 ex
1641 2952 1813 2988 omnium
1842 2950 2123 2999 suffragatione,
2142 2958 2276 2997 togatae
2293 2956 2409 2987 poten-

1444 3000 1516 3038 tiae
1543 3000 1747 3051 clariffimum
1778 3004 1908 3040 lumea.-
1935 3013 2013 3040 non
2041 3009 2080 3040 ut
2108 2998 2242 3047 vulg0;
2268 2997 2406 3035 clarum.

2362 3049 2411 3088 Ei·
