2516 3509
582 100 723 158 DE
847 85 1764 169 SPECTACULls
2066 129 2171 185 ηγ

161 203 369 254 currendi
389 202 589 262 civibus,
621 202 826 263 secutuS‚
859 204 981 267 apud
998 206 1182 254 eandem
1214 225 1333 256 aram
1363 209 1548 273 publice
1586 217 1860 279 nuncupatis·
1884 219 2040 278 votis,.
2065 234 2164 265 cae*

160 284 302 350 iisque
321 287 425 334 atris
451 284 629 343 bubus,
664 284 770 331 Diti
792 286 1012 347 maribus,
1046 287 1221 337 fem-inis
1254 289 1567 354 Proserpinae,
1601 292 1988 362 lectisternioque,
2021 316 2071 346 ac
2091 299 2162 345 lu-

159 365 228 413 dis
264 373 305 403 ⁷⁴
327 365 544 416 trinostio
565 363 690 411 factis
702 398 723 424 ,1
750 382 869 412 aram
889 380 1038 427 terra,v
1062 382 1113 415 ut
1136 382 1236 416 ante
1255 369 1428 428 fuerat,
1463 370 1634 417 obruit.

227 453 270 486 75
291 446 589 511 Religionem
606 443 818 491 ludorum
839 445 1139 494 crescentibus
1163 447 1326 511 opibus
1345 446 1496 495 secuta
1516 450 1689 496 lautitia
1706 450 1783 497 cst.
1820 454 1930 516 Ejus
1949 454 2159 502 instinetu
2177 456 2340 537 Amisi-m

164 526 205 561 ⁷⁶
224 525 300 585 Q
321 525 512 573 Catulus
543 525 819 588 Campanam
848 526 1049 573 imitatus
1081 526 1306 572 luxuriam
1329 559 1346 584 ‚
1389 527 1560 589 primus
1592 526 1888 591 speffiintium
1918 534 2161 580 conseffum
2179 554 2250 584 ως.
2277 550 2357 581 mm.

161 609 202 638 ⁷⁷
223 603 433 650 velorum
453 600 724 648 umbraculis
748 601 879 648 texit.
948 600 987 636 78
1011 600 1098 646 Cn.
1119 601 1366 663 Pompejus
1382 614 1485 647 ante
1506 618 1663 650 omnes
1699 612 1741 644 79
1761 623 1899 670 aquae
1928 624 2007 670 per
2036 610 2162 656 semi-
2178 599 2250 620 '‘¹²‘'
2275 601 2301 621 ¹⁶

2179 636 2261 662 Ann.
2286 632 2350 662 urb.

163 694 229 728 tas
248 680 464 741 decursu,
500 679 716 728 aestivum
740 679 910 726 minuit
936 677 1176 725 fervorem.
1245 677 1287 706 80
1305 678 1362 725 C.
1383 679 1582 728 Pulcher
1600 680 1775 731 scenam
1797 685 2010 733 varietate
2038 688 2163 733 colo-
2181 675 2320 704 (Μῦς
2341 676 2373 705 ¹¹¹

2179 716 2211 743 1..
2230 715 2283 744 Pis.
2301 720 2375 746 Pae-

2181 755 2302 787 dianus.

169 891 426 941 laetitia‚quod
435 891 482 928 est
492 891 602 927 etiam
612 890 649 926 in
662 889 789 926 ceteris
803 883 972 925 Leidens.
986 889 1024 925 δί
1035 896 1140 927 utro-

166 955 241 993 que
265 943 394 991 Ultraj.
421 943 576 977 Lautam
600 951 690 976 vero
708 938 821 974 edidit
841 938 953 975 etiarn
971 938 1087 976 Aldus
1100 941 1139 977 &

167 992 379 1036 Ascenfius,
406 993 444 1028 ὃς
461 990 607 1027 notavit
629 989 825 1026 Oliverius.
878 990 1034 1024 Lantitia
1052 1001 1139 1037 pro-

167 1044 246 1092 prie
266 1043 398 1080 dicitur
417 1040 689 1088 magnificentia
709 1038 874 1075 convivii
891 1040 929 1076 ὃς
943 1038 1138 1087 elegantia,

167 1093 268 1130 unde
297 1093 408 1129 etiam
436 1089 617 1126 munditias
651 1089 807 1126 dicimus
835 1092 1030 1134 lautitiam,
1058 1092 1140 1139 qui-

166 1143 233 1180 bus
262 1143 300 1179 in
320 1141 502 1179 conviviis
520 1142 573 1179 uti
594 1140 864 1178 consueverunt
877 1169 888 1184 ‚
916 1139 936 1178 a
957 1143 1037 1178 lavo
1051 1170 1061 1186 ‚
1090 1144 1140 1178 lo—

167 1203 240 1229 tum
266 1192 323 1230 vel
353 1195 492 1228 laurum.
519 1193 580 1229 hic
600 1191 733 1239 accipit
754 1203 822 1239 pro
856 1191 1138 1239 magnificentia.

169 1244 279 1281 Haec
299 1243 370 1281 ille.
396 1244 458 1280 De
478 1242 732 1280 aedificiorum
746 1242 1023 1289 magnificentia
1039 1245 1145 1282 usur—·

167 1302 231 1344 pat
256 1294 329 1343 ipse
361 1295 407 1331 L.
441 1306 490 1331 ix.
527 1308 555 1331 1.
583 1307 615 1340 4.
651 1295 817 1341 Quoniam
847 1293 1034 1330 inchoatam
1056 1293 1076 1330 a
1101 1298 1139 1344 se

162 1348 337 1382 lautitiam
352 1348 488 1395 posteris
513 1348 695 1395 relinquere
709 1359 829 1394 ‚quam
842 1342 862 1380 ιὶ
882 1345 1061 1393 majoribus
1083 1361 1139 1382 ac-

164 1406 290 1446 ceptam
306 1400 537 1433 continentiam
564 1401 705 1433 retinere
732 1398 931 1433 maluerunt.
959 1396 997 1433 &
1019 1397 1065 1433 L.
1085 1411 1138 1435 1v.

165 1460 201 1494 4.
223 1460 255 1497 3.
282 1446 347 1485 Sed
366 1463 399 1483 eo
419 1449 549 1484 lautior
564 1448 728 1484 Fabricius
741 1445 848 1498 ‚quod
861 1448 1026 1496 patellam
1039 1451 1139 1497 suam

168 1513 280 1535 corneo
297 1497 444 1549 pediculo
461 1501 616 1547 sustineri]
636 1500 756 1534 voluit.

221 1549 280 1595 76.
310 1554 353 1599 Q.
376 1551 518 1586 Catulus
545 1552 747 1598 Campanam
768 1550 918 1585 imitatus
947 1550 1136 1601 luxuriam]

171 1599 293 1648 Quod
321 1599 368 1637 ad
390 1600 593 1637 universam
615 1602 827 1637 Romanam
850 1600 1039 1638 historiam
1058 1604 1142 1640 atti*-

168 1658 236 1688 net
255 1651 316 1688 hic
336 1658 514 1688 annot-are
534 1651 691 1699 placuit,
717 1662 768 1688 ne
786 1649 990 1688 identidem
1022 1665 1064 1691 ea
1082 1666 1140 1691 re-

168 1709 296 1751 petere
317 1700 359 1738 fit
379 1700 522 1745 necesse
536 1713 784 1751 ‚quamquam
807 1701 925 1738 obiter
943 1702 1048 1751 saepe
1067 1716 1140 1742 rur-

168 1753 224 1790 sus
244 1752 377 1790 eadem
397 1752 615 1790 dicerentur.
670 1753 768 1790 Cum
789 1750 808 1789 a
838 1752 946 1800 primi
965 1753 1047 1791 belli
1066 1755 1139 1794 Pu-

167 1803 242 1841 nici
269 1816 368 1842 anno
395 1805 542 1852 primo,
568 1804 681 1854 usque
711 1803 757 1841 ad
786 1804 929 1841 sextum
959 1805 1138 1853 Augusti,

167 1867 248 1904 quo
265 1867 351 1892 cum
374 1855 547 1893 Antonio
568 1856 682 1900 rexit,
709 1866 848 1892 annum
862 1883 872 1899 ‚
892 1855 928 1892 in
949 1857 1138 1896 consulatu

168 1907 349 1945 Romano
364 1907 501 1943 fuerint
522 1907 696 1943 undecim
712 1905 1012 1944 ClaudiiPulchri
1025 1936 1034 1951 ‚
1048 1908 1136 1946 ouo

168 1957 323 2006 quidem
346 1957 459 2007 Appii
487 1958 751 2006 praenomine,
778 1965 849 1994 tres
876 1958 1015 2001 Publii;
1044 1960 1142 1997 item'

165 2014 238 2044 tres
260 2008 409 2052 Catuli,
433 2008 569 2046 eodem
599 2008 805 2057 magistr-atu
820 2037 839 2052 ,.
869 2007 941 2056 (de
962 2009 1078 2048 Fabiis
1097 2023 1141 2048 ac

167 2057 397 2106 Scipionibus
416 2068 527 2097 ante-a
546 2059 734 2109 conquesti
752 2060 896 2108 sumus)
926 2060 1063 2098 mirum
1092 2062 1139 2099 de

169 2119 249 2157 quo
274 2109 512 2155 hicCatulo,
541 2111 586 2147 de
607 2123 684 2159 quo
705 2110 864 2148 Claudio
895 2110 1055 2149 Pulchro
1082 2112 1140 2151 lo-

166 2166 302 2208 quatur
322 2160 450 2198 au<5³cor
463 2189 472 2205 ‚
492 2174 577 2198 cum
598 2152 853 2199 historiae¹hae
874 2161 1025 2199 diverfis-
1040 2171 1140 2202 aeta-

167 2209 263 2246 tibus
282 2209 384 2248 affi'tae
397 2238 407 2253 ‚
434 2211 497 2260 ipsi
518 2213 635 2249 etiam
652 2211 892 2248 diverfissimis
911 2214 1143 2260 temporibus

166 2260 339 2297 vixerint.
389 2261 449 2297 De
480 2262 618 2298 Scauris
645 2262 775 2298 eadem
809 2261 857 2298 est
879 2263 1036 2309 querela.
1088 2265 1141 2302 Di

166 2310 325 2360 perdant
343 2310 524 2348 seelestam
554 2312 652 2348 illam
675 2311 944 2356 ambitionem,
973 2313 1012 2350 &
1033 2313 1140 2361 plane

168 2363 273 2400 Deus
303 2361 471 2409 perdidit.
523 2362 671 2398 Graecis
700 2361 892 2410 objicitur,
918 2363 1022 2411 quod
1052 2376 1141 2413 qua-

164 2413 338 2450 driennio
348 2411 499 2449 victoris
510 2411 721 2461 Olympiaci
733 2424 889 2457 nomen,
899 2419 1090 2463 tamquam
1103 2417 1142 2453 &

168 2464 287 2516 ipsum
308 2461 450 2511 singulis
470 2462 739 2512 Olympiadum
760 2463 870 2500 initiis
886 2464 1119 2512 praefixerint
1131 2480 1143 2504 ε.

168 2516 208 2552 ὃς
232 2515 414 2552 Rom-anis
435 2513 576 2562 singulis
599 2514 700 2551 annis
719 2513 804 2551 bina
820 2514 857 2551 in
887 2515 1075 2554 consul-atu
1097 2529 1140 2555 ac
1158 2532 1170 2545 ⁶

165 2566 313 2603 censura
328 2594 337 2609 ,
364 2573 540 2614 quaterna
559 2565 596 2602 in
616 2572 781 2613 praetura
810 2565 908 2603 laudi
928 2566 1061 2605 scilicet
1076 2567 1140 2606 da-

165 2616 316 2654 bimus?
338 2616 463 2654 Credo
482 2616 645 2653 Hercule
664 2615 810 2666 neipfis
831 2615 984 2666 quidem
1006 2618 1136 2657 aueto-

164 2667 262 2704 ribus
280 2667 423 2715 semper
440 2679 481 2704 ea
499 2675 588 2704 nota
610 2664 712 2707 fuiffe
727 2695 736 2711 ,
762 2666 823 2705 sed
840 2667 888 2704 ob
910 2669 1134 2709 familiarum

162 2718 295 2756 fastum
318 2718 493 2756 omittere
519 2729 597 2755 non
618 2717 730 2755 ausos.
784 2718 888 2756 Nam*
906 2727 989 2758 utut
1008 2720 1136 2759 rheto-

161 2768 324 2806 ricemur
341 2768 648 2806 defensionemve
667 2780 836 2816 paremus
849 2797 859 2814 ,
877 2778 977 2808 tanta
991 2782 1134 2821 cogno—-

164 2819 313 2856 minum-
350 2820 570 2868 negligentia
597 2820 702 2866 culpa
730 2831 808 2858 non
838 2822 990 2860 vacabit.
1061 2824 1132 2862 Sed

161 2867 240 2906 hoc
259 2869 300 2906 fit
317 2869 395 2908 satis
413 2871 473 2908 hic
495 2870 539 2909 de
562 2872 612 2918 Q.
634 2870 767 2909 Catulo
781 2899 791 2914 ‚
814 2872 870 2909 Cl.
889 2872 1068 2918 Pulchro,
1090 2887 1132 2912 ac

163 2918 222 2958 M.
253 2918 399 2958 Sca-uro.
477 2922 806 2959 Commentatores
834 2924 939 2972 saepe
966 2924 1132 2970 addunt,

161 2981 258 3018 quae
285 2970 374 3007 nihil
402 2971 449 3009 ad
476 2984 578 3015 rem3
607 2972 710 3021 saepe
739 2972 862 3011 silent:
891 2975 994 3024 quod
1012 2976 1132 3014 hone-

162 3020 243 3063 stius
263 3020 416 3074 quidem
434 3023 595 3070 faciunt,
608 3036 735 3074 quain
759 3024 916 3065 dicendo
937 3026 1133 3068 infantiam

2065 782 2165 813 l‘Un]

1190 890 1293 928 suam
1316 891 1485 940 prodant.
1513 892 1784 931 GLAREAN.

1242 952 1301 987 77.
1329 945 1489 979 Velorum
1508 943 1724 991 umbraculis]
1754 945 1844 982 HOC
1863 956 1955 991 OpUS
1977 947 2024 992 Q.
2049 947 2166 984 Catu-

1190 989 1236 1034 li,
1265 1003 1352 1029 cum
1385 994 1600 1041 capitolium
1631 993 1835 1039 dedicaret,
1872 1005 1909 1032 ut
1941 995 2056 1033 scribit
2091 999 2161 1034 Pli-

1190 1042 1282 1079 nluS.
1320 1043 1486 1082 Servius:
1514 1050 1618 1081 scena
1641 1044 1703 1082 >ani
1725 1046 1752 1082 «ἓ
1771 1049 1876 1085 σκιᾶς.
1898 1045 1986 1094 apud
2003 1051 2161 1096 antiquo.-

1190 1095 1276 1129 enim
1303 1094 1427 1131 theatri
1448 1098 1544 1143 scena
1574 1099 1731 1145 parietem
1758 1111 1823 1132 non
1849 1096 2008 1132 habehat:
2041 1098 2101 1146 fid
2126 1100 2163 1134 de

1181 1142 1359 1189 frondibus
1377 1143 1573 1184 umbracula
1585 1148 1796 1198 quaerebant.
1825 1148 2017 1185 COLER.
2053 1150 2164 1199 Prop.

1189 1195 1236 1232 L.
1255 1208 1308 1232 1v.
1335 1210 1364 1234 1.
1387 1209 1442 1246 15.

1239 1254 1310 1288 Nec
1321 1253 1456 1302 sinuosa
1475 1268 1555 1289 cavo
1574 1253 1755 1304 pendebant
1773 1257 1851 1291 “vela
1874 1255 1999 1291 theatro
2016 1283 2026 1298 ,

1192 1317 1308 1356 ovid.
1328 1318 1374 1356 L.
1401 1332 1430 1358 1.
1451 1318 1497 1357 de
1520 1320 1611 1357 Arte
1632 1321 1798 1358 Ainandi
1824 1334 1905 1371 103.

1241 1385 1334 1420 Tunc
1353 1398 1456 1433 neque
1473 1399 1651 1421 marmoreo
1667 1384 1850 1435 pendebant
1872 1389 1945 1423 vela
1966 1387 2117 1432 tlieatr05

1290 1439 1366 1470 Nec
1378 1439 1517 1483 fuerant
1538 1435 1665 1487 liquido
1681 1439 1814 1488 pulpita
1838 1437 1936 1474 rubra
1959 1441 2067 1476 Crow.

1192 1499 1343 1538 Lucret.
1360 1500 1406 1538 L.
1428 1514 1481 1539 1v.
1503 1513 1562 1551 73.

1240 1569 1286 1602 Et
1305 1568 1405 1616 ‘volgo
1422 1568 1555 1614 faciunt
1577 1565 1614 1604 id
1631 1569 1722 1603 lutea
1737 1595 1746 1612 ,
1772 1567 1924 1618 russaque
1943 1569 2020 1605 ‘vela
2034 1597 2044 1613 ,

1240 1620 1285 1652 En
1297 1619 1473 1668 ferruginei
1487 1646 1498 1662 ,
1525 1632 1595 1654 cum
1617 1621 1746 1668 magnis
1769 1621 1898 1655 intenta
1920 1620 2061 1656 theatris

1236 1670 1304 1704 Per
1325 1671 1429 1705 malos
1449 1671 1592 1720 volgata
1615 1670 1790 1719 trabesque
1820 1673 1978 1707 nutantia
1991 1674 2133 1719 flutant.

1190 1731 1383 1770 Videndus
1395 1733 1639 1772 &Marcellus
1649 1735 1822 1772 Donatus
1831 1734 1877 1772 ad
1886 1736 1969 1773 Liv.
1983 1736 2028 1774 L.
2041 1749 2166 1776 xxmx.

1194 1795 1226 1829 7.
1254 1783 1354 1820 Vide
1375 1785 1412 1822 δί
1432 1785 1628 1822 Valefium
1654 1785 1701 1824 ad
1719 1786 1913 1824 Ammian.
1946 1787 2098 1826 Marcel.
2120 1790 2167 1826 L.

1191 1846 1269 1871 xxv.
1298 1833 1332 1871 6.
1361 1835 1399 1872 δε
1418 1835 1509 1873 Plin.
1531 1837 1577 1874 L.
1599 1849 1736 1874 xxvm.
1757 1850 1789 1874 2.
1816 1837 1877 1874 De
1907 1837 2167 1885 spectatoribus

1192 1885 1395 1934 Olympiae
1414 1886 1495 1924 solis
1515 1887 1654 1925 fervori
1674 1887 1843 1938 expositis
1864 1888 2008 1927 Aelian.
2033 1891 2167 1928 L.xxv,

1189 1936 1239 1974 V.
1262 1937 1314 1974 H.
1339 1937 1396 1975 18.
1421 1938 1666 1976 PERIZON.

1242 1997 1312 2044 78..
1330 2001 1435 2035 Gneus
1457 1998 1646 2050 Pompejus]
1677 2001 1784 2040 Noto
1810 2002 1884 2040 hoc
1905 2003 1951 2040 de
1972 2004 2170 2054 Pompejo.

1191 2048 1277 2098 quia
1294 2048 1466 2097 scriptum
1487 2051 1570 2088 alibi
1590 2051 1690 2089 haud
1710 2053 1816 2091 facile
1839 2056 2009 2102 reperias.
2062 2057 2167 2094 Hinc

1193 2100 1317 2190 {1}an
1335 2100 1435 2139 Circi
1455 2101 1617 2151 irrigatio
1632 2131 1643 2148 ‚
1671 2103 1716 2141 de
1737 2117 1809 2155 qua
1828 2104 2036 2145 Frontinus.
2066 2107 2098 2144 C
2111 2109 2167 2145 0--

1247 2227 1306 2264 79.
1343 2218 1482 2267 tAquae
1508 2228 1570 2267 per
1587 2220 1726 2269 fimitas
1756 2220 1888 2269 decursio
1917 2225 2079 2271 aestivam
2105 2227 2168 2260 mia

1193 2268 1269 2301 nuit
1291 2267 1448 2316 calorem]
1478 2269 1613 2318 Aquae
1639 2282 1705 2318 per
1733 2270 1861 2308 fistulas
1887 2282 1949 2310 aut
1971 2274 2099 2318 tubos,
2127 2277 2162 2311 in

1195 2315 1333 2353 circum
1354 2344 1364 2360 ,
1401 2318 1542 2356 theatra
1566 2347 1577 2364 ,
1615 2320 1757 2370 aliaque
1795 2321 1876 2360 loca
1911 2324 2167 2362 immittebam

1192 2371 1261 2403 tur.
1343 2367 1474 2406 Statius
1505 2369 1590 2408 Sllv.
1626 2383 1657 2409 1.
1685 2371 1824 2419 Emiffizs
1851 2384 1912 2422 per
1938 2377 2052 2412 cunc‘Ya
2076 2376 2163 2411 cubi„

1191 2417 1241 2452 lia
1261 2419 1422 2467 lymphas.
1450 2420 1679 2459 Dicebantur
1691 2431 1816 2460 autem
1836 2423 2033 2463 istiusmodi
2052 2438 2162 2474 aqu-a-

1191 2478 1274 2505 rum
1303 2469 1615 2517 reciprocationes
1645 2474 1773 2522 Euripi.

1189 2518 1294 2556 Misc.
1310 2520 1344 2557 6.
1371 2521 1572 2560 VORST.

1237 2569 1297 2607 80.
1325 2570 1486 2609 Claudias
1504 2574 1648 2611 Pulcher
1653 2577 1804 2623 scaenam
1824 2576 2004 2625 varietate]
2038 2577 2078 2613 ln
2101 2578 2155 2614 A-

1186 2620 1405 2667 trebatenfi,
1433 2624 1689 2663 Gemblacenfi
1720 2628 1757 2664 δε
1790 2627 1960 2670 Sullano,
1997 2630 2046 2663 Cl.
2067 2629 2146 2663 Pul—

1184 2670 1279 2717 cher,
1306 2673 1345 2710 in
1364 2674 1563 2723 Campenfi
1583 2680 1621 2714 C.
1643 2678 1787 2713 Pulcher.
1839 2677 1963 2714 Recte.
2000 2677 2158 2716 Patruus>

1187 2722 1288 2760 enim
1311 2725 1381 2762 fuit
1400 2725 1440 2763 P.
1461 2726 1585 2764 Clodii
1598 2756 1607 2771 ‚
1626 2727 1671 2764 de
1688 2729 1788 2775 cujus
1809 2727 2029 2765 ornatissima
2051 2730 2151 2766 aedi—

1183 2772 1286 2811 litate
1306 2775 1392 2813 vide
1409 2788 1506 2826 quae
1526 2789 1593 2815 nos
1603 2779 1640 2815 in
1664 2777 1934 2825 magistratuum
1955 2779 2152 2817 annalibus.

1185 2823 1235 2861 Et
1252 2825 1335 2863 sane
1355 2826 1430 2864 duo
1453 2828 1602 2865 fuerunt
1623 2828 1748 2864 fratres
1767 2827 1911 2865 Claudii
1930 2828 2074 2866 Pulchri
2095 2830 2150 2867 lu-

1185 2874 1322 2914 dorum
1354 2879 1626 2926 magnificentia
1647 2877 1759 2916 ambo
1779 2878 1958 2922 celebres,
1985 2892 2148 2928 quorum

1185 2927 1358 2965 meminit
1375 2929 1510 2966 Cicero
1530 2929 1637 2966 Offic.
1658 2941 1702 2965 11.
1732 2930 1769 2966 Sc
1791 2929 1836 2966 de
1855 2930 2070 2976 Aruspicum
2095 2943 2151 2968 re-

1181 2976 1283 3024 spon.
1308 2979 1449 3018 PIGH.
1501 2979 1599 3016 Vide
1621 2979 1700 3017 Cic.
1720 2980 1765 3017 L.
1788 2992 1839 3017 1v.
1869 2981 1905 3016 in
1925 2980 2027 3016 Verr.
2051 2981 2093 3018 C.
2117 2994 2149 3030 3,

1186 3038 1244 3077 34.
1267 3041 1324 3079 59.
1351 3030 1594 3071 PERIZON.
1630 3030 1733 3069 Harl.
1753 3029 1911 3067 Claudius
1924 3033 2043 3067 Lucius
2067 3033 2157 3068 Pul*

1727 3081 1760 3117 V
1793 3092 1809 3130 3
2075 3082 2155 3122 ςλεν,

2181 801 2262 827 Ann.
2287 797 2354 830 urb.

2182 844 2242 876 654
2267 840 2346 871 Plin.

2181 890 2274 916 xxxv,
2294 894 2323 918 ⁴.-

1851 2475 1950 2513 Vide
1984 2476 2089 2513 Brod.
2121 2488 2156 2513 v.
2182 2493 2188 2497 ’
