2516 3509
627 86 768 172 DE
888 116 1650 183 M1RACUL1s
2062 155 2131 211 Ἠ

128 231 253 282 tum,
288 218 422 268 verba
441 218 705 267 mortalium
731 219 914 267 coelesti
935 217 1152 284 obsequio
1172 225 1506 289 comprobavit.
1579 236 1619 264 ¹⁷
1643 231 1878 297 Siquidem
1901 237 1937 286 is
1956 227 2132 305 anguis,

125 318 263 365 quem
294 299 530 364 Epidaurii
552 316 677 361 raro,
712 299 785 348 scd
802 317 1033 365 nunquam
1055 299 1147 347 fine
1169 319 1338 367 magno
1368 303 1571 368 ipsorum
1597 305 1723 354 bono
1753 310 1926 373 visum,
1961 316 2129 364 inmo-

123 382 233 429 dum
258 380 513 444 Aesculapii
534 382 731 428 venerati
750 380 959 442 fuerunt,
994 399 1075 446 per
1094 382 1216 430 urbis
1245 383 1556 431 celeberrimas
1590 396 1739 446 partes
1767 389 1955 439 mitibus
1987 395 2132 443 oculis

125 465 175 512 &
214 461 255 492 ¹⁸
278 465 366 510 leni
385 462 533 511 transtu
552 463 641 510 labi
662 465 843 529 coepit,
873 464 1118 529 triduoque
1136 466 1255 512 inter
1276 464 1530 528 religiosam
1554 463 1764 509 omnium
1783 465 2130 522 admirationem

121 541 413 606 conspeetus‚
454 548 491 577 ¹9
513 541 633 588 haud
651 542 834 589 dubiam
856 559 961 607 prae
983 542 1024 589 se
1047 543 1274 606 appetitae
1291 542 1492 587 clarioris
1512 539 1622 586 sedis
1657 540 1933 591 alacritatem
1960 549 2130 616 ferens,

119 626 175 672 ad
196 628 427 675 triremem
449 631 710 675 Romanam
735 629 959 692 perrexit:
983 618 1342 690 paventibusque
1359 624 1575 671 inusitato
1597 623 1854 689 spefitaculo
1881 633 2026 678 nautis
2041 668 2056 692 ,
2076 652 2131 683 co

121 706 411 768 conscendit,
431 707 510 754 ubi
551 714 595 734 20
616 707 898 771 QOgulnii
923 705 1059 770 legati
1080 703 1425 751 tabernaculum
1445 716 1563 763 erat,
1603 709 1642 730 2¹
1668 703 1807 767 inque
1828 707 2135 771 multiplicem.

124 791 308 850 orbem,
346 808 425 854 per
456 790 672 837 summam
704 790 905 852 quietem
934 787 998 833 est
1027 785 1320 833 convolutus.
1398 786 1529 831 Tum
1559 785 1697 848 legati
1721 819 1736 844 ,
1780 787 1968 849 perinde
1997 803 2134 854 atque

121 879 362 929 exoptatae
381 868 443 914 rei
465 878 703 928 compotes
717 900 732 924 ‚
768 865 953 927 expleta
967 865 1217 925 gratiarum
1237 862 1440 921 aditione,
1480 870 1517 889 2²
1546 864 1767 925 cultuque
1786 868 1944 930 anguis
1968 868 1992 914 a
2012 873 2132 933 peri-

66 977 71 979 >
123 944 178 990 tis
201 957 420 1008 accepto,
455 943 558 989 laeti
580 943 684 988 inde
704 942 945 987 solverunt.
1016 938 1089 983 Ac
1113 937 1372 1001 prosperam
1389 940 1558 986 emensi
1580 942 1917 1004 navigationem
1943 954 1983 982 23
2007 950 2132 1011 post-

116 1040 252 1087 quam
274 1022 466 1068 Antium
491 1020 792 1083 appulerunt,
828 1016 1013 1082 anguiS,
1050 1016 1129 1080 qui
1147 1016 1319 1080 ubique
1356 1018 1405 1063 in
1436 1019 1624 1084 navigio
1654 1021 1946 1084 remanserat,
1982 1028 2130 1090 prola-
2168 1052 2170 1054 v

115 1099 217 1165 psus
237 1105 281 1135 ²4
299 1099 346 1143 in
368 1096 589 1144 vestibulo
609 1098 727 1145 aedis
749 1097 1034 1162 Aesculapii,
1060 1104 1101 1134 ‘²5
1133 1109 1287 1160 myrto
1307 1097 1620 1163 frequentibus
1639 1101 1772 1147 ramis
1792 1101 1976 1150 diffusae
2008 1106 2046 1132 ²⁶
2064 1106 2134 1153 su-

114 1177 511 1242 perimminentem
532 1177 728 1224 excelsae
750 1176 1077 1241 magnitudinis
1089 1176 1286 1240 palmam
1307 1178 1612 1225 circumdedit
1629 1195 1823 1244 :perque
1845 1194 1931 1228 tres
1943 1183 2033 1231 dies
2045 1202 2131 1249 po·-

115 1255 234 1316 fitis,
269 1257 433 1322 quibus
454 1255 570 1304 vesci
590 1255 785 1314 solebat,
811 1272 914 1327 ⁴non
936 1254 1026 1301 fine
1050 1271 1218 1319 magno
1240 1268 1368 1302 metu
1388 1257 1674 1321 legatorum,
1709 1266 1751 1293 2⁷
1775 1276 1830 1306 ne
1852 1261 1958 1308 inde
1979 1264 2025 1310 in
2049 1267 2130 1312 tri-

111 1352 281 1384 remem
302 1337 466 1384 reverti
488 1334 630 1382 nollet
644 1369 659 1394 ‚
697 1332 926 1380 Antiensis
947 1331 1108 1396 templi
1131 1331 1332 1396 hospitio
1355 1333 1483 1392 usus,
1524 1334 1565 1362 ²8
1584 1335 1686 1382 urbi
1720 1335 1766 1381 se
1793 1337 1967 1384 nostrae
1996 1340 2130 1387 adve-

110 1417 312 1466 hendum
342 1417 563 1477 restituit,
599 1429 734 1480 atque
760 1415 810 1462 in
838 1416 984 1479 ripam
1005 1414 1189 1463 Tiberis
1215 1413 1607 1480 egressislegatis,
1654 1420 1698 1450 29
1717 1415 1767 1461 in
1796 1415 2011 1479 insulam,
2047 1421 2127 1468 ubi

878 1512 881 1513 ’
2011 1517 2129 1554 tem-

110 1646 238 1684 Heins.
258 1654 414 1696 uterque
433 1645 582 1696 Ogolini.
608 1647 715 1685 Leid.
738 1649 825 1687 sext.
844 1649 883 1686 δε
900 1649 986 1698 sept.
1017 1648 1089 1686 Sed

108 1698 147 1736 in
178 1708 291 1745 marg.
321 1701 362 1734 C.
384 1699 542 1747 Ogulini.
575 1700 774 1747 quomodo
804 1700 908 1737 Vett.
927 1700 1020 1738 Edd.
1050 1702 1088 1737 δε

112 1748 215 1785 Barb.
235 1749 302 1785 sec.
321 1749 497 1797 Teoguliui
516 1749 623 1786 Leid.
643 1750 710 1787 sec.
734 1750 836 1789 Toll.
859 1753 980 1800 Qinci
1000 1757 1090 1801 Ogu-

104 1801 170 1836 lim‘
188 1799 304 1837 Periz.
332 1800 473 1849 Qintii
491 1800 637 1852 Burgoni
650 1830 661 1845 ,
683 1802 815 1852 Ultraj.
833 1802 940 1850 prim.

153 1869 213 1893 21.
249 1859 356 1907 Inque
383 1857 599 1906 multiplisem
626 1857 755 1906 orbem]
797 1862 839 1895 In
868 1860 1083 1909 multiplicem

105 1906 239 1956 Copes.
279 1911 316 1943 In
346 1922 410 1958 qno
438 1907 546 1946 Leid.
573 1908 641 1946 sec.
671 1913 775 1959 Inque
798 1913 1087 1958 permultiplicem,

111 1958 238 1995 Heins.
256 1960 364 2008 prim.
394 1957 584 1996 obvolutus
612 1968 767 2010 uterque
787 1962 912 1999 Heins.
935 1962 1087 2000 &Bai-b.

109 2008 268 2053 Dubito,
281 2022 326 2047 an
337 2021 416 2047 non
426 2010 572 2048 Auctor
583 2010 746 2056 dederit,
760 2016 799 2049 In
809 2014 917 2063 quoin
928 2015 1092 2062 multipli-

107 2072 173 2095 cem
185 2059 289 2095 orbem
301 2069 373 2098 avc.
386 2064 429 2104 est
439 2064 646 2104 con-volutus,
657 2062 727 2101 scil.
738 2064 963 2102 tabernaculo.
974 2064 1092 2102 Klok-

106 2110 188 2148 kius
217 2110 369 2158 legebat.
422 2113 694 2163 Paw‘entibusque
716 2116 891 2161 invisitato
903 2116 1090 2166 speHaculo

104 2162 243 2203 nautis,
269 2175 304 2196 eo
323 2161 463 2210 effendit
476 2189 487 2206 ‚
514 2164 570 2200 ubi
602 2166 647 2214 Q
666 2168 807 2216 Ogulnii
825 2175 901 2204 (tc.
924 2170 969 2216 est·
990 2167 1087 2204 ob-ror

102 2214 207 2248 tutus.

153 2287 212 2312 22.
232 2276 401 2324 Cultaque
418 2279 538 2325 anguis
558 2279 580 2313 ιὶ
599 2280 718 2325 peritis
735 2278 880 2328 accepto]
910 2280 947 2316 A
961 2281 1085 2326 peritis

101 2326 174 2365 scil.
197 2328 304 2362 cultus
323 2331 416 2368 eiuss
444 2327 482 2363 id
501 2327 605 2375 quod
625 2329 755 2364 diserte
783 2328 869 2364 addi
886 2329 975 2364 nihil
1003 2331 1086 2366 atti—

108 2377 231 2415 nebat.
260 2377 405 2425 Quibus
424 2377 541 2414 verbis
560 2378 662 2425 supra
680 2378 719 2414 in
739 2388 816 2425 cap.
831 2391 861 2415 1.
879 2378 1082 2417 lefflonem

103 2428 294 2477 vulgatam
328 2431 378 2462 Ne
406 2430 506 2464 Deae
535 2431 674 2475 vetustis
701 2428 821 2463 ritibus
838 2431 949 2478 perita
968 2428 1083 2477 deeffit

93 2478 246 2528 sacerdos
266 2485 393 2516 contra
412 2479 581 2527 Pighium
614 2478 858 2517 defendimus.
885 2480 1082 2520 VORST.

104 2530 200 2568 Edd.
219 2538 304 2567 ante
324 2529 496 2577 Pighium
526 2532 694 2576 Cultaque
710 2531 832 2579 anguis
852 2529 873 2566 ἂ
891 2533 1008 2576 peritis
1024 2547 1081 2568 ex-

100 2592 189 2629 cepto
203 2599 213 2624 3
225 2580 329 2631 quod
342 2580 453 2617 video
472 2580 683 2618 confirmari
704 2579 960 2630 duodeviginti
974 2583 1081 2622 MSS.

101 2643 228 2679 accepto
257 2639 384 2668 tamen
411 2632 449 2669 in
476 2631 585 2670 Leid.
610 2632 697 2681 sept.
725 2631 959 2680 correffltum‚
987 2633 1082 2672 clare

104 2683 216 2721 exstat
235 2683 269 2719 in
288 2682 547 2720 Perizoniano.

149 2760 211 2799 23.
246 2752 426 2798 Postquam
462 2751 622 2790 Antium
656 2749 881 2800 appulerunt]
920 2752 1080 2791 Antium

101 2808 230 2847 portus
247 2800 297 2837 est
318 2800 445 2838 Italiae
457 2829 466 2843 ‚
488 2802 551 2849 qui
570 2801 640 2838 iter
659 2802 737 2838 fere
759 2801 831 2839 diei
847 2804 891 2841 ab
909 2803 998 2842 urbe
1017 2804 1080 2842 ab·

101 2849 162 2888 est.
188 2850 383 2889 VORST.
437 2852 619 2889 Nonnulli
642 2852 751 2889 codd.
771 2854 939 2893 Ansam.

146 2927 206 2960 24.
234 2917 271 2951 In
294 2916 455 2960 vestibulo
479 2917 583 2963 aedis.>
599 2918 823 2968 estessulapii]
854 2921 1075 2959 Notandum

98 2966 204 3016 quod
227 2966 342 3003 Ovid.
362 2967 408 3004 L.
427 2981 486 3006 xv.
515 2966 674 3007 Metam.
695 2982 731 3008 v.
752 2981 836 3018 721.
856 2970 1076 3025 dicit-Apol-

97 3018 179 3055 linis
199 3016 380 3066 templum
401 3018 519 3068 ipsum
539 3018 673 3060 adiisse.

1193 1650 1325 1698 Perque
1335 1646 1432 1694 finus
1450 1645 1575 1683 crebros
1596 1649 1643 1682 θ’
1660 1659 1786 1699 magna
1814 1648 1988 1686 volumina
2016 1651 2131 1691 labens

1195 1702 1332 1749 Templa
1347 1700 1500 1748 parentis
1520 1699 1587 1735 init
1598 1701 1735 1747 flavum
1754 1701 1932 1754 tatgentia
1949 1703 2066 1744 littus.

1141 1777 1387 1816 PERIZON.

1190 1857 1251 1893 25.
1278 1849 1404 1895 Myrto
1417 1844 1650 1896 frequentibus
1669 1847 1772 1882 ramis
1790 1843 1953 1896 diffisfhe]
1987 1847 2041 1886 Ita
2062 1849 2126 1887 Ci-

1141 1906 1229 1934 cero
1256 1895 1278 1933 l.
1307 1910 1336 1935 Ι.
1366 1897 1411 1934 de
1440 1898 1547 1935 Orat.
1583 1895 1722 1947 Diffusa
1742 1911 1845 1934 ramts
1863 1900 1992 1945 patulis
2009 1903 2126 1947 plata-

1140 1962 1214 1985 nus.
1268 1948 1317 1985 Et
1344 1948 1479 1986 Plinius
1505 1949 1566 1985 lib.
1585 1960 1629 1985 xi
1641 1961 1669 1985 1.
1701 1959 1731 1985 c,
1762 1961 1818 1997 51.
1846 1951 1922 1997 Ipsa
1943 1952 2125 2000 fisemper

1133 2001 1248 2046 serem
1272 1998 1409 2046 (ficus)
1437 2002 1542 2040 ‘vallis
1559 1997 1766 2048 dffunditur
1784 2002 1900 2037 ramis.
1925 2001 2126 2040 VORST.

1171 2071 1173 2073 ·
1192 2049 1252 2087 26.
1273 2048 1583 2099 supereminentem]
1601 2051 1709 2098 Lego
1730 2062 1775 2087 ex
1797 2049 1933 2088 eodem
1955 2053 2124 2101 optimae

1139 2108 1254 2138 notae
1272 2100 1387 2139 libro:
1410 2103 1736 2152 Superimminentem
1754 2101 1901 2149 excelfite
1918 2104 2124 2154 magnitudi-

1139 2154 1193 2187 nis
1209 2154 1371 2201 palmam.
1391 2152 1563 2190 arborem
1586 2151 1755 2190 diffusam
1776 2153 1815 2189 ὃς
1839 2152 1948 2189 altam
1973 2154 2121 2203 elegan-

1137 2209 1195 2240 ter
1216 2212 1329 2241 vocat
1354 2205 1499 2252 excelfize
1526 2201 1780 2254 magnitudinis.
1812 2202 2006 2242 COLER.
2060 2210 2124 2242 Su-

1133 2256 1388 2300 pereminentem
1406 2256 1551 2300 excelsae
1568 2253 1813 2303 magnitudinis
1829 2256 1990 2301 palmam.
2011 2257 2126 2295 Uter-

1139 2313 1213 2350 que
1235 2303 1356 2339 codex
1375 2302 1506 2340 Brand.
1534 2306 1880 2350 superimminentem.
1915 2306 1999 2343 Nec
2017 2307 2121 2345 aliter

1139 2351 1261 2388 codex
1279 2352 1519 2398 P.Danielis,
1545 2353 1634 2391 teste
1652 2353 1805 2391 Colero.
1833 2355 2030 2396 VORST.
2057 2364 2119 2394 su-

1132 2404 1442 2451 perimminentem,
1480 2403 1768 2453 quatuordecim
1797 2404 1973 2444 habente
1992 2408 2118 2446 nostrls

1137 2453 1250 2490 etiam
1263 2453 1387 2491 Codd.
1406 2456 1445 2492 δε
1465 2454 1573 2492 unice
1593 2467 1722 2492 veram
1742 2462 1834 2504 puto
1854 2457 1950 2494 hanc
1966 2459 2114 2506 scriptu-

1134 2515 1226 2541 ram.
1279 2505 1446 2542 Vorstius
1466 2504 1646 2542 Colerum
1676 2505 1819 2544 secutus
1845 2506 1946 2545 dedit
1969 2510 2114 2555 ωτι-εἰμι

1134 2554 1378 2605 magnitudinis
1392 2584 1403 2598 ,
1430 2555 1535 2609 quod
1554 2557 1709 2594 invenio
1730 2558 1767 2595 in
1790 2559 1954 2605 margine
1975 2558 2111 2594 Ed.Pi-

1134 2605 1303 2653 ghianae.
1337 2606 1398 2651 sed
1417 2607 1632 2645 vetustiores
1650 2620 1783 2646 omnes
1812 2609 1981 2645 exhibent
2006 2609 2114 2643 excel-

1129 2662 1190 2704 sae
1210 2657 1418 2695 altitudinis.
1445 2658 1484 2696 ὃ(
1514 2657 1564 2696 fic
1594 2660 1714 2709 major
1743 2671 1821 2709 pars
1841 2659 1946 2696 MSS.
1974 2658 2111 2698 deinde

1133 2707 1237 2746 Barb.
1256 2709 1325 2747 sec.
1348 2709 1464 2758 pofitis
1480 2709 1581 2754 cibis,
1607 2710 1741 2760 quibus.

1180 2777 1241 2812 27.
1270 2771 1329 2801 Ne
1345 2768 1382 2803 in
1399 2769 1565 2803 triremem
1581 2769 1707 2803 reverti
1724 2763 1844 2812 vellet]
1874 2764 1955 2802 MS.
1985 2767 2039 2801 Ne
2056 2766 2111 2803 in.

1130 2817 1171 2854 de
1188 2818 1234 2853 in.
1260 2817 1504 2856 PERIZON.
1557 2817 1615 2854 Sic
1634 2828 1784 2866 quoque
1804 2814 1872 2852 Ed.
1892 2816 1999 2864 Mog.
2018 2828 2106 2855 cum

1130 2867 1291 2906 sedecim
1327 2869 1435 2907 MSS.
1471 2870 1510 2907 ὃς
1536 2866 1581 2906 ab
1614 2866 1782 2905 Au6³tore
1808 2865 1954 2904 videtur
1978 2869 2106 2915 profe-

1132 2918 1245 2956 etum.

1178 2970 1239 3007 28.
1274 2969 1351 3008 Urbi
1368 2970 1410 3017 se
1436 2973 1563 3017 nostrae
1587 2968 1814 3009 advehendum
1841 2965 2004 3014 restituit]
2045 2966 2107 3005 Slc

1129 3020 1312 3070 rescripsi,
1339 3033 1427 3062 cum
1442 3022 1482 3062 in
1501 3021 1679 3073 plerisque
1695 3020 1780 3060 edd,
1806 3018 1984 3068 disjunc‘te
2001 3017 2107 3109 ἓξὲξ-τ
