2387 3421
259 91 362 144 DE
407 74 757 145 VALERIO
795 64 1139 125 MAXIMO
1179 54 1694 118 TESTIMONIA
1726 58 1829 113 ET
1870 58 2213 131 JUDICIA.

120 208 271 255 nitatis
292 200 544 252 scribendae
564 205 776 255 capacem
802 182 1034 231 autfi'torem
1057 215 1072 240 ‚
1124 182 1172 229 &
1207 181 1395 243 poetam
1431 177 1620 226 omnino
1651 173 1782 241 supra
1813 189 2001 240 captum
2032 178 2187 225 aetatis
2220 174 2333 223 [ωε.

119 273 201 318 Est
222 285 371 317 autem
395 276 555 325 magna
575 254 805 304 accuratio
828 248 1001 298 Valerii
1023 250 1071 294 in
1096 246 1281 301 multi83
1321 257 1371 290 ut
1396 244 1540 290 multa
1563 241 1722 288 melius
1750 256 1899 288 narrat
1924 241 2026 304 ipfis
2047 241 2335 298 au&oribus‚

118 336 236 380 unde
259 332 416 386 sumit,
450 325 610 372 additis
633 321 931 386 plerumque,
975 312 1211 376 praeclaris
1236 310 1435 355 monitis
1503 307 1756 353 Librorum
1791 305 1989 369 ipsorum
2023 306 2236 353 notabilis
2270 304 2334 350 est

118 400 252 443 etiam
284 392 548 455 aequalitas,
583 385 738 451 paucis
752 383 873 430 enim
898 377 1082 444 pagellis
1102 377 1211 422 alius
1223 374 1360 421 alium
1383 371 1581 418 excedit.
1648 370 1866 428 Qatuor
1888 371 2024 433 primi
2047 370 2201 417 eadem
2222 387 2335 416 con-

115 463 228 507 flant
259 457 472 503 mensura.
541 452 747 512 Qintus
772 445 953 510 paulum
975 442 1212 506 prolixior.
1283 440 1447 484 Sextus
1475 435 1691 481 consonat
1713 450 1909 498 quatuor
1945 436 2115 497 primis.
2180 435 2333 497 Septi-

112 541 211 570 mus
250 522 433 568 brevior
464 517 528 564 est
552 518 619 562 his
641 514 880 566 omnibus,
916 508 1132 555 nimirum
1157 517 1210 551 ut
1243 505 1340 560 eius
1372 498 1553 546 defe&u
1586 498 1825 561 prolixitas
1857 501 2008 563 quinti
2041 501 2088 546 in
2127 499 2334 546 ordinem

116 602 374 634 ceterorum
403 584 568 632 veniat.
621 578 825 627 Oblavus
856 575 903 620 ὃς
936 587 1081 619 nonus
1117 566 1372 616 tenuissimo
1409 563 1550 609 modo
1585 563 1815 624 longiores
1849 563 1950 610 sunt
1975 565 2148 629 primis.
2218 564 2333 621 Qio

107 652 243 715 pasto
264 652 397 708 licet,
434 649 570 694 etiam
595 643 762 690 multos
785 640 894 686 alios
916 640 1155 683 Romanos
1190 629 1481 692 Graecosque
1516 628 1774 689 Scriptores
1807 629 1975 674 metiri.
2043 631 2179 677 Pauci
2211 630 2331 675 enim

110 733 205 764 noan
228 716 520 763 observarunt
545 709 680 758 talem
703 706 894 768 aliquam
915 699 1249 762 aequalitatem.

763 821 827 875 In
863 819 1105 890 Margine
1135 827 1313 869 notata
1336 824 1478 865 erant
1511 810 1653 863 haec.

112 960 355 1071 Equidem
375 960 453 1003 vix
474 952 713 1001 crediderim
737 949 954 994 Valerium
983 947 1025 990 in
1052 947 1187 989 animo
1216 939 1403 999 'habuiffi’
1436 938 1544 983 hanc
1580 938 1878 997 aequalitatem
1903 936 2145 981 Librorum.
2213 936 2334 981 Faci-

196 1028 274 1069 lius
287 1022 558 1084 perfimdeor,
593 1018 662 1078 qui
686 1029 786 1060 nunc
810 1011 865 1070 est
883 1012 1102 1066 Valerius,
1142 1007 1383 1066 Epitomam
1404 1004 1477 1065 cffi’
1497 1020 1522 1048 a
1536 1002 1661 1063 Julio
1682 1002 1837 1047 Paride
1857 1003 2121 1062 compilatam
2146 1033 2160 1059 ‚
2207 1011 2335 1061 atque

110 1090 206 1134 adeo
238 1105 288 1134 ex
315 1088 401 1149 ejus
434 1084 593 1133 cerebro
612 1078 844 1140 provemffe
877 1076 954 1120 has
979 1074 1178 1119 librorum
1189 1069 1400 1132 seffliones.

458 1201 624 1276 Janus
651 1189 1003 1248 Broukhufius
1031 1189 1098 1243 ad
1130 1187 1258 1241 Tib.
1301 1185 1415 1239 Lib:
1447 1183 1488 1236 1.
1534 1183 1682 1257 Eleg.
1705 1201 1749 1256 3.
1798 1201 1846 1238 v.
1877 1201 1958 1236 20.

113 1330 458 1443 Admodum
480 1325 591 1372 serio
615 1322 746 1386 super
767 1318 963 1366 Tiberio
988 1315 1204 1364 Graccho
1228 1330 1293 1361 res
1328 1327 1462 1358 novas
1483 1323 1664 1375 parante
1688 1326 1740 1359 ac
1763 1311 1924 1376 pedem
1952 1307 2151 1377 graviter
2183 1307 2330 1356 offen-

239 1395 371 1443 dente
393 1404 590 1457 nugatur
620 1387 826 1437 Valerius
847 1384 1084 1432 Maximus
1107 1379 1213 1428 Lib.
1234 1381 1266 1427 I.
1303 1394 1400 1443 cap.
1416 1391 1464 1438 4.

2199 2901 2345 2953 VA-
