2516 3509
156 850 242 879 Ann.
266 844 332 875 urb.

114 888 117 891 ’
159 894 227 925 566.
250 887 355 917 Livius

156 938 313 960 XKXVIYI.

158 972 228 1002 Plut
254 973 315 1000 Ca-
533 989 539 995 .

157 1010 226 1043 10³1.
255 1016 333 1052 App,
378 1004 616 1057 pecuniam
651 986 705 1032 ab
739 1001 794 1031 eo
829 999 880 1029 ac

162 1055 298 1095 Syriaca,

372 163 482 221 704-

600 121 1006 194 VALERH
1079 105 1467 173 ΜΑΧΙΜῙ
1541 115 2123 176 L12.VI11.CA1›.1.‘

369 245 504 298 sunt,
547 235 653 298 quia
689 227 920 295 judicibus
953 220 1138 285 planun
1175 213 1344 262 tactum
1377 207 1480 271 est,
1530 211 1632 259 illos
1677 226 1833 277 aperto
1873 213 1992 262 ostio
2035 217 2244 265 inventos
2287 215 2372 264 esse

371 316 660 367 dormientes.
697 309 894 355 Somnus
929 302 1140 346 innoxiae
1173 289 1423 339 securitatis
1456 286 1722 336 certisfimus
1754 290 1892 338 index
1926 291 2092 340 miseris
2126 310 2262 358 opem
2297 306 2375 340 tu-

373 405 442 450 lit.

509 394 769 458 Judicaturn
813 385 877 432 est
923 386 1080 440 enim,
1115 393 1265 425 rerum
1309 384 1516 420 naturam
1547 387 1643 419 non
1673 374 1904 438 recipere,
1946 388 2000 423 ut
2034 376 2184 425 occiso
2218 390 2378 442 patre,

373 480 503 542 supra
534 475 721 523 vulnera
755 469 803 515 ἃ,
837 479 1051 514 cruorem
1085 463 1205 528 ejus,
1239 455 1443 525 quietem
1477 469 1639 518 capere
1671 455 1922 519 potuerint.

1134 600 1607 648 DAMNATI.

438 752 759 797 Percurremus
802 755 925 788 nunc
971 750 1083 794 eos,
1128 731 1291 796 quibus
1339 728 1386 775 in
1421 726 1592 774 cauffae
1622 723 1824 772 dictione
1846 759 1862 786 ‚
1908 729 2051 791 magis
2094 744 2207 792 quae
2248 741 2376 777 extra

376 828 681 894 quaestionem
716 834 869 881 erant,
903 825 1186 870 nocuerunt,
1222 825 1357 874 quam
1392 806 1466 854 sua
1496 805 1757 853 innocentia
1790 822 1930 870 opem
1964 808 2085 854 tulit.
2120 810 2179 855 L.
2215 811 2374 874 Scipio

379 909 480 975 post
514 903 880 970 speciofiffimum
915 893 1206 957 triumphum
1236 889 1291 935 de
1325 902 1433 952 rege
1467 885 1709 932 Antiocho
1740 884 1930 932 ductum
1957 919 1972 945 ‚
2020 883 2061 912 ⁶¹
2106 888 2291 950 perinde
2322 906 2375 936 ac

886 976 1096 1043 cepisset,
1131 973 1367 1019 damnatus
1401 967 1478 1014 est.
1514 964 1559 993 ⁶²
1597 967 1718 1013 Non
1748 979 1895 1031 puto,
1931 967 2056 1030 quod
2090 971 2239 1032 pretio
2273 986 2377 1018 cor-

381 1084 541 1134 ruptus
575 1067 721 1113 fuerat
742 1101 757 1126 ,
802 1076 857 1111 ut
891 1060 1022 1109 illum
1055 1055 1197 1107 totius
1234 1049 1364 1105 Asiae
1399 1047 1639 1102 dominum
1684 1045 1729 1085 ⁶3
1767 1046 1818 1094 &
1844 1048 1942 1110 jam
1975 1049 2189 1114 Europae
2223 1051 2378 1100 vieiri-

390 1277 492 1327 pL'Cssl
529 1275 708 1317 haberent
736 1272 866 1316 coeni,
894 1271 1050 1308 Coelius:
1080 1267 1168 1316 quia
1193 1266 1232 1303 in
1257 1271 1351 1302 orat.

392 1329 583 1365 (jzceronis
632 1339 699 1376 pro
756 1326 789 1362 S.
840 1323 952 1361 Rosa
999 1328 1155 1359 vocatur
1196 1317 1356 1352 Cloelius.

391 1380 586 1417 VORST.
644 1376 761 1425 Quod
790 1374 946 1412 Colerus
972 1383 1117 1409 vocem-
1138 1372 1267 1415 fratres
1297 1369 1356 1404 fo-

391 1443 445 1467 ras
469 1428 691 1478 ejiciendum
712 1426 872 1470 censuit,
889 1424 926 1461 id
943 1430 1069 1460 vetant
1089 1421 1194 1458 MSS.
1213 1431 1257 1455 ex
1275 1418 1357 1466 qui-

390 1482 455 1517 bus
486 1491 556 1517 tres
587 1480 760 1516 exhibent
779 1478 852 1524 filii
879 1476 1010 1511 Cloelii.
1058 1471 1129 1510 Sed
1149 1470 1186 1507 τέ
1206 1470 1269 1505 duo
1289 1480 1356 1517 pro

391 1530 505 1580 {lolia
533 1530 752 1578 expungitur
786 1529 823 1564 in
850 1525 956 1563 MSS.
997 1535 1163 1566 novem,
1199 1520 1358 1557 Gudius-

393 1595 466 1631 que
496 1581 640 1618 notavit
668 1582 705 1617 in
743 1586 873 1628 quarto
901 1574 1085 1614 Parisienfi
1126 1570 1195 1611 effe
1225 1569 1361 1619 gloffer

395 1645 456 1669 ma
495 1632 686 1669 evidenter
714 1640 911 1678 apparere,
945 1626 1125 1676 quoniam
1155 1623 1203 1660 ibi
1234 1622 1355 1670 supra-

391 1684 565 1730 scriptum
594 1691 669 1719 erat
697 1682 791 1718 inter
818 1680 902 1716 alias
930 1679 1069 1725 ineptas
1098 1673 1239 1724 gloffas.
1281 1673 1356 1709 Ce-

392 1743 511 1771 terum
538 1734 649 1770 etiam
668 1732 788 1780 scripti
807 1730 918 1767 nostri
935 1728 1071 1766 habent
1091 1727 1191 1762 Celii.
1237 1723 1284 1759 Et
1303 1723 1355 1759 sa-

389 1797 436 1821 ne
458 1786 603 1821 Coelium
629 1783 751 1831 potius
777 1780 974 1828 legendum
996 1777 1066 1814 effe
1086 1775 1183 1826 apud
1205 1774 1352 1810 Cicero-

389 1848 477 1872 nem
511 1835 648 1871 censuit
669 1835 862 1873 Muretus,
889 1830 1075 1877 ambigere
1104 1825 1250 1863 videtur
1268 1825 1353 1860 Ho-

386 1895 597 1922 romannus.
611 1885 811 1920 Tam-asinae
823 1890 946 1918 autem
969 1879 1134 1928 plerique
1155 1876 1216 1912 hic
1234 1874 1354 1922 scripti

386 1938 580 1980 exhibent,
607 1948 674 1984 pro
704 1934 855 1981 vulgato
888 1940 971 1969 ante
1002 1929 1172 1976 Pighium
1205 1928 1355 1961 Terraci-

387 2003 469 2031 nae,
499 1988 544 2023 de
575 1999 651 2034 quo
680 1985 764 2022 vide
794 1984 903 2020 etiam
924 1983 1022 2020 viros
1050 1978 1180 2017 doc‘ios
1200 1977 1246 2014 ad
1269 1977 1354 2013 cita-

392 2049 471 2076 tum
495 2037 686 2075 Ciceronis
704 2037 844 2073 locum.
1122 2045 1125 2050 ·

439 2090 498 2126 60.
523 2092 562 2124 In
577 2088 718 2124 cul-indo
736 2087 838 2135 quiefi
847 2081 920 2131 ens]
934 2081 1123 2119 Postrema
1140 2091 1215 2116 vox
1234 2077 1358 2115 deerat

388 2142 424 2176 in
455 2139 559 2177 Paris.
587 2146 733 2188 quarto.
785 2134 932 2173 Deinde
962 2132 1068 2169 Harl.
1092 2129 1275 2176 certiffimus
1299 2133 1358 2177 ju-

387 2190 464 2227 dex.

439 2241 498 2278 61.
531 2237 669 2275 Perinde
687 2253 726 2274 ac
743 2233 929 2285 pecuniam]
962 2233 1019 2270 Sic
1038 2231 1207 2280 Pighius,
1221 2232 1258 2267 &
1271 2241 1357 2267 Cum

393 2304 439 2328 eo
456 2291 564 2328 MSS.
587 2290 661 2327 Alii
694 2289 852 2326 editores
874 2293 1016 2334 praeter
1037 2285 1145 2330 Mog.
1167 2282 1305 2331 perinde
1321 2294 1359 2316 ac

382 2343 426 2389 fi.
466 2342 565 2378 Solet
593 2341 696 2387 saepe
728 2339 830 2376 aliter
871 2336 1038 2373 Valerius
1081 2335 1124 2370 L.
1154 2345 1223 2370 vn.
1258 2344 1289 2382 3.
1322 2344 1357 2379 9.

387 2393 528 2430 Perinde
549 2406 585 2427 ac
600 2391 763 2438 publicum
782 2390 996 2434 ministerium
1015 2399 1133 2436 agens.

439 2445 499 2480 62.
529 2448 612 2478 Νοη
642 2452 743 2489 pute,
782 2438 867 2487 quod
896 2440 1001 2486 pretio
1027 2445 1189 2483 correptus
1219 2432 1352 2482 suerat]

392 2496 447 2532 lta
468 2493 584 2531 Aldus
607 2493 643 2529 &
662 2492 761 2528 hunc
781 2489 891 2525 secuti
909 2488 966 2524 alii
988 2486 1146 2523 edidere.
1198 2485 1281 2531 Ego
1300 2492 1357 2520 ta-

393 2558 480 2582 men
498 2556 575 2582 non
595 2542 722 2579 dubito
750 2541 839 2589 quin
859 2551 925 2586 pro
953 2539 1066 2583 fuerat
1095 2535 1292 2582 legendum
1315 2533 1356 2571 fit

384 2599 519 2643 suerit,
556 2602 596 2631 ut
627 2593 673 2630 est
700 2593 737 2629 in
766 2602 841 2628 uno
864 2587 946 2626 cod.
972 2585 1101 2623 Brand.
1126 2588 1162 2622 δε
1180 2586 1274 2632 typis
1296 2597 1357 2622 ex-

391 2645 510 2696 presso
534 2641 871 2690 Chalcocondylae.
923 2638 983 2675 Est
1012 2645 1135 2673 autem
1168 2641 1250 2671 Non
1276 2646 1356 2683 puto

389 2697 476 2748 quod
509 2707 675 2743 corruptus
702 2695 803 2735 fuerit
825 2703 892 2740 pro
914 2694 994 2724 Non
1021 2699 1098 2735 puto
1129 2688 1225 2721 illum
1253 2700 1359 2721 corru-

385 2761 482 2798 ptum
501 2747 610 2794 sniſje.
640 2744 833 2782 VORST.
863 2740 964 2778 H‘Ml.
982 2740 1067 2774 Fuit.
1091 2737 1357 2773 ssal‘b.&Leld.

393 2799 625 2848 primifhcrst.
641 2795 710 2832 Sed
733 2795 834 2831 aliter
847 2801 977 2829 omnes
997 2788 1139 2825 nostrae
1163 2788 1360 2831 editiones,

390 2861 513 2899 neque
529 2845 671 2884 necesse
693 2854 784 2895 puto
799 2843 1001 2894 quidquam
1015 2839 1162 2879 mutari3
1178 2850 1360 2886 acquam·

393 2901 446 2937 vis
468 2911 545 2936 non
567 2897 805 2944 negaverim,
832 2906 909 2940 puto
935 2889 1020 2941 quod
1051 2900 1221 2932 corruptus
1243 2892 1360 2934 fuerat

393 2963 472 2989 non
495 2949 568 2986 fine
595 2948 768 2995 exemplo
799 2946 956 2983 aliorum
981 2941 1051 2978 dici
1073 2938 1172 2988 pofl‘e
1193 2951 1259 2987 pro
1280 2951 1360 2988 puto

391 3016 463 3037 eum
479 3011 662 3041 corruptum
677 2997 774 3045 foeiffi’
790 3026 799 3041 ,
815 3005 854 3034 ut
875 2993 997 3032 multis
1018 2991 1200 3039 praeclare
1215 2988 1360 3026 eviciffe

396 3052 539 3091 videtur
557 3049 837 3088 &Perizonius
858 3046 903 3084 ad
925 3042 1059 3084 Sanun
1080 3042 1176 3080 Min.
1196 3040 1278 3079 Lib.
1300 3053 1362 3079 111.

2308 1148 2382 1181 CCS

1411 1275 1465 1311 14.
1507 1269 1636 1300 tamen
1679 1257 1770 1297 illud
1813 1259 1876 1297 hic
1912 1259 1962 1297 ita
2004 1271 2084 1297 non
2129 1263 2376 1312 exposuerim.

1407 1312 1508 1360 Quod
1538 1313 1599 1350 hic
1625 1309 1729 1348 idem
1760 1309 1857 1348 valet
1875 1321 1918 1347 ac
1933 1312 2014 1360 quia
2033 1339 2043 1354 ,
2072 1312 2110 1350 ὃς
2129 1313 2217 1353 dicit
2235 1314 2378 1353 audior.

1406 1370 1490 1401 Non
1516 1374 1597 1414 puto
1615 1375 1686 1398 eum
1702 1359 1898 1397 damnatum
1918 1362 1976 1409 effi
1991 1390 2000 1406 ‚
2027 1361 2116 1402 five,
2137 1364 2219 1401 hanc
2234 1365 2378 1402 damna-

1407 1415 1510 1453 tionis
1531 1419 1601 1462 ejus
1621 1425 1736 1449 *veram
1763 1411 1904 1460 cauffizm
1927 1413 2026 1460 fuisse
2042 1440 2053 1457 ‚
2076 1417 2158 1464 quia
2186 1418 2291 1460 pretio
2310 1430 2379 1452 cor-

1406 1477 1523 1516 ruptus
1546 1468 1685 1512 fuerat,
1713 1463 1785 1500 δῖε.
1814 1462 1876 1499 Sed
1893 1463 2045 1499 invidaeae
2064 1465 2206 1510 resistere
2233 1481 2298 1502 non
2315 1478 2376 1516 po·

1406 1521 1484 1553 tuit.
1519 1517 1608 1553 hinc
1633 1514 1843 1563 praecessit,
1871 1513 2010 1564 perinde
2031 1528 2069 1550 ac
2091 1518 2265 1565 pecuniam
2293 1531 2382 1554 acce-

1402 1568 1521 1618 pisset,
1548 1568 1727 1603 damnatus
1753 1568 1811 1612 est.

1465 1619 1526 1668 63.
1563 1622 1605 1654 Et
1632 1621 1700 1659 iam
1725 1619 1874 1665 Europae
1896 1615 2049 1652 viarius
2079 1630 2197 1654 manus
2222 1617 2375 1663 injicien-

1406 1669 1491 1724 tem]
1522 1668 1557 1704 τὸ
1585 1672 1719 1716 &jam
1747 1666 1890 1716 aliquot
1921 1667 2029 1704 MSS.
2065 1668 2269 1714 omittunt,
2295 1682 2377 1718 par-

1406 1728 1474 1756 tim
1505 1726 1650 1756 mutant
1676 1718 1715 1754 in
1744 1720 1860 1755 etiam.
1885 1717 2075 1754 Ascenfius
2103 1721 2148 1755 Et
2170 1724 2247 1766 jam
2273 1722 2376 1758 etiam

1407 1774 1569 1819 Europae.
1599 1770 1637 1806 &
1664 1767 1712 1804 fic
1732 1768 1833 1806 Ven.
1857 1768 1928 1805 Sed
1955 1776 2099 1806 ceterae
2123 1769 2216 1806 Edd.
2244 1778 2289 1806 <J
2307 1777 2378 1816 jam

1406 1821 1513 1867 Meg.
1539 1822 1651 1856 etiam.
1682 1819 1833 1856 Deinde
1857 1818 2065 1856 constanter
2081 1817 2201 1868 scripti
2218 1823 2375 1872 alioquin

1405 1870 1578 1908 exhibent
1606 1881 1693 1907 cum
1715 1871 1823 1918 Mog.
2322 1879 2325 1882 ·

1446 1921 1523 1977 ⁸64.
1560 1924 1602 1958 P.
1632 1921 1769 1957 Furium
1794 1918 2074 1969 inquinatiffimae
2099 1920 2211 1970 vitae]
2259 1922 2378 1960 Hunc

1409 1972 1489 2009 Cic.
1516 1973 1627 2010 etiam
1646 1982 1714 2019 pro
1737 1970 1859 2008 Rabir.
1889 1982 1922 2007 c.
1950 1983 1986 2019 9.
2014 1979 2124 2008 vocat
2152 1972 2314 2009 bominem
2342 1989 2378 2009 0.

1408 2022 1538 2058 mnibus
1573 2022 1734 2072 infignem
1761 2023 1848 2057 notis
1875 2020 2107 2071 turpitudinis.
2156 2023 2271 2060 Hunc
2298 2036 2378 2062 non

1408 2073 1573 2128 ingenuo
1599 2081 1700 2121 patre
1734 2080 1863 2109 natum
1887 2099 1897 2115 ,
1938 2071 1998 2109 sed
2029 2083 2074 2109 ex
2110 2072 2239 2111 infima
2265 2074 2374 2123 plebe

1408 2123 1620 2160 libertinum
1650 2122 1697 2160 ad
1716 2123 1966 2160 Tribunatum
1985 2122 2097 2171 plebis
2117 2123 2289 2162 eveetum
2311 2126 2380 2164 bo-

1411 2186 1457 2211 na
1483 2175 1654 2212 omnium
1696 2184 1782 2211 curn
1810 2174 2008 2211 Saturnino
2043 2175 2233 2213 caesorum
2263 2177 2382 2224 publi-

1412 2225 1528 2262 canda
1558 2222 1785 2269 decrevisse,
1819 2225 1856 2261 ὃ(
1883 2235 1989 2262 reum
2019 2224 2157 2263 facturn
2189 2238 2208 2264 a
2239 2227 2282 2264 C.
2306 2228 2381 2265 Ca-

1410 2276 1539 2325 nulejo
1567 2276 1732 2324 collega,
1772 2287 1792 2312 a
1820 2275 1967 2312 furente
1998 2274 2236 2314 multitudine
2268 2278 2384 2327 prius-

1411 2339 1526 2377 quam
1560 2327 1595 2364 se
1629 2325 1832 2364 defendere
1873 2324 1990 2374 posset
2025 2326 2246 2376 discerptum
2284 2327 2380 2373 effe,

1412 2390 1457 2415 ex
1486 2378 1661 2426 Appiano
1699 2377 1827 2414 docuit
1859 2376 2005 2424 Pighius
2029 2403 2039 2420 ,
2095 2378 2140 2415 ad
2179 2380 2226 2416 A.
2254 2380 2305 2417 U.
2335 2380 2368 2417 C

1409 2429 1593 2466 DCLIV.
1638 2428 1737 2465 Vide
1766 2427 1929 2476 Appian.
1967 2428 2014 2465 L.
2044 2441 2074 2466 1.
2112 2429 2186 2467 Bel.
2222 2429 2304 2467 Civ.
2333 2442 2382 2480 p..

1412 2492 1497 2529 370.
1525 2479 1594 2517 Ed.
1621 2481 1672 2516 H.
1698 2479 1882 2528 Stephani.
2295 2513 2306 2516 -

1459 2532 1518 2579 65.
1554 2533 1613 2566 De
1641 2541 1744 2566 morte
1781 2534 1821 2566 L.
1843 2528 2022 2566 Saturnini
2055 2530 2151 2579 queri
2176 2533 2277 2580 ausus
2307 2535 2386 2578 fiae-

1408 2581 1482 2631 ναι]
1537 2579 1651 2630 Quafi
1690 2581 1736 2617 L.
1776 2580 1953 2629 Apulejus
1993 2579 2206 2619 Saturninus
2249 2583 2381 2628 iniuria

1411 2633 1532 2674 caesus
1569 2629 1668 2669 esset.
1720 2631 1753 2668 Is
1790 2640 1831 2670 ut
1866 2629 2052 2668 consulem
2093 2632 2230 2669 faceret
2268 2627 2384 2671 Glau-

1411 2683 1503 2719 ciam
1521 2711 1531 2726 ‚
1559 2682 1791 2720 Memmium
1822 2681 1944 2719 virum
1979 2681 2210 2720 consularem
2231 2684 2269 2721 &
2292 2695 2383 2722 con-

1409 2733 1541 2770 sulatus
1578 2733 1816 2771 candidatum
1853 2731 2100 2769 interfecerat.
2165 2728 2296 2782 Quam'
2332 2733 2382 2771 ob

1411 2784 1556 2821 causam
1599 2784 1764 2821 consules
1801 2795 1846 2820 ex
1887 2783 1955 2820 SC.
1987 2783 2120 2820 armati
2145 2796 2230 2822 eum
2262 2784 2382 2832 perse-

1412 2835 1487 2871 cuti
1523 2834 1614 2872 sunt.
1668 2835 1745 2883 Ipse
1772 2833 1951 2883 lapidibus
1983 2833 2166 2872 obrutus:
2204 2834 2381 2872 Glauciae

1412 2896 1513 2940 vero
1526 2885 1650 2922 cervix
1669 2885 1795 2923 fradra.
1838 2884 1940 2922 Vide
1958 2885 2162 2933 Epiromen
2183 2885 2263 2923 libri
2281 2896 2384 2922 xxxx.

1415 2936 1514 2971 L1v11
1535 2960 1545 2975 ‚
1591 2936 1628 2972 &
1659 2937 1871 2986 orationem
1903 2935 2096 2973 Ciceronis
2125 2948 2192 2984 pro
2222 2935 2384 2973 Rabirio.

1414 2985 1611 3022 VORST.
1819 2990 1822 2993 '

1418 3070 1423 3074 .
1465 3036 1526 3073 66.
1556 3038 1599 3073 Et
1619 3037 1750 3086 insuper
1770 3039 1799 3073 ei
1811 3047 1937 3088 poenas
1965 3034 2114 3084 adjeflas
2137 3033 2308 3085 pependit]
2342 3035 2385 3073 In

2277 3086 2388 3125 Atre-
