<?xml version="1.0" encoding="UTF-8"?>
<!DOCTYPE html PUBLIC "-//W3C//DTD XHTML 1.0 Transitional//EN"
    "http://www.w3.org/TR/xhtml1/DTD/xhtml1-transitional.dtd">
<html xmlns="http://www.w3.org/1999/xhtml" xml:lang="en" lang="en">
 <head>
  <title>
</title>
<meta http-equiv="Content-Type" content="text/html;charset=utf-8" />
  <meta name='ocr-system' content='tesseract 3.04.00' />
  <meta name='ocr-capabilities' content='ocr_page ocr_carea ocr_par ocr_line ocrx_word'/>
</head>
<body>
  <div class='ocr_page' id='page_1' title='image "./librinovemfactor00valeuoft_0244.png"; bbox 0 0 2516 3509; ppageno 0'>
   <div class='ocr_carea' id='block_1_1' title="bbox 151 278 778 353">
    <p class='ocr_par' dir='ltr' id='par_1_1' title="bbox 151 278 778 353">
     <span class='ocr_line' id='line_1_1' title="bbox 151 278 778 353; baseline -0.029 -7"><span class='ocrx_word' id='word_1_1' title='bbox 151 278 346 345; x_wconf 47' lang='lat' dir='ltr'>ffif&#39;xissii&#39;k-</span> <span class='ocrx_word' id='word_1_2' title='bbox 370 294 410 327; x_wconf 77' lang='lat'>⁶4</span> <span class='ocrx_word' id='word_1_3' title='bbox 430 307 495 337; x_wconf 90' lang='lat' dir='ltr'>res</span> <span class='ocrx_word' id='word_1_4' title='bbox 518 297 778 353; x_wconf 78' lang='lat' dir='ltr'>gereretur,</span> 
     </span>
    </p>
   </div>
   <div class='ocr_carea' id='block_1_2' title="bbox 152 358 493 430">
    <p class='ocr_par' dir='ltr' id='par_1_2' title="bbox 152 358 493 430">
     <span class='ocr_line' id='line_1_2' title="bbox 152 358 493 430; baseline -0.003 -3"><span class='ocrx_word' id='word_1_5' title='bbox 152 358 327 430; x_wconf 49' lang='lat' dir='ltr'>{iz-{sir</span> <span class='ocrx_word' id='word_1_6' title='bbox 364 384 420 414; x_wconf 73' lang='lat' dir='ltr'>ex</span> <span class='ocrx_word' id='word_1_7' title='bbox 443 383 493 413; x_wconf 71' lang='lat' dir='ltr'>ea</span> 
     </span>
    </p>
   </div>
   <div class='ocr_carea' id='block_1_3' title="bbox 376 141 474 196">
    <p class='ocr_par' dir='ltr' id='par_1_3' title="bbox 376 141 474 196">
     <span class='ocr_line' id='line_1_3' title="bbox 376 141 474 196; baseline -0.02 -18"><span class='ocrx_word' id='word_1_8' title='bbox 376 141 474 196; x_wconf 82' lang='lat'>192</span> 
     </span>
    </p>
   </div>
   <div class='ocr_carea' id='block_1_4' title="bbox 633 97 2136 177">
    <p class='ocr_par' dir='ltr' id='par_1_4' title="bbox 633 97 2136 177">
     <span class='ocr_line' id='line_1_4' title="bbox 633 97 2136 177; baseline -0.007 -9"><span class='ocrx_word' id='word_1_9' title='bbox 633 99 1038 168; x_wconf 86' lang='lat' dir='ltr'>VALERII</span> <span class='ocrx_word' id='word_1_10' title='bbox 1111 97 1488 157; x_wconf 85' lang='lat' dir='ltr'>MAXIMI</span> <span class='ocrx_word' id='word_1_11' title='bbox 1526 98 1656 177; x_wconf 84' lang='lat' dir='ltr'>L113.</span> <span class='ocrx_word' id='word_1_12' title='bbox 1694 99 1767 156; x_wconf 90' lang='lat'>11.</span> <span class='ocrx_word' id='word_1_13' title='bbox 1809 100 1956 161; x_wconf 64' lang='grc' dir='ltr'><strong>(ΠΛΡ.</strong></span> <span class='ocrx_word' id='word_1_14' title='bbox 1997 100 2136 162; x_wconf 56' lang='lat' dir='ltr'>VII}</span> 
     </span>
    </p>
   </div>
   <div class='ocr_carea' id='block_1_5' title="bbox 435 197 2369 266">
    <p class='ocr_par' dir='ltr' id='par_1_5' title="bbox 435 197 2369 266">
     <span class='ocr_line' id='line_1_5' title="bbox 435 197 2369 266; baseline -0.003 -12"><span class='ocrx_word' id='word_1_15' title='bbox 435 216 543 263; x_wconf 82' lang='lat' dir='ltr'>Nec</span> <span class='ocrx_word' id='word_1_16' title='bbox 571 209 719 255; x_wconf 89' lang='lat' dir='ltr'>minus</span> <span class='ocrx_word' id='word_1_17' title='bbox 753 202 916 252; x_wconf 82' lang='lat' dir='ltr'>Pisone</span> <span class='ocrx_word' id='word_1_18' title='bbox 943 200 1105 250; x_wconf 87' lang='lat' dir='ltr'>acriter</span> <span class='ocrx_word' id='word_1_19' title='bbox 1140 198 1181 225; x_wconf 84' lang='lat'>⁶²</span> <span class='ocrx_word' id='word_1_20' title='bbox 1205 197 1537 258; x_wconf 76' lang='lat' dir='ltr'>QMetellus:</span> <span class='ocrx_word' id='word_1_21' title='bbox 1573 201 1654 266; x_wconf 89' lang='lat' dir='ltr'>qui</span> <span class='ocrx_word' id='word_1_22' title='bbox 1682 205 1790 249; x_wconf 83' lang='lat' dir='ltr'>cum</span> <span class='ocrx_word' id='word_1_23' title='bbox 1832 200 1878 240; x_wconf 78' lang='lat'>⁶³</span> <span class='ocrx_word' id='word_1_24' title='bbox 1914 201 2036 266; x_wconf 86' lang='lat' dir='ltr'>apud</span> <span class='ocrx_word' id='word_1_25' title='bbox 2066 198 2369 250; x_wconf 74' lang='lat' dir='ltr'>Contrebiam</span> 
     </span>
    </p>
   </div>
   <div class='ocr_carea' id='block_1_6' title="bbox 151 275 2377 505">
    <p class='ocr_par' dir='ltr' id='par_1_6' title="bbox 151 275 2377 505">
     <span class='ocr_line' id='line_1_6' title="bbox 799 275 2375 343; baseline -0.004 -14"><span class='ocrx_word' id='word_1_26' title='bbox 799 282 839 318; x_wconf 84' lang='lat'>⁶⁵</span> <span class='ocrx_word' id='word_1_27' title='bbox 867 280 1112 329; x_wconf 85' lang='lat' dir='ltr'>collocatas</span> <span class='ocrx_word' id='word_1_28' title='bbox 1133 276 1160 324; x_wconf 74' lang='lat' dir='ltr'>a</span> <span class='ocrx_word' id='word_1_29' title='bbox 1178 275 1220 323; x_wconf 93' lang='lat' dir='ltr'>se</span> <span class='ocrx_word' id='word_1_30' title='bbox 1244 277 1292 322; x_wconf 89' lang='lat' dir='ltr'>in</span> <span class='ocrx_word' id='word_1_31' title='bbox 1315 276 1508 340; x_wconf 83' lang='lat' dir='ltr'>quadam</span> <span class='ocrx_word' id='word_1_32' title='bbox 1530 278 1722 326; x_wconf 87' lang='lat' dir='ltr'>statione</span> <span class='ocrx_word' id='word_1_33' title='bbox 1744 279 1946 343; x_wconf 89' lang='lat' dir='ltr'>quinque</span> <span class='ocrx_word' id='word_1_34' title='bbox 1965 277 2208 336; x_wconf 74' lang='lat' dir='ltr'>cohortes,</span> <span class='ocrx_word' id='word_1_35' title='bbox 2236 288 2375 339; x_wconf 86' lang='lat' dir='ltr'>atque</span> 
     </span>
     <span class='ocr_line' id='line_1_7' title="bbox 509 353 2375 422; baseline -0.006 -10"><span class='ocrx_word' id='word_1_36' title='bbox 509 363 681 413; x_wconf 85' lang='lat' dir='ltr'>viribus</span> <span class='ocrx_word' id='word_1_37' title='bbox 701 359 904 408; x_wconf 87' lang='lat' dir='ltr'>hostium</span> <span class='ocrx_word' id='word_1_38' title='bbox 926 354 1151 422; x_wconf 78' lang='lat' dir='ltr'>depulsas,</span> <span class='ocrx_word' id='word_1_39' title='bbox 1183 365 1386 417; x_wconf 87' lang='lat' dir='ltr'>repetere</span> <span class='ocrx_word' id='word_1_40' title='bbox 1402 353 1589 401; x_wconf 84' lang='lat' dir='ltr'>eandem</span> <span class='ocrx_word' id='word_1_41' title='bbox 1614 355 1854 403; x_wconf 86' lang='lat' dir='ltr'>stationem</span> <span class='ocrx_word' id='word_1_42' title='bbox 1871 356 2089 420; x_wconf 87' lang='lat' dir='ltr'>evestigio</span> <span class='ocrx_word' id='word_1_43' title='bbox 2107 353 2256 419; x_wconf 84' lang='lat' dir='ltr'>juflit:</span> <span class='ocrx_word' id='word_1_44' title='bbox 2281 370 2375 402; x_wconf 90' lang='lat' dir='ltr'>non</span> 
     </span>
     <span class='ocr_line' id='line_1_8' title="bbox 151 431 2377 505; baseline -0.003 -18"><span class='ocrx_word' id='word_1_45' title='bbox 151 437 259 469; x_wconf 51' lang='lat' dir='ltr'>‘&#39;iffi&#39;‘</span> <span class='ocrx_word' id='word_1_46' title='bbox 273 441 322 466; x_wconf 84' lang='lat'>⁶¹·</span> <span class='ocrx_word' id='word_1_47' title='bbox 364 441 490 505; x_wconf 89' lang='lat' dir='ltr'>quod</span> <span class='ocrx_word' id='word_1_48' title='bbox 511 439 705 505; x_wconf 81' lang='lat' dir='ltr'>speraret</span> <span class='ocrx_word' id='word_1_49' title='bbox 726 436 781 485; x_wconf 84' lang='lat' dir='ltr'>ab</span> <span class='ocrx_word' id='word_1_50' title='bbox 801 437 852 483; x_wconf 85' lang='lat' dir='ltr'>iis</span> <span class='ocrx_word' id='word_1_51' title='bbox 873 433 1260 483; x_wconf 74' lang='lat' dir='ltr'>amiffumlocum</span> <span class='ocrx_word' id='word_1_52' title='bbox 1284 431 1539 492; x_wconf 82' lang='lat' dir='ltr'>recuperari</span> <span class='ocrx_word' id='word_1_53' title='bbox 1549 431 1710 495; x_wconf 75' lang='lat' dir='ltr'>poffe,</span> <span class='ocrx_word' id='word_1_54' title='bbox 1737 432 1811 480; x_wconf 92' lang='lat' dir='ltr'>sed</span> <span class='ocrx_word' id='word_1_55' title='bbox 1829 446 1883 481; x_wconf 92' lang='lat' dir='ltr'>ut</span> <span class='ocrx_word' id='word_1_56' title='bbox 1899 434 2168 497; x_wconf 22' lang='lat' dir='ltr'>‚praeteritae</span> <span class='ocrx_word' id='word_1_57' title='bbox 2190 432 2377 497; x_wconf 83' lang='lat' dir='ltr'>culpam</span> 
     </span>
    </p>
   </div>
   <div class='ocr_carea' id='block_1_7' title="bbox 361 506 2376 583">
    <p class='ocr_par' dir='ltr' id='par_1_7' title="bbox 361 506 2376 583">
     <span class='ocr_line' id='line_1_9' title="bbox 361 506 2376 583; baseline -0.002 -18"><span class='ocrx_word' id='word_1_58' title='bbox 361 533 568 583; x_wconf 80' lang='lat' dir='ltr'>pugnae,</span> <span class='ocrx_word' id='word_1_59' title='bbox 603 513 873 579; x_wconf 85' lang='lat' dir='ltr'>insequentis</span> <span class='ocrx_word' id='word_1_60' title='bbox 897 510 1155 560; x_wconf 84' lang='lat' dir='ltr'>certaminis</span> <span class='ocrx_word' id='word_1_61' title='bbox 1174 506 1412 555; x_wconf 75' lang='lat' dir='ltr'>manifesto</span> <span class='ocrx_word' id='word_1_62' title='bbox 1433 507 1639 570; x_wconf 89' lang='lat' dir='ltr'>periculo</span> <span class='ocrx_word' id='word_1_63' title='bbox 1664 511 1869 571; x_wconf 23' lang='lat' dir='ltr'>(puniret.</span> <span class='ocrx_word' id='word_1_64' title='bbox 1937 511 2100 558; x_wconf 82' lang='lat' dir='ltr'>Edixit</span> <span class='ocrx_word' id='word_1_65' title='bbox 2125 512 2287 571; x_wconf 83' lang='lat' dir='ltr'>etiam,</span> <span class='ocrx_word' id='word_1_66' title='bbox 2321 527 2376 562; x_wconf 89' lang='lat' dir='ltr'>ut:</span> 
     </span>
    </p>
   </div>
   <div class='ocr_carea' id='block_1_8' title="bbox 358 586 1360 660">
    <p class='ocr_par' dir='ltr' id='par_1_8' title="bbox 358 586 1360 660">
     <span class='ocr_line' id='line_1_10' title="bbox 358 586 1360 660; baseline -0.013 -17"><span class='ocrx_word' id='word_1_67' title='bbox 358 595 392 642; x_wconf 90' lang='lat' dir='ltr'><strong>fi</strong></span> <span class='ocrx_word' id='word_1_68' title='bbox 413 596 511 660; x_wconf 90' lang='lat' dir='ltr'>quis</span> <span class='ocrx_word' id='word_1_69' title='bbox 531 610 589 641; x_wconf 83' lang='lat' dir='ltr'>ex</span> <span class='ocrx_word' id='word_1_70' title='bbox 607 593 675 640; x_wconf 90' lang='lat' dir='ltr'>his</span> <span class='ocrx_word' id='word_1_71' title='bbox 696 592 875 658; x_wconf 87' lang='lat' dir='ltr'>fugiens</span> <span class='ocrx_word' id='word_1_72' title='bbox 911 588 959 618; x_wconf 74' lang='lat'>⁶5</span> <span class='ocrx_word' id='word_1_73' title='bbox 982 589 1121 637; x_wconf 82' lang='lat' dir='ltr'>castra</span> <span class='ocrx_word' id='word_1_74' title='bbox 1137 586 1332 652; x_wconf 75' lang='lat' dir='ltr'>petiiss&#39;et</span> <span class='ocrx_word' id='word_1_75' title='bbox 1346 619 1360 644; x_wconf 81' lang='lat'>,</span> 
     </span>
    </p>
   </div>
   <div class='ocr_carea' id='block_1_9' title="bbox 1397 583 2372 647">
    <p class='ocr_par' dir='ltr' id='par_1_9' title="bbox 1397 583 2372 647">
     <span class='ocr_line' id='line_1_11' title="bbox 1397 583 2372 647; baseline 0.008 -18"><span class='ocrx_word' id='word_1_76' title='bbox 1397 601 1482 647; x_wconf 89' lang='lat' dir='ltr'>pro</span> <span class='ocrx_word' id='word_1_77' title='bbox 1504 583 1635 630; x_wconf 91' lang='lat' dir='ltr'>hoste</span> <span class='ocrx_word' id='word_1_78' title='bbox 1658 584 2005 634; x_wconf 86' lang='lat' dir='ltr'>interficeretur.</span> <span class='ocrx_word' id='word_1_79' title='bbox 2072 587 2183 646; x_wconf 83' lang='lat' dir='ltr'>Qa</span> <span class='ocrx_word' id='word_1_80' title='bbox 2211 587 2372 637; x_wconf 86' lang='lat' dir='ltr'>severi-</span> 
     </span>
    </p>
   </div>
   <div class='ocr_carea' id='block_1_10' title="bbox 359 661 2376 892">
    <p class='ocr_par' dir='ltr' id='par_1_10' title="bbox 359 661 2376 892">
     <span class='ocr_line' id='line_1_12' title="bbox 359 661 2375 735; baseline -0.002 -15"><span class='ocrx_word' id='word_1_81' title='bbox 359 686 456 720; x_wconf 86' lang='lat' dir='ltr'>tate</span> <span class='ocrx_word' id='word_1_82' title='bbox 486 668 728 735; x_wconf 83' lang='lat' dir='ltr'>compreffi</span> <span class='ocrx_word' id='word_1_83' title='bbox 761 668 926 715; x_wconf 85' lang='lat' dir='ltr'>milites</span> <span class='ocrx_word' id='word_1_84' title='bbox 961 668 1002 701; x_wconf 85' lang='lat'>⁶⁷</span> <span class='ocrx_word' id='word_1_85' title='bbox 1027 666 1076 713; x_wconf 66' lang='grc' dir='ltr'>ὃς</span> <span class='ocrx_word' id='word_1_86' title='bbox 1098 662 1369 726; x_wconf 82' lang='lat' dir='ltr'>corporibus</span> <span class='ocrx_word' id='word_1_87' title='bbox 1398 661 1620 728; x_wconf 81' lang='lat' dir='ltr'>fatigatis,</span> <span class='ocrx_word' id='word_1_88' title='bbox 1657 661 1706 708; x_wconf 85' lang='lat'>&amp;</span> <span class='ocrx_word' id='word_1_89' title='bbox 1734 663 1892 710; x_wconf 88' lang='lat' dir='ltr'>animis</span> <span class='ocrx_word' id='word_1_90' title='bbox 1920 664 2225 728; x_wconf 83' lang='lat' dir='ltr'>desperatione</span> <span class='ocrx_word' id='word_1_91' title='bbox 2256 668 2375 714; x_wconf 87' lang='lat' dir='ltr'>vitae</span> 
     </span>
     <span class='ocr_line' id='line_1_13' title="bbox 363 741 2376 817; baseline -0.002 -17"><span class='ocrx_word' id='word_1_92' title='bbox 363 752 607 817; x_wconf 82' lang='lat' dir='ltr'>implicatis</span> <span class='ocrx_word' id='word_1_93' title='bbox 628 784 644 809; x_wconf 89' lang='lat'>,</span> <span class='ocrx_word' id='word_1_94' title='bbox 687 749 780 795; x_wconf 87' lang='lat' dir='ltr'>loci</span> <span class='ocrx_word' id='word_1_95' title='bbox 811 761 962 795; x_wconf 87' lang='lat' dir='ltr'>tamen</span> <span class='ocrx_word' id='word_1_96' title='bbox 999 745 1286 810; x_wconf 85' lang='lat' dir='ltr'>iniquitatem</span> <span class='ocrx_word' id='word_1_97' title='bbox 1308 778 1324 803; x_wconf 81' lang='lat'>,</span> <span class='ocrx_word' id='word_1_98' title='bbox 1385 741 1822 807; x_wconf 78' lang='lat' dir='ltr'>multitudinemque</span> <span class='ocrx_word' id='word_1_99' title='bbox 1858 742 2058 790; x_wconf 89' lang='lat' dir='ltr'>hostium</span> <span class='ocrx_word' id='word_1_100' title='bbox 2096 744 2376 809; x_wconf 82' lang='lat' dir='ltr'>superarunt.</span> 
     </span>
     <span class='ocr_line' id='line_1_14' title="bbox 367 819 2318 892; baseline -0.003 -14"><span class='ocrx_word' id='word_1_101' title='bbox 367 832 407 860; x_wconf 66' lang='lat'>⁶²³</span> <span class='ocrx_word' id='word_1_102' title='bbox 428 833 667 878; x_wconf 82' lang='lat' dir='ltr'>Humanae</span> <span class='ocrx_word' id='word_1_103' title='bbox 687 828 831 892; x_wconf 84' lang='lat' dir='ltr'>igitur</span> <span class='ocrx_word' id='word_1_104' title='bbox 849 824 1173 875; x_wconf 72' lang='lat' dir='ltr'>imbecillitatis</span> <span class='ocrx_word' id='word_1_105' title='bbox 1195 820 1548 869; x_wconf 63' lang='lat' dir='ltr'>efficacissimum</span> <span class='ocrx_word' id='word_1_106' title='bbox 1571 821 1890 868; x_wconf 85' lang='lat' dir='ltr'>duramentum</span> <span class='ocrx_word' id='word_1_107' title='bbox 1910 821 1974 868; x_wconf 88' lang='lat' dir='ltr'>est</span> <span class='ocrx_word' id='word_1_108' title='bbox 2009 819 2056 860; x_wconf 75' lang='lat'>⁶9</span> <span class='ocrx_word' id='word_1_109' title='bbox 2077 823 2318 872; x_wconf 85' lang='lat' dir='ltr'>neceffitas.</span> 
     </span>
    </p>
   </div>
   <div class='ocr_carea' id='block_1_11' title="bbox 434 902 2376 973">
    <p class='ocr_par' dir='ltr' id='par_1_11' title="bbox 434 902 2376 973">
     <span class='ocr_line' id='line_1_15' title="bbox 434 902 2376 973; baseline -0.002 -15"><span class='ocrx_word' id='word_1_110' title='bbox 434 913 489 963; x_wconf 88' lang='lat' dir='ltr'>In</span> <span class='ocrx_word' id='word_1_111' title='bbox 509 911 666 957; x_wconf 75' lang='lat' dir='ltr'>eadem</span> <span class='ocrx_word' id='word_1_112' title='bbox 688 908 924 973; x_wconf 84' lang='lat' dir='ltr'>provincia</span> <span class='ocrx_word' id='word_1_113' title='bbox 959 913 1001 941; x_wconf 88' lang='lat'>⁷0</span> <span class='ocrx_word' id='word_1_114' title='bbox 1023 905 1266 966; x_wconf 76' lang='lat' dir='ltr'>QFabius</span> <span class='ocrx_word' id='word_1_115' title='bbox 1292 905 1425 950; x_wconf 79' lang='lat' dir='ltr'>Max.</span> <span class='ocrx_word' id='word_1_116' title='bbox 1445 902 1739 950; x_wconf 79' lang='lat' dir='ltr'>ferocissimae</span> <span class='ocrx_word' id='word_1_117' title='bbox 1756 904 1905 968; x_wconf 85' lang='lat' dir='ltr'>gentis</span> <span class='ocrx_word' id='word_1_118' title='bbox 1926 904 2100 951; x_wconf 89' lang='lat' dir='ltr'>animos</span> <span class='ocrx_word' id='word_1_119' title='bbox 2120 906 2376 954; x_wconf 89' lang='lat' dir='ltr'>contunde-</span> 
     </span>
    </p>
   </div>
   <div class='ocr_carea' id='block_1_12' title="bbox 150 950 2375 1147">
    <p class='ocr_par' dir='ltr' id='par_1_12' title="bbox 150 950 2375 1147">
     <span class='ocr_line' id='line_1_16' title="bbox 230 950 285 976; baseline -0.018 0"><span class='ocrx_word' id='word_1_120' title='bbox 230 950 285 976; x_wconf 86' lang='lat'>11.</span> 
     </span>
     <span class='ocr_line' id='line_1_17' title="bbox 150 982 2375 1062; baseline -0.001 -25"><span class='ocrx_word' id='word_1_121' title='bbox 150 988 346 1062; x_wconf 40' lang='grc' dir='ltr'>ἓξιῐξὲῗὲξὶ.</span> <span class='ocrx_word' id='word_1_122' title='bbox 368 1007 415 1040; x_wconf 88' lang='lat' dir='ltr'>rc</span> <span class='ocrx_word' id='word_1_123' title='bbox 437 990 485 1037; x_wconf 77' lang='lat'>&amp;</span> <span class='ocrx_word' id='word_1_124' title='bbox 505 990 738 1037; x_wconf 89' lang='lat' dir='ltr'>debilitare</span> <span class='ocrx_word' id='word_1_125' title='bbox 761 988 973 1051; x_wconf 87' lang='lat' dir='ltr'>cupiens,</span> <span class='ocrx_word' id='word_1_126' title='bbox 1010 992 1046 1024; x_wconf 88' lang='lat'>7¹</span> <span class='ocrx_word' id='word_1_127' title='bbox 1075 982 1471 1032; x_wconf 82' lang='lat' dir='ltr'>mansuetissimum</span> <span class='ocrx_word' id='word_1_128' title='bbox 1494 982 1731 1046; x_wconf 82' lang='lat' dir='ltr'>ingenium</span> <span class='ocrx_word' id='word_1_129' title='bbox 1753 982 1908 1042; x_wconf 89' lang='lat' dir='ltr'>suum,</span> <span class='ocrx_word' id='word_1_130' title='bbox 1943 982 1998 1028; x_wconf 85' lang='lat' dir='ltr'>ad</span> <span class='ocrx_word' id='word_1_131' title='bbox 2023 996 2202 1048; x_wconf 87' lang='lat' dir='ltr'>tempus</span> <span class='ocrx_word' id='word_1_132' title='bbox 2233 985 2375 1050; x_wconf 84' lang='lat' dir='ltr'>depo-</span> 
     </span>
     <span class='ocr_line' id='line_1_18' title="bbox 150 1059 2375 1147; baseline -0 -34"><span class='ocrx_word' id='word_1_133' title='bbox 150 1083 252 1147; x_wconf 46' lang='lat' dir='ltr'>{fei-{c</span> <span class='ocrx_word' id='word_1_134' title='bbox 267 1077 347 1114; x_wconf 74' lang='lat' dir='ltr'>APP·</span> <span class='ocrx_word' id='word_1_135' title='bbox 371 1070 452 1116; x_wconf 83' lang='lat' dir='ltr'>fita</span> <span class='ocrx_word' id='word_1_136' title='bbox 471 1067 738 1126; x_wconf 82' lang='lat' dir='ltr'>clementia,</span> <span class='ocrx_word' id='word_1_137' title='bbox 764 1073 802 1106; x_wconf 74' lang='lat'>7²</span> <span class='ocrx_word' id='word_1_138' title='bbox 819 1064 1014 1111; x_wconf 74' lang='lat' dir='ltr'>saeviore</span> <span class='ocrx_word' id='word_1_139' title='bbox 1034 1063 1104 1109; x_wconf 88' lang='lat' dir='ltr'>uti</span> <span class='ocrx_word' id='word_1_140' title='bbox 1117 1061 1347 1109; x_wconf 82' lang='lat' dir='ltr'>severitate</span> <span class='ocrx_word' id='word_1_141' title='bbox 1368 1060 1539 1124; x_wconf 75' lang='lat' dir='ltr'>coegit.</span> <span class='ocrx_word' id='word_1_142' title='bbox 1577 1061 1806 1108; x_wconf 85' lang='lat' dir='ltr'>Omnium</span> <span class='ocrx_word' id='word_1_143' title='bbox 1830 1059 1980 1118; x_wconf 87' lang='lat' dir='ltr'>enim,</span> <span class='ocrx_word' id='word_1_144' title='bbox 2006 1066 2046 1099; x_wconf 75' lang='lat'>73</span> <span class='ocrx_word' id='word_1_145' title='bbox 2070 1061 2148 1124; x_wconf 90' lang='lat' dir='ltr'>qui</span> <span class='ocrx_word' id='word_1_146' title='bbox 2172 1077 2229 1108; x_wconf 82' lang='lat' dir='ltr'>ex</span> <span class='ocrx_word' id='word_1_147' title='bbox 2247 1080 2375 1127; x_wconf 83' lang='lat' dir='ltr'>prae-</span> 
     </span>
    </p>
   </div>
   <div class='ocr_carea' id='block_1_13' title="bbox 367 1139 2376 1288">
    <p class='ocr_par' dir='ltr' id='par_1_13' title="bbox 367 1139 2376 1288">
     <span class='ocr_line' id='line_1_19' title="bbox 370 1139 2376 1212; baseline -0.003 -16"><span class='ocrx_word' id='word_1_148' title='bbox 370 1149 487 1196; x_wconf 83' lang='lat' dir='ltr'>fidiis</span> <span class='ocrx_word' id='word_1_149' title='bbox 512 1146 736 1195; x_wconf 84' lang='lat' dir='ltr'>Romanis</span> <span class='ocrx_word' id='word_1_150' title='bbox 767 1143 822 1190; x_wconf 85' lang='lat' dir='ltr'>ad</span> <span class='ocrx_word' id='word_1_151' title='bbox 855 1142 1003 1212; x_wconf 84' lang='lat' dir='ltr'>hostes</span> <span class='ocrx_word' id='word_1_152' title='bbox 1035 1140 1365 1203; x_wconf 84' lang='lat' dir='ltr'>transfugerant</span> <span class='ocrx_word' id='word_1_153' title='bbox 1386 1173 1401 1198; x_wconf 87' lang='lat'>,</span> <span class='ocrx_word' id='word_1_154' title='bbox 1446 1140 1661 1202; x_wconf 83' lang='lat' dir='ltr'>captique</span> <span class='ocrx_word' id='word_1_155' title='bbox 1689 1152 1842 1198; x_wconf 83' lang='lat' dir='ltr'>erant,</span> <span class='ocrx_word' id='word_1_156' title='bbox 1887 1155 2044 1186; x_wconf 80' lang='lat' dir='ltr'>manus</span> <span class='ocrx_word' id='word_1_157' title='bbox 2074 1139 2285 1189; x_wconf 81' lang='lat' dir='ltr'>abscidit:</span> <span class='ocrx_word' id='word_1_158' title='bbox 2321 1162 2376 1196; x_wconf 74' lang='lat' dir='ltr'>ut</span> 
     </span>
     <span class='ocr_line' id='line_1_20' title="bbox 367 1215 2375 1288; baseline -0.003 -15"><span class='ocrx_word' id='word_1_159' title='bbox 367 1240 529 1273; x_wconf 86' lang='lat' dir='ltr'>trunca</span> <span class='ocrx_word' id='word_1_160' title='bbox 547 1238 651 1288; x_wconf 87' lang='lat' dir='ltr'>prae</span> <span class='ocrx_word' id='word_1_161' title='bbox 674 1221 715 1268; x_wconf 90' lang='lat' dir='ltr'>se</span> <span class='ocrx_word' id='word_1_162' title='bbox 731 1220 916 1268; x_wconf 85' lang='lat' dir='ltr'>brachia</span> <span class='ocrx_word' id='word_1_163' title='bbox 937 1219 1159 1284; x_wconf 84' lang='lat' dir='ltr'>gestantes</span> <span class='ocrx_word' id='word_1_164' title='bbox 1176 1215 1442 1269; x_wconf 67' lang='lat' dir='ltr'>defectionis</span> <span class='ocrx_word' id='word_1_165' title='bbox 1468 1228 1644 1262; x_wconf 89' lang='lat' dir='ltr'>metum</span> <span class='ocrx_word' id='word_1_166' title='bbox 1665 1216 1846 1281; x_wconf 89' lang='lat' dir='ltr'>reliquis</span> <span class='ocrx_word' id='word_1_167' title='bbox 1880 1216 2132 1279; x_wconf 86' lang='lat' dir='ltr'>injicerent.</span> <span class='ocrx_word' id='word_1_168' title='bbox 2200 1218 2375 1267; x_wconf 86' lang='lat' dir='ltr'>Rebel-</span> 
     </span>
    </p>
   </div>
   <div class='ocr_carea' id='block_1_14' title="bbox 371 1445 469 1471">
    <p class='ocr_par' dir='ltr' id='par_1_14' title="bbox 371 1445 469 1471">
     <span class='ocr_line' id='line_1_21' title="bbox 371 1445 469 1471; baseline -0.01 0"><span class='ocrx_word' id='word_1_169' title='bbox 371 1445 469 1471; x_wconf 67' lang='lat' dir='ltr'>(Uin.</span> 
     </span>
    </p>
   </div>
   <div class='ocr_carea' id='block_1_15' title="bbox 548 1425 1934 1479">
    <p class='ocr_par' dir='ltr' id='par_1_15' title="bbox 548 1425 1934 1479">
     <span class='ocr_line' id='line_1_22' title="bbox 548 1425 1934 1479; baseline -0.004 -10"><span class='ocrx_word' id='word_1_170' title='bbox 548 1430 734 1470; x_wconf 81' lang='lat' dir='ltr'>Nonnulli</span> <span class='ocrx_word' id='word_1_171' title='bbox 761 1429 881 1468; x_wconf 88' lang='lat' dir='ltr'>Codd.</span> <span class='ocrx_word' id='word_1_172' title='bbox 909 1430 1066 1479; x_wconf 73' lang='lat' dir='ltr'>Pifimum</span> <span class='ocrx_word' id='word_1_173' title='bbox 1086 1458 1095 1473; x_wconf 96' lang='lat'>‚</span> <span class='ocrx_word' id='word_1_174' title='bbox 1131 1429 1169 1467; x_wconf 67' lang='grc' dir='ltr'>δε</span> <span class='ocrx_word' id='word_1_175' title='bbox 1198 1427 1343 1465; x_wconf 76' lang='lat' dir='ltr'>dedecore</span> <span class='ocrx_word' id='word_1_176' title='bbox 1393 1426 1595 1476; x_wconf 87' lang='lat' dir='ltr'>posteriore</span> <span class='ocrx_word' id='word_1_177' title='bbox 1626 1427 1807 1465; x_wconf 88' lang='lat' dir='ltr'>Africano</span> <span class='ocrx_word' id='word_1_178' title='bbox 1835 1425 1934 1466; x_wconf 85' lang='lat' dir='ltr'>dicit.</span> 
     </span>
    </p>
   </div>
   <div class='ocr_carea' id='block_1_16' title="bbox 2317 1301 2378 1348">
    <p class='ocr_par' dir='ltr' id='par_1_16' title="bbox 2317 1301 2378 1348">
     <span class='ocr_line' id='line_1_23' title="bbox 2317 1301 2378 1348; baseline 0 0"><span class='ocrx_word' id='word_1_179' title='bbox 2317 1301 2378 1348; x_wconf 87' lang='lat' dir='ltr'>les</span> 
     </span>
    </p>
   </div>
   <div class='ocr_carea' id='block_1_17' title="bbox 1993 1426 2375 1469">
    <p class='ocr_par' dir='ltr' id='par_1_17' title="bbox 1993 1426 2375 1469">
     <span class='ocr_line' id='line_1_24' title="bbox 1993 1426 2375 1469; baseline 0.013 -5"><span class='ocrx_word' id='word_1_180' title='bbox 1993 1426 2185 1466; x_wconf 88' lang='lat' dir='ltr'>Eumdem</span> <span class='ocrx_word' id='word_1_181' title='bbox 2207 1440 2375 1469; x_wconf 88' lang='lat' dir='ltr'>errorem</span> 
     </span>
    </p>
   </div>
   <div class='ocr_carea' id='block_1_18' title="bbox 369 1477 2374 1533">
    <p class='ocr_par' dir='ltr' id='par_1_18' title="bbox 369 1477 2374 1533">
     <span class='ocr_line' id='line_1_25' title="bbox 369 1477 2374 1533; baseline -0.001 -11"><span class='ocrx_word' id='word_1_182' title='bbox 369 1485 466 1522; x_wconf 77' lang='lat' dir='ltr'>Uitr.</span> <span class='ocrx_word' id='word_1_183' title='bbox 487 1484 553 1520; x_wconf 89' lang='lat' dir='ltr'>sec.</span> <span class='ocrx_word' id='word_1_184' title='bbox 575 1482 633 1531; x_wconf 78' lang='lat' dir='ltr'>fiel</span> <span class='ocrx_word' id='word_1_185' title='bbox 650 1496 779 1533; x_wconf 81' lang='lat' dir='ltr'>magno.</span> <span class='ocrx_word' id='word_1_186' title='bbox 832 1483 974 1519; x_wconf 83' lang='lat' dir='ltr'>Veram</span> <span class='ocrx_word' id='word_1_187' title='bbox 991 1482 1203 1530; x_wconf 85' lang='lat' dir='ltr'>scripturam</span> <span class='ocrx_word' id='word_1_188' title='bbox 1226 1481 1343 1517; x_wconf 80' lang='lat' dir='ltr'>serva-</span> <span class='ocrx_word' id='word_1_189' title='bbox 1395 1479 1529 1526; x_wconf 88' lang='lat' dir='ltr'>repetit</span> <span class='ocrx_word' id='word_1_190' title='bbox 1557 1477 1602 1515; x_wconf 85' lang='lat' dir='ltr'>ad</span> <span class='ocrx_word' id='word_1_191' title='bbox 1623 1490 1657 1514; x_wconf 91' lang='lat' dir='ltr'>v.</span> <span class='ocrx_word' id='word_1_192' title='bbox 1688 1491 1720 1515; x_wconf 85' lang='lat'>2.</span> <span class='ocrx_word' id='word_1_193' title='bbox 1740 1478 1823 1515; x_wconf 86' lang='lat' dir='ltr'>Ext.</span> <span class='ocrx_word' id='word_1_194' title='bbox 1850 1491 1882 1525; x_wconf 80' lang='lat'>4.</span> <span class='ocrx_word' id='word_1_195' title='bbox 1922 1479 2038 1526; x_wconf 83' lang='lat' dir='ltr'>magis</span> <span class='ocrx_word' id='word_1_196' title='bbox 2066 1478 2185 1517; x_wconf 87' lang='lat' dir='ltr'>adhuc</span> <span class='ocrx_word' id='word_1_197' title='bbox 2216 1489 2311 1519; x_wconf 85' lang='lat' dir='ltr'>errat</span> <span class='ocrx_word' id='word_1_198' title='bbox 2336 1483 2374 1519; x_wconf 86' lang='lat' dir='ltr'>in</span> 
     </span>
    </p>
   </div>
   <div class='ocr_carea' id='block_1_19' title="bbox 366 1529 1354 3059">
    <p class='ocr_par' dir='ltr' id='par_1_19' title="bbox 366 1529 1348 1686">
     <span class='ocr_line' id='line_1_26' title="bbox 370 1529 1344 1583; baseline -0.007 -10"><span class='ocrx_word' id='word_1_199' title='bbox 370 1537 425 1572; x_wconf 82' lang='lat' dir='ltr'>vit</span> <span class='ocrx_word' id='word_1_200' title='bbox 451 1535 561 1572; x_wconf 76' lang='lat' dir='ltr'>credo</span> <span class='ocrx_word' id='word_1_201' title='bbox 589 1534 696 1571; x_wconf 75' lang='lat' dir='ltr'>Leid.</span> <span class='ocrx_word' id='word_1_202' title='bbox 724 1534 810 1582; x_wconf 82' lang='lat' dir='ltr'>sept.</span> <span class='ocrx_word' id='word_1_203' title='bbox 848 1537 1019 1582; x_wconf 71' lang='lat' dir='ltr'>Magnum</span> <span class='ocrx_word' id='word_1_204' title='bbox 1044 1532 1185 1583; x_wconf 57' lang='lat' dir='ltr'>profec‘lo</span> <span class='ocrx_word' id='word_1_205' title='bbox 1213 1529 1344 1566; x_wconf 60' lang='lat' dir='ltr'>dedans</span> 
     </span>
     <span class='ocr_line' id='line_1_27' title="bbox 366 1582 1348 1637; baseline -0.003 -15"><span class='ocrx_word' id='word_1_206' title='bbox 366 1589 500 1637; x_wconf 71' lang='lat' dir='ltr'>patriae</span> <span class='ocrx_word' id='word_1_207' title='bbox 525 1600 641 1636; x_wconf 80' lang='lat' dir='ltr'>magno</span> <span class='ocrx_word' id='word_1_208' title='bbox 669 1583 815 1621; x_wconf 78' lang='lat' dir='ltr'>dedecore</span> <span class='ocrx_word' id='word_1_209' title='bbox 843 1583 1050 1621; x_wconf 69' lang='lat' dir='ltr'>vindicatum</span> <span class='ocrx_word' id='word_1_210' title='bbox 1077 1586 1130 1631; x_wconf 83' lang='lat' dir='ltr'>est.</span> <span class='ocrx_word' id='word_1_211' title='bbox 1209 1582 1348 1620; x_wconf 77' lang='lat' dir='ltr'>Deleto</span> 
     </span>
     <span class='ocr_line' id='line_1_28' title="bbox 372 1640 634 1686; baseline -0.011 -11"><span class='ocrx_word' id='word_1_212' title='bbox 372 1640 516 1686; x_wconf 72' lang='lat' dir='ltr'>Pifhnis.</span> <span class='ocrx_word' id='word_1_213' title='bbox 631 1664 634 1667; x_wconf 81' lang='lat'>·</span> 
     </span>
    </p>

    <p class='ocr_par' dir='ltr' id='par_1_20' title="bbox 371 1683 1348 1878">
     <span class='ocr_line' id='line_1_29' title="bbox 423 1683 1347 1737; baseline -0.002 -14"><span class='ocrx_word' id='word_1_214' title='bbox 423 1689 482 1726; x_wconf 75' lang='lat'>61.</span> <span class='ocrx_word' id='word_1_215' title='bbox 511 1691 609 1724; x_wconf 73' lang='lat' dir='ltr'><em>Cruce</em></span> <span class='ocrx_word' id='word_1_216' title='bbox 625 1687 816 1737; x_wconf 45' lang='lat' dir='ltr'>digm-&#39;ffimis</span> <span class='ocrx_word' id='word_1_217' title='bbox 839 1684 1023 1736; x_wconf 66' lang='lat' dir='ltr'>fugitivis]</span> <span class='ocrx_word' id='word_1_218' title='bbox 1053 1685 1210 1734; x_wconf 78' lang='lat' dir='ltr'>Aliquot</span> <span class='ocrx_word' id='word_1_219' title='bbox 1239 1683 1347 1721; x_wconf 88' lang='lat' dir='ltr'>MSS.</span> 
     </span>
     <span class='ocr_line' id='line_1_30' title="bbox 371 1736 1348 1789; baseline -0.003 -15"><span class='ocrx_word' id='word_1_220' title='bbox 371 1737 568 1789; x_wconf 72' lang='lat' dir='ltr'>digm‘ffima.</span> <span class='ocrx_word' id='word_1_221' title='bbox 619 1738 738 1787; x_wconf 84' lang='lat' dir='ltr'>Quod</span> <span class='ocrx_word' id='word_1_222' title='bbox 766 1738 934 1786; x_wconf 83' lang='lat' dir='ltr'>praetulit</span> <span class='ocrx_word' id='word_1_223' title='bbox 959 1736 1056 1774; x_wconf 88' lang='lat' dir='ltr'>Rob.</span> <span class='ocrx_word' id='word_1_224' title='bbox 1077 1736 1279 1784; x_wconf 80' lang='lat' dir='ltr'>Stephanus</span> <span class='ocrx_word' id='word_1_225' title='bbox 1309 1747 1348 1771; x_wconf 82' lang='lat' dir='ltr'>e-</span> 
     </span>
     <span class='ocr_line' id='line_1_31' title="bbox 376 1786 1348 1839; baseline -0.002 -13"><span class='ocrx_word' id='word_1_226' title='bbox 376 1790 465 1827; x_wconf 84' lang='lat' dir='ltr'>dens</span> <span class='ocrx_word' id='word_1_227' title='bbox 485 1793 596 1828; x_wconf 83' lang='lat' dir='ltr'>etiam</span> <span class='ocrx_word' id='word_1_228' title='bbox 615 1792 774 1839; x_wconf 53' lang='lat' dir='ltr'>fugitiv.</span> <span class='ocrx_word' id='word_1_229' title='bbox 827 1790 1043 1839; x_wconf 89' lang='lat' dir='ltr'>Utrumque</span> <span class='ocrx_word' id='word_1_230' title='bbox 1063 1795 1207 1837; x_wconf 87' lang='lat' dir='ltr'>praeter</span> <span class='ocrx_word' id='word_1_231' title='bbox 1235 1786 1348 1824; x_wconf 83' lang='lat' dir='ltr'>ratio-</span> 
     </span>
     <span class='ocr_line' id='line_1_32' title="bbox 374 1853 477 1878; baseline 0 0"><span class='ocrx_word' id='word_1_232' title='bbox 374 1853 477 1878; x_wconf 82' lang='lat' dir='ltr'>nem.</span> 
     </span>
    </p>

    <p class='ocr_par' dir='ltr' id='par_1_21' title="bbox 374 1887 1354 3059">
     <span class='ocr_line' id='line_1_33' title="bbox 426 1887 1353 1941; baseline -0.004 -13"><span class='ocrx_word' id='word_1_233' title='bbox 426 1894 484 1929; x_wconf 80' lang='lat'>62.</span> <span class='ocrx_word' id='word_1_234' title='bbox 513 1893 555 1939; x_wconf 53' lang='grc' dir='ltr'>Ω.</span> <span class='ocrx_word' id='word_1_235' title='bbox 579 1891 760 1941; x_wconf 77' lang='lat' dir='ltr'>Metellus]</span> <span class='ocrx_word' id='word_1_236' title='bbox 793 1891 892 1929; x_wconf 87' lang='lat' dir='ltr'>Cum</span> <span class='ocrx_word' id='word_1_237' title='bbox 914 1897 973 1929; x_wconf 88' lang='lat' dir='ltr'>tot</span> <span class='ocrx_word' id='word_1_238' title='bbox 995 1889 1132 1927; x_wconf 88' lang='lat' dir='ltr'>fuerint</span> <span class='ocrx_word' id='word_1_239' title='bbox 1154 1887 1353 1937; x_wconf 87' lang='lat' dir='ltr'>Q.Metel-</span> 
     </span>
     <span class='ocr_line' id='line_1_34' title="bbox 377 1939 1351 1991; baseline -0.006 -11"><span class='ocrx_word' id='word_1_240' title='bbox 377 1942 428 1987; x_wconf 92' lang='lat' dir='ltr'>li,</span> <span class='ocrx_word' id='word_1_241' title='bbox 455 1956 501 1980; x_wconf 90' lang='lat' dir='ltr'>ne</span> <span class='ocrx_word' id='word_1_242' title='bbox 524 1955 600 1980; x_wconf 88' lang='lat' dir='ltr'>uno</span> <span class='ocrx_word' id='word_1_243' title='bbox 622 1943 775 1991; x_wconf 87' lang='lat' dir='ltr'>quidem</span> <span class='ocrx_word' id='word_1_244' title='bbox 796 1942 912 1980; x_wconf 82' lang='lat' dir='ltr'>verbo</span> <span class='ocrx_word' id='word_1_245' title='bbox 936 1941 1103 1989; x_wconf 82' lang='lat' dir='ltr'>dignatus</span> <span class='ocrx_word' id='word_1_246' title='bbox 1125 1939 1173 1976; x_wconf 91' lang='lat' dir='ltr'>est</span> <span class='ocrx_word' id='word_1_247' title='bbox 1192 1939 1253 1976; x_wconf 88' lang='lat' dir='ltr'>hic</span> <span class='ocrx_word' id='word_1_248' title='bbox 1280 1950 1351 1975; x_wconf 91' lang='lat' dir='ltr'>no-</span> 
     </span>
     <span class='ocr_line' id='line_1_35' title="bbox 374 1989 1352 2044; baseline -0.007 -13"><span class='ocrx_word' id='word_1_249' title='bbox 374 1994 443 2031; x_wconf 83' lang='lat' dir='ltr'>ster</span> <span class='ocrx_word' id='word_1_250' title='bbox 463 1994 590 2032; x_wconf 59' lang='lat' dir='ltr'>aanor</span> <span class='ocrx_word' id='word_1_251' title='bbox 603 1994 669 2037; x_wconf 90' lang='lat' dir='ltr'>‚de</span> <span class='ocrx_word' id='word_1_252' title='bbox 688 2006 854 2044; x_wconf 82' lang='lat' dir='ltr'>quonam</span> <span class='ocrx_word' id='word_1_253' title='bbox 867 1993 1023 2030; x_wconf 85' lang='lat' dir='ltr'>Metello</span> <span class='ocrx_word' id='word_1_254' title='bbox 1042 1991 1236 2040; x_wconf 83' lang='lat' dir='ltr'>loquatur,</span> <span class='ocrx_word' id='word_1_255' title='bbox 1256 1989 1352 2025; x_wconf 84' lang='lat' dir='ltr'>indi-</span> 
     </span>
     <span class='ocr_line' id='line_1_36' title="bbox 378 2038 1351 2089; baseline -0.006 -8"><span class='ocrx_word' id='word_1_256' title='bbox 378 2057 472 2082; x_wconf 73' lang='lat' dir='ltr'>care.</span> <span class='ocrx_word' id='word_1_257' title='bbox 526 2046 711 2082; x_wconf 80' lang='lat' dir='ltr'>Oliverius</span> <span class='ocrx_word' id='word_1_258' title='bbox 734 2044 778 2081; x_wconf 86' lang='lat' dir='ltr'>de</span> <span class='ocrx_word' id='word_1_259' title='bbox 801 2043 1006 2080; x_wconf 89' lang='lat' dir='ltr'>Numidico</span> <span class='ocrx_word' id='word_1_260' title='bbox 1031 2051 1225 2089; x_wconf 85' lang='lat' dir='ltr'>perperam</span> <span class='ocrx_word' id='word_1_261' title='bbox 1244 2038 1351 2076; x_wconf 87' lang='lat' dir='ltr'>intel-</span> 
     </span>
     <span class='ocr_line' id='line_1_37' title="bbox 377 2090 1350 2137; baseline -0.006 -6"><span class='ocrx_word' id='word_1_262' title='bbox 377 2096 475 2133; x_wconf 75' lang='lat' dir='ltr'>lexit.</span> <span class='ocrx_word' id='word_1_263' title='bbox 528 2097 588 2133; x_wconf 88' lang='lat' dir='ltr'>De</span> <span class='ocrx_word' id='word_1_264' title='bbox 611 2094 865 2132; x_wconf 86' lang='lat' dir='ltr'>Macedonico</span> <span class='ocrx_word' id='word_1_265' title='bbox 884 2094 985 2130; x_wconf 88' lang='lat' dir='ltr'>enim</span> <span class='ocrx_word' id='word_1_266' title='bbox 1009 2103 1050 2128; x_wconf 91' lang='lat' dir='ltr'>ea</span> <span class='ocrx_word' id='word_1_267' title='bbox 1076 2090 1350 2137; x_wconf 83' lang='lat' dir='ltr'>intelliguntur,</span> 
     </span>
     <span class='ocr_line' id='line_1_38' title="bbox 382 2140 1353 2183; baseline -0.007 0"><span class='ocrx_word' id='word_1_268' title='bbox 382 2154 420 2182; x_wconf 85' lang='lat' dir='ltr'>ut</span> <span class='ocrx_word' id='word_1_269' title='bbox 442 2147 595 2183; x_wconf 73' lang='lat' dir='ltr'>habetur</span> <span class='ocrx_word' id='word_1_270' title='bbox 615 2145 819 2182; x_wconf 85' lang='lat' dir='ltr'>luculenter</span> <span class='ocrx_word' id='word_1_271' title='bbox 840 2145 917 2180; x_wconf 82' lang='lat' dir='ltr'>satis</span> <span class='ocrx_word' id='word_1_272' title='bbox 935 2155 979 2180; x_wconf 83' lang='lat' dir='ltr'>ex</span> <span class='ocrx_word' id='word_1_273' title='bbox 1000 2142 1112 2179; x_wconf 87' lang='lat' dir='ltr'>Floro</span> <span class='ocrx_word' id='word_1_274' title='bbox 1135 2142 1171 2178; x_wconf 88' lang='lat' dir='ltr'>in</span> <span class='ocrx_word' id='word_1_275' title='bbox 1191 2140 1292 2177; x_wconf 88' lang='lat' dir='ltr'>Livii</span> <span class='ocrx_word' id='word_1_276' title='bbox 1314 2151 1353 2176; x_wconf 91' lang='lat' dir='ltr'>e-</span> 
     </span>
     <span class='ocr_line' id='line_1_39' title="bbox 380 2189 1351 2244; baseline -0.006 -12"><span class='ocrx_word' id='word_1_277' title='bbox 380 2197 525 2244; x_wconf 80' lang='lat' dir='ltr'>pitome</span> <span class='ocrx_word' id='word_1_278' title='bbox 546 2196 628 2232; x_wconf 86' lang='lat' dir='ltr'>Lib.</span> <span class='ocrx_word' id='word_1_279' title='bbox 649 2207 733 2233; x_wconf 76' lang='lat' dir='ltr'>tm.</span> <span class='ocrx_word' id='word_1_280' title='bbox 762 2194 939 2232; x_wconf 84' lang='lat' dir='ltr'>Meminit</span> <span class='ocrx_word' id='word_1_281' title='bbox 959 2193 1078 2230; x_wconf 87' lang='lat' dir='ltr'>obiter</span> <span class='ocrx_word' id='word_1_282' title='bbox 1101 2190 1284 2229; x_wconf 84' lang='lat' dir='ltr'>&amp;Plinius</span> <span class='ocrx_word' id='word_1_283' title='bbox 1306 2189 1351 2228; x_wconf 87' lang='lat' dir='ltr'>de</span> 
     </span>
     <span class='ocr_line' id='line_1_40' title="bbox 382 2241 1352 2290; baseline -0.007 -6"><span class='ocrx_word' id='word_1_284' title='bbox 382 2248 481 2284; x_wconf 83' lang='lat' dir='ltr'>Viris</span> <span class='ocrx_word' id='word_1_285' title='bbox 510 2247 722 2290; x_wconf 77' lang='lat' dir='ltr'>illustribus,</span> <span class='ocrx_word' id='word_1_286' title='bbox 749 2246 809 2282; x_wconf 90' lang='lat' dir='ltr'>ubi</span> <span class='ocrx_word' id='word_1_287' title='bbox 838 2245 882 2281; x_wconf 90' lang='lat' dir='ltr'>de</span> <span class='ocrx_word' id='word_1_288' title='bbox 909 2243 1068 2281; x_wconf 86' lang='lat' dir='ltr'>Metello</span> <span class='ocrx_word' id='word_1_289' title='bbox 1098 2241 1352 2279; x_wconf 83' lang='lat' dir='ltr'>Macedonico</span> 
     </span>
     <span class='ocr_line' id='line_1_41' title="bbox 379 2291 1354 2347; baseline -0.007 -12"><span class='ocrx_word' id='word_1_290' title='bbox 379 2306 595 2347; x_wconf 84' lang='lat' dir='ltr'>temporum</span> <span class='ocrx_word' id='word_1_291' title='bbox 618 2298 711 2334; x_wconf 85' lang='lat' dir='ltr'>ratio</span> <span class='ocrx_word' id='word_1_292' title='bbox 732 2294 1126 2344; x_wconf 82' lang='lat' dir='ltr'>potuiffetOliverium</span> <span class='ocrx_word' id='word_1_293' title='bbox 1141 2291 1354 2330; x_wconf 86' lang='lat' dir='ltr'>admonuis-</span> 
     </span>
     <span class='ocr_line' id='line_1_42' title="bbox 378 2344 1354 2390; baseline -0.008 -4"><span class='ocrx_word' id='word_1_294' title='bbox 378 2349 414 2386; x_wconf 88' lang='lat' dir='ltr'>se</span> <span class='ocrx_word' id='word_1_295' title='bbox 442 2349 467 2386; x_wconf 87' lang='lat' dir='ltr'><strong>fi</strong></span> <span class='ocrx_word' id='word_1_296' title='bbox 495 2357 649 2386; x_wconf 83' lang='lat' dir='ltr'>attentus</span> <span class='ocrx_word' id='word_1_297' title='bbox 677 2345 805 2384; x_wconf 82' lang='lat' dir='ltr'>fuiffet.</span> <span class='ocrx_word' id='word_1_298' title='bbox 835 2345 1107 2383; x_wconf 77' lang='lat' dir='ltr'>GLAREAN.</span> <span class='ocrx_word' id='word_1_299' title='bbox 1158 2345 1200 2390; x_wconf 65' lang='grc' dir='ltr'>Ω.</span> <span class='ocrx_word' id='word_1_300' title='bbox 1224 2344 1354 2379; x_wconf 78' lang='lat' dir='ltr'>Metel-</span> 
     </span>
     <span class='ocr_line' id='line_1_43' title="bbox 378 2394 1352 2447; baseline -0.004 -11"><span class='ocrx_word' id='word_1_301' title='bbox 378 2402 443 2437; x_wconf 77' lang='lat' dir='ltr'>lus.</span> <span class='ocrx_word' id='word_1_302' title='bbox 473 2400 712 2447; x_wconf 82' lang='lat' dir='ltr'>Cognomine</span> <span class='ocrx_word' id='word_1_303' title='bbox 745 2396 965 2439; x_wconf 52' lang='lat' dir='ltr'>Mzmidicuss</span> <span class='ocrx_word' id='word_1_304' title='bbox 1003 2396 1106 2446; x_wconf 89' lang='lat' dir='ltr'>quod</span> <span class='ocrx_word' id='word_1_305' title='bbox 1133 2394 1352 2442; x_wconf 77' lang='lat' dir='ltr'>Jugurtham</span> 
     </span>
     <span class='ocr_line' id='line_1_44' title="bbox 383 2446 1352 2496; baseline -0.007 -8"><span class='ocrx_word' id='word_1_306' title='bbox 383 2450 587 2488; x_wconf 84' lang='lat' dir='ltr'>Numidiae</span> <span class='ocrx_word' id='word_1_307' title='bbox 609 2451 752 2496; x_wconf 80' lang='lat' dir='ltr'>Regem</span> <span class='ocrx_word' id='word_1_308' title='bbox 773 2449 911 2496; x_wconf 80' lang='lat' dir='ltr'>primus</span> <span class='ocrx_word' id='word_1_309' title='bbox 929 2456 1031 2495; x_wconf 84' lang='lat' dir='ltr'>terga</span> <span class='ocrx_word' id='word_1_310' title='bbox 1052 2446 1138 2483; x_wconf 84' lang='lat' dir='ltr'>dare</span> <span class='ocrx_word' id='word_1_311' title='bbox 1167 2448 1352 2493; x_wconf 83' lang='lat' dir='ltr'>co&#39;e&#39;gerat.</span> 
     </span>
     <span class='ocr_line' id='line_1_45' title="bbox 383 2495 1353 2550; baseline -0.007 -12"><span class='ocrx_word' id='word_1_312' title='bbox 383 2502 453 2538; x_wconf 85' lang='lat' dir='ltr'>Sed</span> <span class='ocrx_word' id='word_1_313' title='bbox 475 2513 541 2550; x_wconf 84' lang='lat' dir='ltr'>pro</span> <span class='ocrx_word' id='word_1_314' title='bbox 561 2501 787 2549; x_wconf 49' lang='lat' dir='ltr'>Qfidetelltos</span> <span class='ocrx_word' id='word_1_315' title='bbox 809 2498 980 2535; x_wconf 84' lang='lat' dir='ltr'>Schottus</span> <span class='ocrx_word' id='word_1_316' title='bbox 999 2499 1037 2533; x_wconf 91' lang='lat' dir='ltr'>in</span> <span class='ocrx_word' id='word_1_317' title='bbox 1058 2497 1122 2533; x_wconf 90' lang='lat' dir='ltr'>suo</span> <span class='ocrx_word' id='word_1_318' title='bbox 1145 2495 1226 2532; x_wconf 87' lang='lat' dir='ltr'>cod.</span> <span class='ocrx_word' id='word_1_319' title='bbox 1248 2508 1353 2544; x_wconf 88' lang='lat' dir='ltr'>repe-</span> 
     </span>
     <span class='ocr_line' id='line_1_46' title="bbox 379 2547 1354 2601; baseline -0.007 -12"><span class='ocrx_word' id='word_1_320' title='bbox 379 2554 428 2589; x_wconf 77' lang='lat' dir='ltr'>rit</span> <span class='ocrx_word' id='word_1_321' title='bbox 449 2554 491 2601; x_wconf 61' lang='lat' dir='ltr'>Q.</span> <span class='ocrx_word' id='word_1_322' title='bbox 509 2551 648 2597; x_wconf 64' lang='lat' dir='ltr'>Mefffius</span> <span class='ocrx_word' id='word_1_323' title='bbox 664 2578 673 2593; x_wconf 91' lang='lat'>,</span> <span class='ocrx_word' id='word_1_324' title='bbox 706 2558 745 2587; x_wconf 89' lang='lat' dir='ltr'>ut</span> <span class='ocrx_word' id='word_1_325' title='bbox 773 2548 873 2586; x_wconf 84' lang='lat' dir='ltr'>idem</span> <span class='ocrx_word' id='word_1_326' title='bbox 895 2547 979 2584; x_wconf 89' lang='lat' dir='ltr'>Obs.</span> <span class='ocrx_word' id='word_1_327' title='bbox 1011 2547 1116 2583; x_wconf 89' lang='lat' dir='ltr'>hum.</span> <span class='ocrx_word' id='word_1_328' title='bbox 1138 2558 1187 2581; x_wconf 78' lang='lat'>111</span> <span class='ocrx_word' id='word_1_329' title='bbox 1212 2558 1271 2594; x_wconf 85' lang='lat'>30.</span> <span class='ocrx_word' id='word_1_330' title='bbox 1298 2553 1354 2583; x_wconf 90' lang='lat' dir='ltr'>te-</span> 
     </span>
     <span class='ocr_line' id='line_1_47' title="bbox 380 2596 1352 2646; baseline -0.009 -5"><span class='ocrx_word' id='word_1_331' title='bbox 380 2604 501 2641; x_wconf 69' lang='lat' dir='ltr'>statur.</span> <span class='ocrx_word' id='word_1_332' title='bbox 529 2601 722 2639; x_wconf 85' lang='lat' dir='ltr'>VORST.</span> <span class='ocrx_word' id='word_1_333' title='bbox 752 2602 793 2646; x_wconf 68' lang='grc' dir='ltr'>Ω.</span> <span class='ocrx_word' id='word_1_334' title='bbox 816 2600 995 2634; x_wconf 64' lang='lat' dir='ltr'>Metellus.</span> <span class='ocrx_word' id='word_1_335' title='bbox 1022 2597 1105 2635; x_wconf 90' lang='lat' dir='ltr'>MS.</span> <span class='ocrx_word' id='word_1_336' title='bbox 1133 2597 1174 2642; x_wconf 64' lang='grc' dir='ltr'>ῼ</span> <span class='ocrx_word' id='word_1_337' title='bbox 1197 2596 1352 2642; x_wconf 59' lang='lat' dir='ltr'>Megffius,</span> 
     </span>
     <span class='ocr_line' id='line_1_48' title="bbox 381 2646 1354 2704; baseline -0.008 -12"><span class='ocrx_word' id='word_1_338' title='bbox 381 2654 486 2704; x_wconf 81' lang='lat' dir='ltr'>quod</span> <span class='ocrx_word' id='word_1_339' title='bbox 517 2654 643 2690; x_wconf 88' lang='lat' dir='ltr'>miror.</span> <span class='ocrx_word' id='word_1_340' title='bbox 702 2649 821 2688; x_wconf 81' lang='lat' dir='ltr'>Valde</span> <span class='ocrx_word' id='word_1_341' title='bbox 848 2661 938 2686; x_wconf 77' lang='lat' dir='ltr'>vero</span> <span class='ocrx_word' id='word_1_342' title='bbox 971 2656 1065 2685; x_wconf 84' lang='lat' dir='ltr'>errat</span> <span class='ocrx_word' id='word_1_343' title='bbox 1095 2646 1262 2684; x_wconf 86' lang='lat' dir='ltr'>Vorstius</span> <span class='ocrx_word' id='word_1_344' title='bbox 1290 2648 1354 2695; x_wconf 85' lang='lat' dir='ltr'>qui</span> 
     </span>
     <span class='ocr_line' id='line_1_49' title="bbox 382 2697 1352 2749; baseline -0.009 -6"><span class='ocrx_word' id='word_1_345' title='bbox 382 2706 538 2742; x_wconf 82' lang='lat' dir='ltr'>affirmat</span> <span class='ocrx_word' id='word_1_346' title='bbox 559 2705 658 2741; x_wconf 86' lang='lat' dir='ltr'>hunc</span> <span class='ocrx_word' id='word_1_347' title='bbox 679 2699 780 2740; x_wconf 81' lang='lat' dir='ltr'>fuiffe</span> <span class='ocrx_word' id='word_1_348' title='bbox 803 2699 1013 2737; x_wconf 62' lang='lat' dir='ltr'>Numidicum</span> <span class='ocrx_word' id='word_1_349' title='bbox 1028 2727 1037 2743; x_wconf 94' lang='lat'>,</span> <span class='ocrx_word' id='word_1_350' title='bbox 1064 2710 1181 2749; x_wconf 90' lang='lat' dir='ltr'>quum</span> <span class='ocrx_word' id='word_1_351' title='bbox 1211 2697 1248 2733; x_wconf 89' lang='lat' dir='ltr'>in</span> <span class='ocrx_word' id='word_1_352' title='bbox 1275 2704 1352 2736; x_wconf 78' lang='lat' dir='ltr'>tam</span> 
     </span>
     <span class='ocr_line' id='line_1_50' title="bbox 385 2748 1353 2794; baseline -0.011 0"><span class='ocrx_word' id='word_1_353' title='bbox 385 2758 481 2794; x_wconf 84' lang='lat' dir='ltr'>clara</span> <span class='ocrx_word' id='word_1_354' title='bbox 499 2755 668 2792; x_wconf 87' lang='lat' dir='ltr'>historiae</span> <span class='ocrx_word' id='word_1_355' title='bbox 700 2752 959 2790; x_wconf 83' lang='lat' dir='ltr'>celeberrimae</span> <span class='ocrx_word' id='word_1_356' title='bbox 989 2750 1070 2787; x_wconf 77' lang='lat' dir='ltr'>luce</span> <span class='ocrx_word' id='word_1_357' title='bbox 1093 2748 1232 2786; x_wconf 88' lang='lat' dir='ltr'>constet</span> <span class='ocrx_word' id='word_1_358' title='bbox 1258 2748 1353 2785; x_wconf 88' lang='lat' dir='ltr'>inter</span> 
     </span>
     <span class='ocr_line' id='line_1_51' title="bbox 383 2799 1352 2847; baseline -0.009 -2"><span class='ocrx_word' id='word_1_359' title='bbox 383 2819 518 2844; x_wconf 82' lang='lat' dir='ltr'>omnes</span> <span class='ocrx_word' id='word_1_360' title='bbox 548 2803 650 2843; x_wconf 87' lang='lat' dir='ltr'>fuisse</span> <span class='ocrx_word' id='word_1_361' title='bbox 682 2802 930 2840; x_wconf 73' lang='lat' dir='ltr'>Macedonicum</span> <span class='ocrx_word' id='word_1_362' title='bbox 969 2799 1162 2839; x_wconf 83' lang='lat' dir='ltr'>Numidici</span> <span class='ocrx_word' id='word_1_363' title='bbox 1198 2807 1352 2847; x_wconf 80' lang='lat' dir='ltr'>patrem.</span> 
     </span>
     <span class='ocr_line' id='line_1_52' title="bbox 385 2851 1353 2903; baseline -0.009 -9"><span class='ocrx_word' id='word_1_364' title='bbox 385 2858 560 2895; x_wconf 85' lang='lat' dir='ltr'>Similiter</span> <span class='ocrx_word' id='word_1_365' title='bbox 591 2864 686 2893; x_wconf 80' lang='lat' dir='ltr'>errat</span> <span class='ocrx_word' id='word_1_366' title='bbox 714 2855 759 2892; x_wconf 87' lang='lat' dir='ltr'>ad</span> <span class='ocrx_word' id='word_1_367' title='bbox 778 2855 846 2891; x_wconf 80' lang='lat' dir='ltr'>Ex.</span> <span class='ocrx_word' id='word_1_368' title='bbox 874 2866 929 2903; x_wconf 78' lang='lat'>13.</span> <span class='ocrx_word' id='word_1_369' title='bbox 958 2864 1075 2902; x_wconf 84' lang='lat' dir='ltr'>quum</span> <span class='ocrx_word' id='word_1_370' title='bbox 1098 2851 1185 2888; x_wconf 90' lang='lat' dir='ltr'>dicit</span> <span class='ocrx_word' id='word_1_371' title='bbox 1198 2852 1353 2899; x_wconf 79' lang='lat' dir='ltr'>posterio-</span> 
     </span>
     <span class='ocr_line' id='line_1_53' title="bbox 384 2902 1351 2954; baseline -0.008 -9"><span class='ocrx_word' id='word_1_372' title='bbox 384 2925 452 2945; x_wconf 77' lang='lat' dir='ltr'>rem</span> <span class='ocrx_word' id='word_1_373' title='bbox 482 2910 692 2954; x_wconf 46' lang='lat' dir='ltr'>‘Africanum</span> <span class='ocrx_word' id='word_1_374' title='bbox 720 2904 823 2943; x_wconf 80' lang='lat' dir='ltr'>fuisse</span> <span class='ocrx_word' id='word_1_375' title='bbox 851 2904 871 2942; x_wconf 72' lang='lat' dir='ltr'>a</span> <span class='ocrx_word' id='word_1_376' title='bbox 903 2904 1075 2952; x_wconf 89' lang='lat' dir='ltr'>Scipione</span> <span class='ocrx_word' id='word_1_377' title='bbox 1106 2902 1325 2948; x_wconf 85' lang='lat' dir='ltr'>adoptatum</span> <span class='ocrx_word' id='word_1_378' title='bbox 1342 2930 1351 2945; x_wconf 97' lang='lat'>,</span> 
     </span>
     <span class='ocr_line' id='line_1_54' title="bbox 385 2951 1353 3009; baseline -0.007 -12"><span class='ocrx_word' id='word_1_379' title='bbox 385 2971 504 3009; x_wconf 82' lang='lat' dir='ltr'>quum</span> <span class='ocrx_word' id='word_1_380' title='bbox 525 2960 634 2995; x_wconf 89' lang='lat' dir='ltr'>fuerit</span> <span class='ocrx_word' id='word_1_381' title='bbox 657 2957 701 2994; x_wconf 85' lang='lat' dir='ltr'>ab</span> <span class='ocrx_word' id='word_1_382' title='bbox 723 2958 800 3005; x_wconf 81' lang='lat' dir='ltr'>ejus</span> <span class='ocrx_word' id='word_1_383' title='bbox 822 2956 898 2993; x_wconf 79' lang='lat' dir='ltr'>filio</span> <span class='ocrx_word' id='word_1_384' title='bbox 925 2954 1131 3002; x_wconf 85' lang='lat' dir='ltr'>adoptatus.</span> <span class='ocrx_word' id='word_1_385' title='bbox 1183 2951 1295 2989; x_wconf 90' lang='lat' dir='ltr'>Unde</span> <span class='ocrx_word' id='word_1_386' title='bbox 1316 2953 1353 2990; x_wconf 63' lang='grc' dir='ltr'>ὃς</span> 
     </span>
     <span class='ocr_line' id='line_1_55' title="bbox 383 3003 1354 3059; baseline -0.008 -10"><span class='ocrx_word' id='word_1_387' title='bbox 383 3012 455 3059; x_wconf 50' lang='lat' dir='ltr'>mse</span> <span class='ocrx_word' id='word_1_388' title='bbox 475 3010 598 3048; x_wconf 75' lang='lat' dir='ltr'>Valer.</span> <span class='ocrx_word' id='word_1_389' title='bbox 618 3009 693 3047; x_wconf 74' lang='lat' dir='ltr'>-hoc</span> <span class='ocrx_word' id='word_1_390' title='bbox 712 3020 789 3057; x_wconf 77' lang='lat' dir='ltr'>cap.</span> <span class='ocrx_word' id='word_1_391' title='bbox 813 3007 879 3045; x_wconf 84' lang='lat' dir='ltr'>Ex.</span> <span class='ocrx_word' id='word_1_392' title='bbox 903 3020 931 3045; x_wconf 92' lang='lat'>1.</span> <span class='ocrx_word' id='word_1_393' title='bbox 958 3008 1089 3044; x_wconf 58' lang='lat' dir='ltr'>avitum</span> <span class='ocrx_word' id='word_1_394' title='bbox 1118 3018 1287 3056; x_wconf 70' lang='lat' dir='ltr'>cognomen</span> <span class='ocrx_word' id='word_1_395' title='bbox 1309 3003 1354 3041; x_wconf 91' lang='lat' dir='ltr'>de</span> 
     </span>
    </p>
   </div>
   <div class='ocr_carea' id='block_1_20' title="bbox 1399 1528 2375 1581">
    <p class='ocr_par' dir='ltr' id='par_1_22' title="bbox 1399 1528 2375 1581">
     <span class='ocr_line' id='line_1_56' title="bbox 1399 1528 2375 1581; baseline 0.001 -14"><span class='ocrx_word' id='word_1_396' title='bbox 1399 1529 1605 1578; x_wconf 83' lang='lat' dir='ltr'>adoptione</span> <span class='ocrx_word' id='word_1_397' title='bbox 1633 1528 1679 1566; x_wconf 91' lang='lat' dir='ltr'>ad</span> <span class='ocrx_word' id='word_1_398' title='bbox 1707 1541 1769 1565; x_wconf 89' lang='lat'>111.</span> <span class='ocrx_word' id='word_1_399' title='bbox 1792 1540 1824 1575; x_wconf 91' lang='lat'>7.</span> <span class='ocrx_word' id='word_1_400' title='bbox 1848 1542 1879 1565; x_wconf 83' lang='lat' dir='ltr'>z.</span> <span class='ocrx_word' id='word_1_401' title='bbox 1907 1530 2150 1567; x_wconf 83' lang='lat' dir='ltr'>PERIZON.</span> <span class='ocrx_word' id='word_1_402' title='bbox 2211 1532 2256 1581; x_wconf 58' lang='lat' dir='ltr'>Q</span> <span class='ocrx_word' id='word_1_403' title='bbox 2275 1536 2375 1581; x_wconf 60' lang='lat' dir='ltr'>Mesl</span> 
     </span>
    </p>
   </div>
   <div class='ocr_carea' id='block_1_21' title="bbox 1392 1579 2377 1629">
    <p class='ocr_par' dir='ltr' id='par_1_23' title="bbox 1392 1579 2377 1629">
     <span class='ocr_line' id='line_1_57' title="bbox 1392 1579 2377 1629; baseline 0.005 -13"><span class='ocrx_word' id='word_1_404' title='bbox 1392 1582 1465 1629; x_wconf 74' lang='lat' dir='ltr'>fius</span> <span class='ocrx_word' id='word_1_405' title='bbox 1485 1579 1532 1617; x_wconf 88' lang='lat' dir='ltr'>est</span> <span class='ocrx_word' id='word_1_406' title='bbox 1554 1581 1666 1618; x_wconf 87' lang='lat' dir='ltr'>etiam</span> <span class='ocrx_word' id='word_1_407' title='bbox 1697 1579 1734 1616; x_wconf 91' lang='lat' dir='ltr'>in</span> <span class='ocrx_word' id='word_1_408' title='bbox 1755 1580 1897 1617; x_wconf 85' lang='lat' dir='ltr'>duobus</span> <span class='ocrx_word' id='word_1_409' title='bbox 1919 1582 2030 1618; x_wconf 89' lang='lat' dir='ltr'>Rem.</span> <span class='ocrx_word' id='word_1_410' title='bbox 2055 1581 2091 1616; x_wconf 89' lang='lat' dir='ltr'>V</span> <span class='ocrx_word' id='word_1_411' title='bbox 2096 1579 2160 1618; x_wconf 82' lang='lat' dir='ltr'>off.</span> <span class='ocrx_word' id='word_1_412' title='bbox 2180 1582 2287 1620; x_wconf 89' lang='lat' dir='ltr'>Leid.</span> <span class='ocrx_word' id='word_1_413' title='bbox 2306 1584 2377 1621; x_wconf 85' lang='lat' dir='ltr'>sec.</span> 
     </span>
    </p>
   </div>
   <div class='ocr_carea' id='block_1_22' title="bbox 1398 1629 2378 1885">
    <p class='ocr_par' dir='ltr' id='par_1_24' title="bbox 1398 1629 2378 1885">
     <span class='ocr_line' id='line_1_58' title="bbox 1399 1629 2377 1683; baseline 0.004 -14"><span class='ocrx_word' id='word_1_414' title='bbox 1399 1632 1486 1669; x_wconf 83' lang='lat' dir='ltr'>sext.</span> <span class='ocrx_word' id='word_1_415' title='bbox 1507 1632 1593 1681; x_wconf 89' lang='lat' dir='ltr'>sept.</span> <span class='ocrx_word' id='word_1_416' title='bbox 1622 1629 1693 1669; x_wconf 89' lang='lat' dir='ltr'>Sed</span> <span class='ocrx_word' id='word_1_417' title='bbox 1710 1631 1770 1668; x_wconf 90' lang='lat' dir='ltr'>hic</span> <span class='ocrx_word' id='word_1_418' title='bbox 1787 1631 1855 1668; x_wconf 87' lang='lat' dir='ltr'>alia</span> <span class='ocrx_word' id='word_1_419' title='bbox 1879 1642 1994 1669; x_wconf 84' lang='lat' dir='ltr'>manu</span> <span class='ocrx_word' id='word_1_420' title='bbox 2014 1633 2182 1668; x_wconf 74' lang='lat' dir='ltr'>Metellus</span> <span class='ocrx_word' id='word_1_421' title='bbox 2201 1634 2239 1671; x_wconf 91' lang='lat' dir='ltr'>in</span> <span class='ocrx_word' id='word_1_422' title='bbox 2260 1645 2377 1683; x_wconf 84' lang='lat' dir='ltr'>marg.</span> 
     </span>
     <span class='ocr_line' id='line_1_59' title="bbox 1398 1681 2376 1731; baseline 0.003 -11"><span class='ocrx_word' id='word_1_423' title='bbox 1398 1683 1568 1721; x_wconf 87' lang='lat' dir='ltr'>Perizon.</span> <span class='ocrx_word' id='word_1_424' title='bbox 1595 1683 1634 1719; x_wconf 70' lang='grc' dir='ltr'>δε</span> <span class='ocrx_word' id='word_1_425' title='bbox 1654 1681 1701 1718; x_wconf 86' lang='lat' dir='ltr'>fic</span> <span class='ocrx_word' id='word_1_426' title='bbox 1721 1682 1815 1720; x_wconf 88' lang='lat' dir='ltr'>Edd.</span> <span class='ocrx_word' id='word_1_427' title='bbox 1838 1683 1944 1731; x_wconf 82' lang='lat' dir='ltr'>Mog.</span> <span class='ocrx_word' id='word_1_428' title='bbox 1967 1683 2005 1720; x_wconf 92' lang='lat'>&amp;</span> <span class='ocrx_word' id='word_1_429' title='bbox 2023 1683 2122 1719; x_wconf 92' lang='lat' dir='ltr'>Ven.</span> <span class='ocrx_word' id='word_1_430' title='bbox 2151 1684 2316 1723; x_wconf 87' lang='lat' dir='ltr'>Vorstius</span> <span class='ocrx_word' id='word_1_431' title='bbox 2336 1687 2376 1723; x_wconf 89' lang='lat' dir='ltr'>in</span> 
     </span>
     <span class='ocr_line' id='line_1_60' title="bbox 1400 1733 2378 1776; baseline 0.002 -4"><span class='ocrx_word' id='word_1_432' title='bbox 1400 1745 1564 1772; x_wconf 87' lang='lat' dir='ltr'>errorem</span> <span class='ocrx_word' id='word_1_433' title='bbox 1585 1743 1671 1770; x_wconf 86' lang='lat' dir='ltr'>eum</span> <span class='ocrx_word' id='word_1_434' title='bbox 1685 1760 1695 1776; x_wconf 94' lang='lat'>‚</span> <span class='ocrx_word' id='word_1_435' title='bbox 1723 1742 1762 1770; x_wconf 90' lang='lat' dir='ltr'>ut</span> <span class='ocrx_word' id='word_1_436' title='bbox 1781 1733 1977 1771; x_wconf 88' lang='lat' dir='ltr'>Metellum</span> <span class='ocrx_word' id='word_1_437' title='bbox 1999 1733 2245 1773; x_wconf 88' lang='lat' dir='ltr'>Numidicum</span> <span class='ocrx_word' id='word_1_438' title='bbox 2268 1736 2378 1773; x_wconf 89' lang='lat' dir='ltr'>intel-</span> 
     </span>
     <span class='ocr_line' id='line_1_61' title="bbox 1400 1783 2376 1835; baseline 0.005 -13"><span class='ocrx_word' id='word_1_439' title='bbox 1400 1785 1527 1834; x_wconf 85' lang='lat' dir='ltr'>ligeret</span> <span class='ocrx_word' id='word_1_440' title='bbox 1541 1813 1551 1828; x_wconf 94' lang='lat'>,</span> <span class='ocrx_word' id='word_1_441' title='bbox 1582 1783 1732 1827; x_wconf 86' lang='lat' dir='ltr'>incidit,</span> <span class='ocrx_word' id='word_1_442' title='bbox 1760 1784 1864 1834; x_wconf 85' lang='lat' dir='ltr'>quod</span> <span class='ocrx_word' id='word_1_443' title='bbox 1884 1792 2028 1822; x_wconf 86' lang='lat' dir='ltr'>temere</span> <span class='ocrx_word' id='word_1_444' title='bbox 2046 1793 2158 1835; x_wconf 86' lang='lat' dir='ltr'>atque</span> <span class='ocrx_word' id='word_1_445' title='bbox 2180 1787 2376 1826; x_wconf 82' lang='lat' dir='ltr'>oscitanter</span> 
     </span>
     <span class='ocr_line' id='line_1_62' title="bbox 1402 1834 1827 1885; baseline -0.007 -10"><span class='ocrx_word' id='word_1_446' title='bbox 1402 1835 1583 1885; x_wconf 84' lang='lat' dir='ltr'>descripsit</span> <span class='ocrx_word' id='word_1_447' title='bbox 1605 1834 1827 1872; x_wconf 76' lang='lat' dir='ltr'>Oliverium.</span> 
     </span>
    </p>
   </div>
   <div class='ocr_carea' id='block_1_23' title="bbox 1404 1884 2378 1985">
    <p class='ocr_par' dir='ltr' id='par_1_25' title="bbox 1404 1884 2378 1985">
     <span class='ocr_line' id='line_1_63' title="bbox 1450 1884 2378 1937; baseline 0.008 -16"><span class='ocrx_word' id='word_1_448' title='bbox 1450 1886 1510 1937; x_wconf 82' lang='lat'>63.</span> <span class='ocrx_word' id='word_1_449' title='bbox 1548 1884 1666 1935; x_wconf 59' lang='lat' dir='ltr'>&lt;Apud</span> <span class='ocrx_word' id='word_1_450' title='bbox 1692 1884 1925 1934; x_wconf 66' lang='lat' dir='ltr'>Contrebiam]</span> <span class='ocrx_word' id='word_1_451' title='bbox 1965 1885 2084 1933; x_wconf 84' lang='lat' dir='ltr'>Quod</span> <span class='ocrx_word' id='word_1_452' title='bbox 2112 1887 2161 1925; x_wconf 83' lang='lat' dir='ltr'>est</span> <span class='ocrx_word' id='word_1_453' title='bbox 2196 1888 2378 1937; x_wconf 77' lang='lat' dir='ltr'>oppidum</span> 
     </span>
     <span class='ocr_line' id='line_1_64' title="bbox 1404 1936 2378 1985; baseline 0.004 -10"><span class='ocrx_word' id='word_1_454' title='bbox 1404 1936 1644 1981; x_wconf 86' lang='lat' dir='ltr'>Celtiberiae,</span> <span class='ocrx_word' id='word_1_455' title='bbox 1681 1944 1791 1985; x_wconf 85' lang='lat' dir='ltr'>atque</span> <span class='ocrx_word' id='word_1_456' title='bbox 1826 1936 1919 1973; x_wconf 88' lang='lat' dir='ltr'>adeo</span> <span class='ocrx_word' id='word_1_457' title='bbox 1948 1936 2157 1984; x_wconf 80' lang='lat' dir='ltr'>Hispaniae.</span> <span class='ocrx_word' id='word_1_458' title='bbox 2221 1939 2264 1975; x_wconf 89' lang='lat' dir='ltr'>In</span> <span class='ocrx_word' id='word_1_459' title='bbox 2291 1940 2378 1979; x_wconf 89' lang='lat' dir='ltr'>cod.</span> 
     </span>
    </p>
   </div>
   <div class='ocr_carea' id='block_1_24' title="bbox 1402 1986 2382 3095">
    <p class='ocr_par' dir='ltr' id='par_1_26' title="bbox 1402 1986 2379 2342">
     <span class='ocr_line' id='line_1_65' title="bbox 1404 1986 2378 2039; baseline 0.003 -14"><span class='ocrx_word' id='word_1_460' title='bbox 1404 1988 1546 2026; x_wconf 83' lang='lat' dir='ltr'>Schotti</span> <span class='ocrx_word' id='word_1_461' title='bbox 1566 1989 1634 2025; x_wconf 78' lang='lat' dir='ltr'>suit</span> <span class='ocrx_word' id='word_1_462' title='bbox 1652 1986 1742 2036; x_wconf 79' lang='lat' dir='ltr'>apud</span> <span class='ocrx_word' id='word_1_463' title='bbox 1763 1987 1926 2024; x_wconf 83' lang='lat' dir='ltr'>Trebiam.</span> <span class='ocrx_word' id='word_1_464' title='bbox 1953 1987 2149 2025; x_wconf 84' lang='lat' dir='ltr'>VORST.</span> <span class='ocrx_word' id='word_1_465' title='bbox 2202 1988 2260 2026; x_wconf 79' lang='lat' dir='ltr'>Sic</span> <span class='ocrx_word' id='word_1_466' title='bbox 2281 2002 2378 2039; x_wconf 86' lang='lat' dir='ltr'>quo-</span> 
     </span>
     <span class='ocr_line' id='line_1_66' title="bbox 1403 2038 2378 2088; baseline 0.004 -13"><span class='ocrx_word' id='word_1_467' title='bbox 1403 2051 1477 2088; x_wconf 87' lang='lat' dir='ltr'>que</span> <span class='ocrx_word' id='word_1_468' title='bbox 1499 2038 1606 2076; x_wconf 86' lang='lat' dir='ltr'>multi</span> <span class='ocrx_word' id='word_1_469' title='bbox 1628 2050 1672 2075; x_wconf 89' lang='lat' dir='ltr'>ex</span> <span class='ocrx_word' id='word_1_470' title='bbox 1694 2038 1844 2081; x_wconf 88' lang='lat' dir='ltr'>nostris,</span> <span class='ocrx_word' id='word_1_471' title='bbox 1873 2039 1911 2075; x_wconf 71' lang='grc' dir='ltr'>δε</span> <span class='ocrx_word' id='word_1_472' title='bbox 1934 2038 2079 2075; x_wconf 84' lang='lat' dir='ltr'>notavit</span> <span class='ocrx_word' id='word_1_473' title='bbox 2094 2039 2174 2085; x_wconf 89' lang='lat' dir='ltr'>jam</span> <span class='ocrx_word' id='word_1_474' title='bbox 2193 2039 2259 2077; x_wconf 85' lang='lat' dir='ltr'>suo</span> <span class='ocrx_word' id='word_1_475' title='bbox 2278 2048 2378 2080; x_wconf 87' lang='lat' dir='ltr'>tem—</span> 
     </span>
     <span class='ocr_line' id='line_1_67' title="bbox 1403 2087 2376 2138; baseline 0.002 -12"><span class='ocrx_word' id='word_1_476' title='bbox 1403 2101 1494 2138; x_wconf 87' lang='lat' dir='ltr'>pore</span> <span class='ocrx_word' id='word_1_477' title='bbox 1524 2089 1783 2138; x_wconf 84' lang='lat' dir='ltr'>Theophilus,</span> <span class='ocrx_word' id='word_1_478' title='bbox 1808 2087 2009 2136; x_wconf 80' lang='lat' dir='ltr'>legendum</span> <span class='ocrx_word' id='word_1_479' title='bbox 2043 2087 2115 2126; x_wconf 85' lang='lat' dir='ltr'>effe</span> <span class='ocrx_word' id='word_1_480' title='bbox 2147 2090 2376 2137; x_wconf 76' lang='lat' dir='ltr'>Contrebiam,</span> 
     </span>
     <span class='ocr_line' id='line_1_68' title="bbox 1402 2139 2376 2190; baseline 0.004 -13"><span class='ocrx_word' id='word_1_481' title='bbox 1402 2140 1515 2190; x_wconf 88' lang='lat' dir='ltr'>idque</span> <span class='ocrx_word' id='word_1_482' title='bbox 1543 2140 1631 2178; x_wconf 86' lang='lat' dir='ltr'>loco</span> <span class='ocrx_word' id='word_1_483' title='bbox 1662 2139 1804 2177; x_wconf 86' lang='lat' dir='ltr'>Aurelii</span> <span class='ocrx_word' id='word_1_484' title='bbox 1831 2139 2017 2183; x_wconf 55' lang='lat' dir='ltr'>Victoris,</span> <span class='ocrx_word' id='word_1_485' title='bbox 2052 2139 2113 2177; x_wconf 89' lang='lat' dir='ltr'>sed</span> <span class='ocrx_word' id='word_1_486' title='bbox 2141 2152 2256 2190; x_wconf 88' lang='lat' dir='ltr'>quem</span> <span class='ocrx_word' id='word_1_487' title='bbox 2286 2143 2376 2181; x_wconf 82' lang='lat' dir='ltr'>falso</span> 
     </span>
     <span class='ocr_line' id='line_1_69' title="bbox 1403 2190 2379 2238; baseline 0.002 -10"><span class='ocrx_word' id='word_1_488' title='bbox 1403 2191 1565 2229; x_wconf 84' lang='lat' dir='ltr'>attribuit</span> <span class='ocrx_word' id='word_1_489' title='bbox 1598 2191 1776 2228; x_wconf 87' lang='lat' dir='ltr'>Cornelio</span> <span class='ocrx_word' id='word_1_490' title='bbox 1808 2190 1983 2238; x_wconf 91' lang='lat' dir='ltr'>Nepoti,</span> <span class='ocrx_word' id='word_1_491' title='bbox 2019 2190 2151 2228; x_wconf 82' lang='lat' dir='ltr'>firmat.</span> <span class='ocrx_word' id='word_1_492' title='bbox 2211 2192 2311 2230; x_wconf 88' lang='lat' dir='ltr'>Vide</span> <span class='ocrx_word' id='word_1_493' title='bbox 2339 2195 2379 2233; x_wconf 67' lang='grc' dir='ltr'>ὃς</span> 
     </span>
     <span class='ocr_line' id='line_1_70' title="bbox 1405 2241 2377 2290; baseline 0.005 -12"><span class='ocrx_word' id='word_1_494' title='bbox 1405 2241 1547 2279; x_wconf 87' lang='lat' dir='ltr'>Schott.</span> <span class='ocrx_word' id='word_1_495' title='bbox 1569 2241 1615 2279; x_wconf 76' lang='lat' dir='ltr'>ad</span> <span class='ocrx_word' id='word_1_496' title='bbox 1647 2241 1774 2278; x_wconf 85' lang='lat' dir='ltr'>Aurel.</span> <span class='ocrx_word' id='word_1_497' title='bbox 1797 2241 1838 2278; x_wconf 88' lang='lat' dir='ltr'>C.</span> <span class='ocrx_word' id='word_1_498' title='bbox 1859 2242 1919 2278; x_wconf 82' lang='lat'>62.</span> <span class='ocrx_word' id='word_1_499' title='bbox 1948 2241 1986 2278; x_wconf 89' lang='lat'>&amp;</span> <span class='ocrx_word' id='word_1_500' title='bbox 2009 2241 2134 2290; x_wconf 86' lang='lat' dir='ltr'>Sigon.</span> <span class='ocrx_word' id='word_1_501' title='bbox 2156 2241 2200 2280; x_wconf 89' lang='lat' dir='ltr'>ad</span> <span class='ocrx_word' id='word_1_502' title='bbox 2221 2242 2308 2282; x_wconf 81' lang='lat' dir='ltr'>Liv.</span> <span class='ocrx_word' id='word_1_503' title='bbox 2329 2244 2377 2283; x_wconf 88' lang='lat' dir='ltr'>L.</span> 
     </span>
     <span class='ocr_line' id='line_1_71' title="bbox 1404 2292 1930 2342; baseline 0 -14"><span class='ocrx_word' id='word_1_504' title='bbox 1404 2304 1460 2329; x_wconf 81' lang='lat' dir='ltr'>xt.</span> <span class='ocrx_word' id='word_1_505' title='bbox 1484 2305 1543 2342; x_wconf 79' lang='lat'>33.</span> <span class='ocrx_word' id='word_1_506' title='bbox 1572 2293 1664 2329; x_wconf 85' lang='lat' dir='ltr'>infra</span> <span class='ocrx_word' id='word_1_507' title='bbox 1688 2292 1732 2329; x_wconf 92' lang='lat' dir='ltr'>L.</span> <span class='ocrx_word' id='word_1_508' title='bbox 1752 2305 1872 2338; x_wconf 57' lang='lat' dir='ltr'>vin-1.</span> <span class='ocrx_word' id='word_1_509' title='bbox 1899 2307 1930 2342; x_wconf 80' lang='grc' dir='ltr'>ς.</span> 
     </span>
    </p>

    <p class='ocr_par' dir='ltr' id='par_1_27' title="bbox 1402 2342 2379 2483">
     <span class='ocr_line' id='line_1_72' title="bbox 1453 2342 2379 2393; baseline 0.005 -14"><span class='ocrx_word' id='word_1_510' title='bbox 1453 2343 1511 2390; x_wconf 76' lang='lat'>64</span> <span class='ocrx_word' id='word_1_511' title='bbox 1533 2346 1602 2393; x_wconf 57' lang='lat' dir='ltr'>Qs</span> <span class='ocrx_word' id='word_1_512' title='bbox 1617 2342 1805 2393; x_wconf 68' lang='lat' dir='ltr'>gereretur]</span> <span class='ocrx_word' id='word_1_513' title='bbox 1828 2343 1886 2380; x_wconf 80' lang='lat' dir='ltr'>Sic</span> <span class='ocrx_word' id='word_1_514' title='bbox 1905 2342 2022 2381; x_wconf 69' lang='lat' dir='ltr'>solent</span> <span class='ocrx_word' id='word_1_515' title='bbox 2041 2342 2115 2381; x_wconf 81' lang='lat' dir='ltr'>fine</span> <span class='ocrx_word' id='word_1_516' title='bbox 2133 2345 2298 2393; x_wconf 74' lang='lat' dir='ltr'>epitheto</span> <span class='ocrx_word' id='word_1_517' title='bbox 2316 2345 2379 2384; x_wconf 76' lang='lat' dir='ltr'>Vel</span> 
     </span>
     <span class='ocr_line' id='line_1_73' title="bbox 1402 2393 2379 2444; baseline 0.004 -13"><span class='ocrx_word' id='word_1_518' title='bbox 1402 2393 1581 2432; x_wconf 89' lang='lat' dir='ltr'>adverbio</span> <span class='ocrx_word' id='word_1_519' title='bbox 1604 2394 1733 2444; x_wconf 88' lang='lat' dir='ltr'>loqui,</span> <span class='ocrx_word' id='word_1_520' title='bbox 1760 2402 1801 2431; x_wconf 89' lang='lat' dir='ltr'>ut</span> <span class='ocrx_word' id='word_1_521' title='bbox 1821 2394 1988 2432; x_wconf 83' lang='lat' dir='ltr'>adversus</span> <span class='ocrx_word' id='word_1_522' title='bbox 2011 2395 2236 2433; x_wconf 88' lang='lat' dir='ltr'>Chabotium</span> <span class='ocrx_word' id='word_1_523' title='bbox 2260 2396 2379 2436; x_wconf 87' lang='lat' dir='ltr'>osten-</span> 
     </span>
     <span class='ocr_line' id='line_1_74' title="bbox 1403 2445 2098 2483; baseline -0.001 -1"><span class='ocrx_word' id='word_1_524' title='bbox 1403 2445 1455 2482; x_wconf 89' lang='lat' dir='ltr'>dit</span> <span class='ocrx_word' id='word_1_525' title='bbox 1475 2445 1592 2483; x_wconf 88' lang='lat' dir='ltr'>Bentl.</span> <span class='ocrx_word' id='word_1_526' title='bbox 1613 2445 1659 2483; x_wconf 89' lang='lat' dir='ltr'>ad</span> <span class='ocrx_word' id='word_1_527' title='bbox 1682 2446 1816 2482; x_wconf 85' lang='lat' dir='ltr'>Horat.</span> <span class='ocrx_word' id='word_1_528' title='bbox 1837 2445 1882 2481; x_wconf 91' lang='lat' dir='ltr'>L.</span> <span class='ocrx_word' id='word_1_529' title='bbox 1908 2459 1937 2483; x_wconf 89' lang='lat'>1.</span> <span class='ocrx_word' id='word_1_530' title='bbox 1959 2445 2045 2483; x_wconf 90' lang='lat' dir='ltr'>Ode</span> <span class='ocrx_word' id='word_1_531' title='bbox 2063 2446 2098 2482; x_wconf 91' lang='lat'>6.</span> 
     </span>
    </p>

    <p class='ocr_par' dir='ltr' id='par_1_28' title="bbox 1403 2493 2381 2696">
     <span class='ocr_line' id='line_1_75' title="bbox 1454 2493 2381 2546; baseline 0.002 -14"><span class='ocrx_word' id='word_1_532' title='bbox 1454 2497 1512 2545; x_wconf 71' lang='grc' dir='ltr'>ὅς.</span> <span class='ocrx_word' id='word_1_533' title='bbox 1538 2498 1727 2534; x_wconf 43' lang='lat' dir='ltr'>*collocatas</span> <span class='ocrx_word' id='word_1_534' title='bbox 1753 2493 1775 2530; x_wconf 72' lang='grc' dir='ltr'>ἷι</span> <span class='ocrx_word' id='word_1_535' title='bbox 1799 2497 1837 2542; x_wconf 81' lang='lat' dir='ltr'>se</span> <span class='ocrx_word' id='word_1_536' title='bbox 1862 2498 1897 2531; x_wconf 77' lang='lat' dir='ltr'>in</span> <span class='ocrx_word' id='word_1_537' title='bbox 1916 2494 2062 2545; x_wconf 74' lang='lat' dir='ltr'>quadam</span> <span class='ocrx_word' id='word_1_538' title='bbox 2081 2496 2242 2546; x_wconf 72' lang='lat' dir='ltr'>statione]</span> <span class='ocrx_word' id='word_1_539' title='bbox 2273 2497 2381 2536; x_wconf 83' lang='lat' dir='ltr'>Vofl.</span> 
     </span>
     <span class='ocr_line' id='line_1_76' title="bbox 1405 2545 2379 2597; baseline 0.001 -13"><span class='ocrx_word' id='word_1_540' title='bbox 1405 2559 1492 2584; x_wconf 87' lang='lat' dir='ltr'>cum</span> <span class='ocrx_word' id='word_1_541' title='bbox 1515 2560 1592 2585; x_wconf 89' lang='lat' dir='ltr'>uno</span> <span class='ocrx_word' id='word_1_542' title='bbox 1614 2548 1723 2584; x_wconf 89' lang='lat' dir='ltr'>Rem.</span> <span class='ocrx_word' id='word_1_543' title='bbox 1746 2546 1784 2582; x_wconf 72' lang='grc' dir='ltr'>δε</span> <span class='ocrx_word' id='word_1_544' title='bbox 1804 2545 1872 2583; x_wconf 79' lang='lat' dir='ltr'>sec,</span> <span class='ocrx_word' id='word_1_545' title='bbox 1896 2546 2027 2595; x_wconf 84' lang='lat' dir='ltr'>Ultraj.</span> <span class='ocrx_word' id='word_1_546' title='bbox 2055 2549 2233 2585; x_wconf 78' lang='lat' dir='ltr'>Collocatis</span> <span class='ocrx_word' id='word_1_547' title='bbox 2253 2548 2323 2597; x_wconf 53' lang='grc' dir='ltr'>ἂρ</span> <span class='ocrx_word' id='word_1_548' title='bbox 2342 2551 2379 2585; x_wconf 77' lang='lat' dir='ltr'>in</span> 
     </span>
     <span class='ocr_line' id='line_1_77' title="bbox 1403 2597 2380 2648; baseline 0.004 -16"><span class='ocrx_word' id='word_1_549' title='bbox 1403 2597 1549 2648; x_wconf 74' lang='lat' dir='ltr'>quadam</span> <span class='ocrx_word' id='word_1_550' title='bbox 1569 2600 1713 2646; x_wconf 79' lang='lat' dir='ltr'>statione</span> <span class='ocrx_word' id='word_1_551' title='bbox 1737 2625 1747 2639; x_wconf 95' lang='lat'>,</span> <span class='ocrx_word' id='word_1_552' title='bbox 1784 2599 1930 2648; x_wconf 71' lang='lat' dir='ltr'>quinque</span> <span class='ocrx_word' id='word_1_553' title='bbox 1952 2597 2132 2635; x_wconf 75' lang='lat' dir='ltr'>cohortibus</span> <span class='ocrx_word' id='word_1_554' title='bbox 2153 2626 2163 2643; x_wconf 91' lang='lat'>,</span> <span class='ocrx_word' id='word_1_555' title='bbox 2199 2607 2243 2635; x_wconf 69' lang='grc'>(7·</span> <span class='ocrx_word' id='word_1_556' title='bbox 2274 2613 2315 2634; x_wconf 89' lang='lat' dir='ltr'>ex</span> <span class='ocrx_word' id='word_1_557' title='bbox 2340 2613 2380 2636; x_wconf 69' lang='lat' dir='ltr'>ea</span> 
     </span>
     <span class='ocr_line' id='line_1_78' title="bbox 1404 2647 1852 2696; baseline -0.004 -11"><span class='ocrx_word' id='word_1_558' title='bbox 1404 2650 1533 2686; x_wconf 57' lang='lat' dir='ltr'>viribus</span> <span class='ocrx_word' id='word_1_559' title='bbox 1549 2649 1685 2696; x_wconf 75' lang='lat' dir='ltr'>hostium</span> <span class='ocrx_word' id='word_1_560' title='bbox 1703 2647 1852 2696; x_wconf 66' lang='lat' dir='ltr'>depulsis.</span> 
     </span>
    </p>

    <p class='ocr_par' dir='ltr' id='par_1_29' title="bbox 1404 2698 2380 2799">
     <span class='ocr_line' id='line_1_79' title="bbox 1455 2698 2380 2749; baseline 0.004 -13"><span class='ocrx_word' id='word_1_561' title='bbox 1455 2701 1514 2736; x_wconf 87' lang='lat'>66.</span> <span class='ocrx_word' id='word_1_562' title='bbox 1549 2702 1664 2746; x_wconf 82' lang='lat' dir='ltr'>Castra</span> <span class='ocrx_word' id='word_1_563' title='bbox 1682 2698 1851 2748; x_wconf 71' lang='lat' dir='ltr'>petiiffit]</span> <span class='ocrx_word' id='word_1_564' title='bbox 1891 2699 2003 2736; x_wconf 87' lang='lat' dir='ltr'>Forte</span> <span class='ocrx_word' id='word_1_565' title='bbox 2022 2699 2205 2749; x_wconf 71' lang='lat' dir='ltr'>repetiiffet.</span> <span class='ocrx_word' id='word_1_566' title='bbox 2242 2700 2380 2739; x_wconf 86' lang='lat' dir='ltr'>PERI-</span> 
     </span>
     <span class='ocr_line' id='line_1_80' title="bbox 1404 2749 2037 2799; baseline -0.003 -12"><span class='ocrx_word' id='word_1_567' title='bbox 1404 2749 1526 2787; x_wconf 88' lang='lat' dir='ltr'>ZON.</span> <span class='ocrx_word' id='word_1_568' title='bbox 1579 2750 1748 2798; x_wconf 83' lang='lat' dir='ltr'>Plerique</span> <span class='ocrx_word' id='word_1_569' title='bbox 1769 2750 1875 2787; x_wconf 87' lang='lat' dir='ltr'>MSS.</span> <span class='ocrx_word' id='word_1_570' title='bbox 1898 2750 2037 2799; x_wconf 70' lang='lat' dir='ltr'>petzffet.</span> 
     </span>
    </p>

    <p class='ocr_par' dir='ltr' id='par_1_30' title="bbox 1403 2801 2380 3054">
     <span class='ocr_line' id='line_1_81' title="bbox 1454 2801 2379 2851; baseline 0.002 -14"><span class='ocrx_word' id='word_1_571' title='bbox 1454 2802 1513 2846; x_wconf 89' lang='lat'>67.</span> <span class='ocrx_word' id='word_1_572' title='bbox 1541 2801 1732 2850; x_wconf 70' lang='lat' dir='ltr'>Corporibus</span> <span class='ocrx_word' id='word_1_573' title='bbox 1749 2801 1930 2851; x_wconf 70' lang='lat' dir='ltr'>finigatis]</span> <span class='ocrx_word' id='word_1_574' title='bbox 1951 2802 2055 2848; x_wconf 85' lang='lat' dir='ltr'>Lege</span> <span class='ocrx_word' id='word_1_575' title='bbox 2072 2811 2157 2838; x_wconf 90' lang='lat' dir='ltr'>cum</span> <span class='ocrx_word' id='word_1_576' title='bbox 2174 2801 2286 2838; x_wconf 89' lang='lat' dir='ltr'>MSto</span> <span class='ocrx_word' id='word_1_577' title='bbox 2300 2830 2310 2846; x_wconf 91' lang='lat'>‚</span> <span class='ocrx_word' id='word_1_578' title='bbox 2332 2808 2379 2838; x_wconf 71' lang='lat'>⁶:9³</span> 
     </span>
     <span class='ocr_line' id='line_1_82' title="bbox 1403 2851 2378 2909; baseline 0.004 -22"><span class='ocrx_word' id='word_1_579' title='bbox 1403 2852 1594 2909; x_wconf 56' lang='lat' dir='ltr'>corporibus.</span> <span class='ocrx_word' id='word_1_580' title='bbox 1622 2852 1872 2890; x_wconf 68' lang='lat' dir='ltr'>PERIZON:</span> <span class='ocrx_word' id='word_1_581' title='bbox 1919 2851 2062 2899; x_wconf 87' lang='lat' dir='ltr'>Copula</span> <span class='ocrx_word' id='word_1_582' title='bbox 2079 2852 2189 2889; x_wconf 85' lang='lat' dir='ltr'>exstat</span> <span class='ocrx_word' id='word_1_583' title='bbox 2208 2853 2246 2889; x_wconf 89' lang='lat' dir='ltr'>in</span> <span class='ocrx_word' id='word_1_584' title='bbox 2264 2852 2378 2902; x_wconf 86' lang='lat' dir='ltr'>longe</span> 
     </span>
     <span class='ocr_line' id='line_1_83' title="bbox 1408 2903 2380 3005; baseline 0.001 -15"><span class='ocrx_word' id='word_1_585' title='bbox 1408 2903 1833 3005; x_wconf 40' lang='lat' dir='ltr'>mlggrjstaeaeisztstitepirrittii‘</span> <span class='ocrx_word' id='word_1_586' title='bbox 1853 2952 2031 2989; x_wconf 79' lang='lat' dir='ltr'>imbecillit.</span> <span class='ocrx_word' id='word_1_587' title='bbox 2044 2953 2197 3002; x_wconf 68' lang='lat' dir='ltr'>efficaciff.</span> <span class='ocrx_word' id='word_1_588' title='bbox 2207 2953 2380 2991; x_wconf 75' lang='lat' dir='ltr'>duramen-</span> 
     </span>
     <span class='ocr_line' id='line_1_84' title="bbox 1406 3003 2380 3054; baseline 0 -12"><span class='ocrx_word' id='word_1_589' title='bbox 1406 3003 1495 3054; x_wconf 80' lang='lat' dir='ltr'>tum]</span> <span class='ocrx_word' id='word_1_590' title='bbox 1527 3008 1771 3044; x_wconf 78' lang='lat' dir='ltr'>Dur.zmentum</span> <span class='ocrx_word' id='word_1_591' title='bbox 1784 3034 1793 3050; x_wconf 90' lang='lat'><em>‚</em></span> <span class='ocrx_word' id='word_1_592' title='bbox 1814 3004 1983 3049; x_wconf 74' lang='lat' dir='ltr'>firmitas,</span> <span class='ocrx_word' id='word_1_593' title='bbox 2006 3004 2141 3050; x_wconf 73' lang='lat' dir='ltr'>robur,</span> <span class='ocrx_word' id='word_1_594' title='bbox 2161 3005 2380 3044; x_wconf 44' lang='lat' dir='ltr'>stabilimen„</span> 
     </span>
    </p>

    <p class='ocr_par' dir='ltr' id='par_1_31' title="bbox 2288 3065 2382 3095">
     <span class='ocr_line' id='line_1_85' title="bbox 2288 3065 2382 3095; baseline 0.011 -1"><span class='ocrx_word' id='word_1_595' title='bbox 2288 3065 2382 3095; x_wconf 76' lang='lat' dir='ltr'>tum.</span> 
     </span>
    </p>
   </div>
   <div class='ocr_carea' id='block_1_25' title="bbox 2466 0 2516 874">
    <p class='ocr_par' dir='ltr' id='par_1_32' title="bbox 2466 0 2516 874">
     <span class='ocr_line' id='line_1_86' title="bbox 2466 0 2516 874; baseline 0 0"><span class='ocrx_word' id='word_1_596' title='bbox 2466 0 2516 874; x_wconf 95' lang='lat' dir='ltr'> </span> 
     </span>
    </p>
   </div>
   <div class='ocr_carea' id='block_1_26' title="bbox 2507 998 2516 1201">
    <p class='ocr_par' dir='ltr' id='par_1_33' title="bbox 2507 998 2516 1201">
     <span class='ocr_line' id='line_1_87' title="bbox 2507 998 2516 1088; baseline 0 0"><span class='ocrx_word' id='word_1_597' title='bbox 2507 998 2516 1088; x_wconf 64' lang='lat' dir='ltr'>i</span> 
     </span>
     <span class='ocr_line' id='line_1_88' title="bbox 2510 1092 2516 1128; baseline 0 0"><span class='ocrx_word' id='word_1_598' title='bbox 2510 1092 2516 1128; x_wconf 70' lang='lat'><strong>1</strong></span> 
     </span>
     <span class='ocr_line' id='line_1_89' title="bbox 2510 1129 2516 1201; baseline 0 0"><span class='ocrx_word' id='word_1_599' title='bbox 2510 1129 2516 1201; x_wconf 61' lang='lat' dir='ltr'>i</span> 
     </span>
    </p>
   </div>
  </div>
 </body>
</html>
