2516 3509
642 116 785 172 DE
877 115 1621 174 RELIGIONE.
2081 137 2140 190 19

130 225 262 276 laude
277 218 544 271 fraudandus
564 234 659 266 non
678 217 763 267 est:
801 218 880 287 qui
902 231 1083 282 praetor
1101 217 1126 265 a
1147 235 1176 283 p
1205 230 1272 265 tre
1291 217 1370 266 suo
1409 226 1447 257 55
1471 218 1655 283 collegii
1681 217 1906 267 Saliorum
1925 216 2143 283 magistro

123 305 291 375 juffUS‚
331 300 374 342 5⁶
399 301 473 350 sex
491 299 727 349 heroi-ibus
756 298 1154 364 praecedentibus,
1220 307 1236 337 7
1267 315 1389 346 arma
1425 297 1586 345 ancilia
1614 297 1743 345 tulit:
1782 298 1985 362 quamvis
2014 314 2144 345 vaca-

127 386 301 434 tionem
324 383 459 446 hujus
479 378 648 439 officii,
684 379 869 426 honoris
890 377 1118 426 beneficio
1142 378 1341 426 haberet.
1409 377 1581 425 Omnia
1608 392 1802 440 namque
1833 377 1936 441 post
1958 377 2145 441 religio-

125 479 230 512 nem
248 459 456 526 ponenda
474 457 647 522 semper
673 457 822 505 nostra
842 458 999 505 civitas
1021 456 1176 506 duxit:
1215 458 1352 504 etiam
1376 456 1424 501 in
1453 454 1617 518 quibus
1655 454 1694 492 58
1717 453 1913 501 summae
1939 457 2142 521 majesta-

125 544 183 592 tis
205 539 407 606 conspici
431 539 568 586 decus
588 539 750 587 voluit.
820 538 1120 602 Qiapropter
1143 543 1183 576 5⁹
1196 552 1291 582 non
1311 534 1639 581 dubitaverunt
1659 531 1788 579 sacris
1805 534 1993 596 imperia
2010 536 2143 583 servi-
2176 572 2179 573 γ

127 636 199 677 re3
238 616 284 646 ⁶0
316 619 379 664 ita
406 616 447 664 se
478 617 777 664 humanarum
808 615 960 662 rerum
994 615 1149 660 futura
1181 613 1389 677 regimen
1420 609 1746 668 existimantia,
1793 607 1825 656 fi
1853 608 2028 656 divinae
2055 629 2139 675 po-

126 698 294 746 tentiae
312 697 428 744 bene
448 710 583 761 atque
604 695 860 742 constanter
879 691 1058 740 fuissent
1094 691 1320 739 famulata.

192 777 341 836 Qod
357 778 494 823 animi
511 774 741 841 judicium
763 774 811 819 in
831 773 1115 836 privatorum
1139 786 1325 834 quoque
1347 768 1608 834 petitoribus
1629 766 1849 815 versatum
1874 766 1952 813 est.
2010 766 2141 814 Urbe
2223 817 2273 839 m

127 860 249 914 enim
269 858 295 904 a
316 858 459 906 Gallis
477 869 633 921 capta,
669 871 778 902 cum
813 853 853 881 ⁶¹
886 855 1074 899 Flamen
1105 851 1356 910 Qiirinalis
1392 847 1676 911 virginesque
1709 847 1912 895 Vestales
1936 847 2054 894 sacra
2089 865 2139 894 o-
2158 850 2240 879 Ann—
2265 855 2303 881 U-

131 955 236 985 nere
256 940 426 1002 partito
447 936 643 993 ferrent,
678 947 838 995 easque
872 928 916 957 ⁶2
942 942 1134 994 pontem
1158 928 1417 976 Sublicium
1445 926 1753 991 transgreffis,
1791 927 1839 973 ὃς
1873 928 1912 965 ⁶3
1943 928 2140 987 clivum,
2157 896 2357 967 {ffggfffssj

2064 1006 2143 1068 qui

178 1148 238 1184 60.
273 1147 329 1181 Ita
351 1145 388 1192 se
415 1142 634 1179 humanarum
661 1156 770 1178 rerum
792 1143 912 1188 futura
943 1138 1105 1190 regimen]

127 1197 248 1245 Magis
284 1196 404 1245 placet
431 1194 691 1231 Pulmanniani
728 1191 947 1241 exemplaris
975 1192 1107 1228 leetio:

123 1252 180 1285 Ita
192 1252 230 1297 se
250 1247 469 1284 humanarum
488 1259 596 1282 rerum
616 1246 711 1281 ‘velut
732 1258 841 1279 curam
856 1258 970 1294 gerere
997 1244 1110 1290 existi-

126 1302 268 1336 mantia.
320 1299 429 1345 Quae
457 1295 610 1346 quidem
639 1295 816 1333 sententia
844 1294 1031 1342 pulchrior
1067 1294 1105 1330 &

123 1350 276 1388 nitidior
302 1348 458 1386 videtur.
493 1347 632 1384 PIGH.
695 1346 736 1383 ln
765 1346 879 1383 altero
907 1343 1106 1382 manuscri-

124 1411 191 1451 pto
206 1402 329 1449 ‚Itase
349 1414 456 1436 rerum
477 1398 694 1434 humanarum
715 1412 824 1433 curam
838 1411 974 1447 gerere,
994 1395 1028 1442 fi
1053 1393 1106 1431 di-

124 1454 227 1489 vinae
243 1453 423 1502 potentiae.
473 1450 593 1498 Magis
614 1449 658 1485 al
677 1449 793 1485 stilum
809 1447 958 1485 Valerii.
1012 1445 1106 1484 Illud

124 1503 208 1541 sane
229 1503 469 1549 Existimantia
491 1513 591 1538 mera
609 1498 734 1549 glossa.
762 1500 955 1537 COLER.
1006 1500 1107 1546 Itase

128 1555 348 1591 humanarum
389 1567 495 1588 rerum
527 1557 648 1598 futura
679 1552 825 1602 regimen
863 1551 1105 1600 extstimantia.

128 1605 285 1643 Colerus
303 1604 342 1641 in
359 1604 486 1652 aliquo
512 1604 593 1640 MS.
622 1601 659 1638 τέ
679 1604 911 1649 existimantia
931 1599 1106 1638 omissum

127 1656 282 1705 reperit:
313 1654 416 1704 quod
437 1653 559 1691 eidem
580 1655 618 1691 δε
636 1653 795 1701 probum
809 1681 818 1697 ,
841 1653 1009 1702 styloque
1029 1652 1108 1688 Va-

123 1706 202 1744 lerii
230 1706 337 1755 plane
366 1716 574 1753 congruum
604 1704 759 1742 videtur.
812 1705 958 1741 Verum
988 1700 1107 1740 abesse

124 1769 168 1795 ea
188 1770 265 1795 vox
286 1769 364 1795 non
381 1756 520 1805 potest;
549 1754 609 1792 sed
627 1754 769 1804 prorsus
787 1754 834 1792 ad
854 1753 1106 1802 integritatem

121 1808 240 1846 sensus
274 1808 444 1857 pertinet.
506 1807 684 1844 Ceterum
718 1817 787 1855 pro
811 1808 930 1852 sutura
958 1805 996 1842 in
1024 1804 1107 1842 cod.

123 1859 323 1897 Pulmanni
348 1858 495 1907 Pighius
523 1858 656 1906 reperit
680 1871 789 1894 curam
813 1871 943 1907 gerere.
992 1856 1041 1893 Et
1066 1857 1104 1893 in

121 1923 202 1948 uno
225 1910 307 1948 cod.
326 1908 504 1948 Brandeb.
527 1921 593 1958 pro
616 1908 753 1946 eodem
785 1910 834 1946 est
852 1908 981 1944 habere.
1034 1907 1107 1946 Cui

124 1962 333 2000 consonum
354 1961 454 2005 fere,
482 1960 608 2010 quod,
638 1968 678 1997 ut
698 1959 743 2008 pl.
771 1959 995 1997 reverendus
1021 1958 1107 2005 Joh.

124 2013 223 2051 Rud.
240 2012 464 2050 Wetstenius
482 2011 574 2049 mihi
601 2010 839 2060 significavit,
868 2011 906 2047 in
924 2021 1002 2047 uno
1022 2009 1107 2048 cod.

123 2062 313 2101 Bafileenfi
334 2064 382 2101 est
396 2092 405 2109 ,
427 2065 532 2112 Itase
549 2063 640 2099 Imm.
658 2077 767 2099 rerum
786 2062 944 2098 habitura
965 2062 1110 2110 regimen

123 2115 366 2160 existimanda.
421 2114 469 2152 Et
495 2115 579 2152 sane
599 2125 713 2151 voces
739 2112 857 2150 habere
886 2114 924 2151 ὅ(
951 2112 1110 2150 habitura

127 2165 294 2212 apprime
310 2166 495 2214 pertinere
512 2166 586 2203 huc
604 2165 723 2203 videri
740 2165 884 2214 poffint.
923 2164 1014 2201 Satis
1035 2163 1112 2201 La-

123 2215 200 2252 tine
220 2216 320 2252 enim
339 2215 519 2253 diceretur
536 2216 654 2253 babere
678 2219 844 2267 regimen,
873 2214 1032 2252 habitura
1058 2229 1111 2251 re-

125 2268 253 2317 gimen.
309 2267 393 2303 Nec
409 2274 538 2303 tamen
557 2266 792 2315 explodenda
812 2266 861 2304 est
884 2266 971 2303 ideo
996 2264 1109 2302 lecf'tio

127 2316 273 2365 vulgata
289 2318 407 2361 futura
425 2318 584 2366 regimen.
634 2317 785 2363 Quippe
812 2316 1033 2350 humanarum
1058 2328 1109 2349 re-

123 2382 197 2405 rum
210 2370 331 2414 futura
350 2367 497 2417 regimen
508 2365 648 2402 dicium
667 2364 785 2401 videri
804 2364 923 2412 potest
939 2363 1108 2412 probum.

117 2433 228 2456 rerum
241 2421 361 2466 futura
379 2418 538 2454 reffores:
570 2423 610 2452 ut
630 2414 844 2452 abstractum
858 2443 867 2459 ‚
904 2413 1008 2464 quod
1035 2426 1099 2451 vo-

119 2478 228 2514 cant,
254 2468 415 2518 pofitum
435 2467 476 2504 fit
493 2479 560 2515 pro
579 2473 758 2504 concreto
773 2493 782 2510 ,
809 2473 850 2503 ut
875 2464 913 2502 in
938 2465 1102 2514 superio-

120 2520 228 2558 ribus.
290 2522 377 2568 Qua
405 2517 558 2568 quidem
585 2518 743 2555 notione
770 2528 908 2554 vocem
929 2516 1103 2566 regiminis

122 2579 164 2608 ut
191 2582 346 2619 magnus
381 2569 597 2607 Gronovius
630 2580 692 2606 me
728 2567 856 2605 docuit
876 2596 886 2612 ,
920 2567 1105 2616 usurpavit

125 2622 282 2660 Tacitus
306 2635 334 2659 1.
355 2621 446 2659 Hist.
466 2634 500 2670 9.
528 2621 564 2657 in
582 2620 659 2664 his,
684 2620 842 2669 Superior
867 2620 1030 2655 exercitus
1058 2619 1105 2654 le-

118 2683 243 2723 gatum
270 2671 498 2710 Hordeonium
517 2673 667 2709 Flaccum
677 2669 854 2721 spernebat
867 2698 879 2714 ‚
903 2670 1035 2719 senefia
1057 2677 1104 2705 (9⁴

126 2723 304 2760 debilitate
319 2722 437 2773 pedum
460 2721 673 2765 invalidum,
700 2720 776 2769 fine
800 2722 1008 2769 constantia,
1030 2720 1107 2767 fine

124 2776 347 2819 auflor1'tat25
360 2789 399 2810 ne
418 2774 529 2824 quieto
544 2772 676 2824 quidem
693 2774 802 2809 milite
810 2773 1105 2824 regimen.VOR-

131 2826 294 2864 STIUS.
349 2826 406 2863 Sic
427 2826 556 2863 Livius
578 2825 624 2862 L.
647 2837 702 2862 1v.
723 2824 766 2861 C.
786 2836 844 2873 31.
871 2824 979 2860 Nihil
997 2826 1105 2871 censo-

127 2879 179 2912 ria
199 2875 443 2924 animadversio
462 2875 591 2927 efficit,
613 2889 677 2926 quo
696 2875 803 2922 minus
828 2876 974 2926 regimen
996 2889 1104 2911 rerum

129 2927 357 2975 (distatura)
395 2943 436 2964 ex
467 2939 587 2964 notata
623 2925 759 2977 indigne
799 2923 891 2961 domo
927 2936 1102 2976 peteretur.

127 2977 373 3017 PERIZON.
422 2980 495 3017 Pro
527 2981 649 3025 sutura
674 2979 830 3026 regimen.
869 2977 1037 3014 Harlem.
1067 2977 1105 3014 δί

64 3069 67 3073 ,
130 3029 209 3069 Sec.
244 3030 369 3069 Varie.
405 3042 491 3070 cum
527 3031 624 3080 Sept.
652 3018 760 3068 Leid.
796 3026 884 3065 dant
917 3027 1034 3068 babere
1059 3042 1110 3067 re-

1153 1136 1270 1187 gimen
1289 1133 1424 1174 Ostav.
1450 1133 1562 1172 habet
1588 1142 1629 1172 ut
1657 1134 1695 1172 ὃς
1722 1132 1855 1183 Ultraj.
1885 1133 1963 1170 Sec.
1989 1136 2141 1178 futurum

1159 1189 1326 1238 regimen,
1353 1186 1492 1235 Guyet.
1514 1185 1748 1234 conjiciebat.
1775 1188 1826 1221 ita
1845 1196 1941 1231 penes
1960 1186 1999 1232 se
2026 1185 2144 1220 Imma-

1160 1253 1278 1275 narum
1298 1252 1405 1275 rerum
1419 1239 1573 1283 futurum
1591 1238 1736 1287 regimen
1754 1237 2000 1283 existimatum.
2027 1235 2141 1273 Male.

1160 1289 1269 1327 Prud.
1282 1289 1320 1326 in
1340 1289 1502 1337 Hymno
1522 1287 1602 1336 post
1615 1287 1815 1337 jejunium.

1206 1356 1332 1403 Christe
1353 1357 1527 1392 Ser-vorum
1544 1355 1690 1404 regimen
1709 1364 1857 1391 tuorum·

1160 1417 1198 1454 &
1216 1424 1398 1466 quantum
1421 1415 1523 1453 distat
1541 1414 1630 1453 illud
1648 1416 1750 1463 Virg.
1775 1415 1820 1452 L.
1844 1427 1873 1452 1.
1894 1414 1991 1452 Aen.
2014 1415 2074 1459 17.'

1364 1481 1421 1518 hoc
1440 1496 1575 1533 regnum
1594 1484 1673 1517 Dea
1692 1479 1852 1533 gentibus
1872 1481 1931 1528 effe
1946 1505 1956 1523 ,

1204 1535 1244 1571 Si
1261 1548 1327 1584 qua
1341 1535 1422 1580 fata
1435 1534 1577 1580 finam,
1592 1538 1661 1577 jam
1684 1543 1755 1569 tum
1781 1529 1954 1582 tenditque
1967 1535 2144 1584 fovetque.

1208 1602 1267 1639 61.
1295 1603 1434 1639 Flamen
1454 1599 1659 1650 Quirinalis]
1691 1600 1734 1638 In
1753 1599 1897 1650 templo
1916 1602 2087 1649 Quirini,
2106 1604 2144 1641 id

1162 1652 1210 1690 est
1224 1680 1234 1697 ‚
1262 1653 1441 1696 Romuli,
1469 1652 1574 1702 quod
1592 1653 1631 1689 in
1651 1651 1746 1690 colle
1765 1651 1949 1701 Quirinali
1968 1652 2059 1699 fuit,
2086 1656 2140 1691 sa-

1160 1703 1303 1742 cerdos.
1330 1703 1527 1742 VORST.

1208 1755 1415 1792 62.Pontem
1426 1754 1604 1803 sublicium
1622 1753 1856 1806 transgrefflaes]
1880 1756 1967 1790 Pons
1978 1753 2144 1802 fiablicius

1156 1806 1195 1843 in
1209 1806 1340 1844 Tiberi
1360 1806 1428 1843 fuit
1439 1820 1450 1849 3
1473 1818 1549 1855 quo
1571 1806 1724 1855 quidem
1742 1805 1951 1853 Janiculum
1967 1805 2142 1854 juneium

1157 1857 1237 1894 urbi
1263 1857 1334 1895 fuit
1359 1856 1403 1894 ab
1430 1857 1542 1894 Anco
1569 1857 1735 1900 Martio,
1762 1864 1802 1894 ut
1827 1856 1885 1894 lib.
1920 1870 1950 1894 1.
1978 1856 2142 1904 prodidit

1161 1908 1302 1946 Livius.
1354 1909 1454 1945 Eum
1482 1907 1658 1957 quidam,
1686 1908 1740 1944 uti
1765 1907 1886 1944 Festus
1913 1908 2043 1945 auctor
2070 1909 2142 1952 cst,

1159 1959 1384 2008 appellatum
1404 1958 1593 1997 credidere
1613 1958 1632 1996 {a
1645 1958 2036 2007 fhblicibus‚peculiari
2047 1959 2144 1997 Vol-

1159 2010 1306 2048 scorum
1327 2010 1511 2048 vocabulo
1524 2039 1534 2054 ‚
1553 2022 1631 2060 quo
1650 2011 1752 2058 tigna
1770 2010 1808 2046 in
1824 2009 2058 2046 latitudinem
2080 2022 2144 2047 ex-

1161 2062 1260 2099 tensa
1290 2061 1487 2110 significata
1514 2061 1660 2098 fuerint.
1715 2062 1871 2098 Veteres
1892 2058 2062 2104 Glossae,
2091 2062 2146 2098 uti

1164 2113 1323 2162 Scaliger
1348 2112 1395 2150 ad
1421 2113 1569 2150 Festum
1598 2119 1754 2156 monet,
1782 2110 1829 2148 fic
1847 2110 2003 2149 habent:
2031 2110 2147 2148 Subli-

1159 2178 1209 2200 ces
1227 2167 1425 2206 κατειπῆγες
1445 2164 1475 2200 0‘1
1497 2163 1532 2200 ῶν
1553 2165 1701 2208 ποταμῷ
1722 2162 1776 2203 τήν
1797 2161 2149 2212 γέφιρφνίπ-οβαςρί-

1162 2216 1279 2264 Conse.
1336 2215 1413 2252 Alii
1433 2223 1560 2252 tamen
1587 2212 1731 2251 malunt
1750 2213 1902 2261 fhblica,
1925 2227 1976 2248 ae.
2011 2213 2143 2250 Caesar

1161 2265 1201 2302 B.
1221 2265 1315 2302 Gall.
1347 2279 1406 2309 IV,
1431 2278 1464 2310 1,
1489 2277 1549 2311 17,
1570 2276 1604 2310 4.
1638 2269 1722 2310 Non
1733 2263 1883 2312 sublicae
1905 2262 1997 2299 modo
2019 2265 2146 2301 direHa

1158 2314 1206 2350 acl
1221 2313 1498 2363 perpendiculum.
1521 2315 1714 2351 Vitruvius
1736 2327 1819 2359 111,
1839 2326 1873 2364 3.
1901 2313 2052 2351 sublicae
2075 2329 2141 2352 ma-

1155 2363 1261 2399 chinis
1280 2364 1477 2416 adigantur.
1502 2365 1698 2402 VORST.

1206 2415 1266 2464 63.
1293 2417 1430 2452 Cli-vum
1446 2417 1512 2465 qui
1532 2415 1622 2452 ducit
1639 2413 1684 2451 ad
1707 2414 1926 2465 Janiculum]
1959 2417 2015 2453 Ut
2039 2415 2136 2453 Poe-

1150 2474 1187 2503 ta
1200 2493 1209 2510 ‚
1222 2471 1297 2507 <An
1315 2479 1379 2515 quo
1400 2466 1460 2502 via
1479 2464 1568 2503 ducit
1587 2467 1622 2502 in
1639 2465 1748 2502 urbem
1760 2468 1776 2503 ἒ
1789 2466 1967 2504 Ceterum
1987 2467 2136 2512 Janicu-

1152 2518 1221 2553 lum
1246 2528 1355 2554 mons
1376 2516 1446 2562 est,
1474 2529 1587 2568 quern
1608 2518 1735 2555 Ancus
1755 2518 1911 2555 Martius
1931 2517 2009 2555 urbi
2030 2516 2131 2553 addi-

1155 2567 1230 2611 dit,
1259 2576 1301 2605 ut
1320 2580 1364 2606 ex
1380 2568 1441 2605 lib.
1467 2582 1497 2606 1.
1520 2569 1619 2606 Livii
1646 2577 1793 2606 notum.
1821 2567 2014 2606 VORST.
2064 2566 2132 2604 Ai-

1154 2619 1245 2657 levit
1263 2631 1351 2657 orae
1369 2619 1465 2658 Cod.
1492 2619 1543 2657 sui
1559 2620 1590 2667 J.
1618 2619 1783 2669 Lipsius,
1818 2619 1921 2667 lege,
1959 2618 2134 2664 escendere·

1158 2670 1438 2709 &Perizonius
1489 2671 1553 2709 An
1580 2683 1658 2710 non
1686 2670 1877 2720 escendere?
1906 2667 2054 2717 adjectis
2080 2668 2136 2706 his

1156 2720 1248 2759 locis
1277 2723 1363 2760 Liv.
1390 2723 1435 2760 L.
1465 2735 1600 2761 XXXVI.
1627 2734 1685 2769 24.
1721 2722 1763 2758 ab
1793 2719 1868 2756 urbe
1894 2719 2078 2768 escensurus
2100 2721 2137 2755 in

1156 2787 1276 2810 arcem.
1300 2773 1346 2811 L.
1368 2785 1501 2812 XXXIX.
1534 2787 1589 2823 15.
1627 2774 1685 2811 Sic
1711 2771 1840 2808 educere
1865 2782 1934 2819 pro
1965 2773 2001 2806 in
2027 2771 2138 2806 altum

1156 2823 1271 2861 ducere
1299 2825 1383 2862 Liv.
1412 2826 1458 2863 L.
1478 2837 1572 2862 xxxr
1584 2838 1613 2862 1.
1637 2837 1691 2862 11.
1718 2822 1780 2859 ubi
1806 2821 1892 2859 vide
1917 2821 2000 2867 Joh.
2029 2819 2136 2858 Fred.

1159 2875 1412 2913 Gronov-ium.
1475 2877 1533 2913 Sic
1570 2877 1614 2912 L.
1644 2886 1777 2911 xxxxv.
1807 2873 1851 2910 C.
1879 2872 1937 2909 28.
1972 2873 2134 2920 ostensum

1157 2924 1302 2972 dIfficilis
1322 2935 1368 2963 (9⁹
1392 2928 1504 2964 arHae
1525 2927 1603 2963 viae
1630 2925 1701 2974 effe.
1757 2923 1857 2961 Vide
1876 2925 1913 2959 &
1930 2923 1961 2968 J.
1984 2922 2138 2960 Grono-

1158 2977 1261 3014 vium
1281 2977 1327 3015 ad
1346 2978 1431 3015 Liv.
1453 2979 1498 3015 L.
1516 2990 1650 3015 xxxiv.
1674 2976 1729 3014 16.
1757 2976 1796 3012 ὅς
1819 2976 1863 3011 L.
1885 2985 1993 3009 xxxv.
2008 2984 2062 3022 13.
2082 2973 2134 3010 ita

1160 3028 1198 3067 ὃς
1216 3027 1338 3080 egredi.
1359 3030 1445 3069 LiV.
1465 3030 1510 3068 L.
1530 3041 1588 3068 XL.
1609 3041 1666 3066 22.
1683 3037 1844 3077 qnantum
1862 3026 1898 3062 in
1915 3022 2133 3062 altitudinem

1714 3077 1745 3114 C
1773 3087 1792 3113 2
2043 3087 2135 3124 egre-1
