2516 3509
309 114 416 173 DE
473 106 928 171 SAPIENTER
991 107 1262 167 DICTIS
1324 102 1500 167 AUT
1564 107 1863 168 FACTIS.
1983 111 2090 183 633

104 226 263 278 mentis
296 220 488 281 inclusa,
521 235 606 267 nec
640 218 932 277 mortalium,
951 232 1034 265 nec
1065 217 1258 264 deorum
1292 216 1498 264 manibus
1532 216 1782 266 labefactari
1817 228 2015 281 queunt·,
2042 213 2091 262 ὃς

104 319 156 356 ut
190 301 472 352 manentibus
505 296 678 363 praesto
712 296 840 355 sunt,
874 296 938 342 ita
970 294 1193 359 fugientes
1225 309 1320 340 non
1350 291 1569 340 deserunt.

165 387 270 445 Jam
311 380 511 430 Platonis
531 412 547 438 ‚
581 377 728 427 verbis
762 373 995 433 adstricta,
1036 374 1109 421 sed
1140 373 1261 421 sensu
1295 372 1551 436 praevalens
1582 373 1810 421 sententia.
1876 371 1973 434 Qi
2006 383 2094 419 tum
2107 360 2300 438 mat0⁴ep.7.

106 466 267 513 demum
301 464 468 509 beatum
502 469 710 506 terrarum
744 457 878 503 orbem
914 454 1114 517 futurum
1159 451 1436 517 praedicavit
1459 486 1474 512 ‚
1516 469 1605 500 cum
1641 465 1716 501 aut
1753 453 1994 517 57sapiemes
2027 443 2305 523 yffigc-erhz

101 563 260 611 gnare,
293 554 368 591 aut
403 557 513 605 reges
545 540 694 602 stzpere
738 539 958 600 coeptſjent.
2104 534 2200 558 uem.

172 621 282 668 Rex
314 618 451 666 etiam
486 615 560 662 ille
605 611 647 653 5⁸
693 613 864 662 subtilis
890 613 1054 678 judicii
1077 648 1092 673 ,
1145 628 1282 678 quem
1316 610 1468 659 ferunt
1502 613 1719 660 traditum
1756 611 1836 660 sibi
1871 612 2185 699 diadema,Stob
2211 645 2293 698 serm

108 699 367 764 priusquam
402 697 543 762 capiti
576 697 858 760 imponeret,
893 707 1121 742 retentum
1155 694 1235 741 diu
1269 691 1590 753 confide1·affe‚
1624 711 1675 741 ac
1710 694 1903 741 dixiffe:
1946 695 1991 740 -O
2025 711 2216 743 no-xzvu,

111 779 233 825 bilem
267 780 396 841 magis
429 791 552 838 quam
589 781 632 813 59
668 773 836 836 felicem
870 786 1058 833 pannum
1081 775 1104 817 !
1145 786 1263 832 quem
1306 773 1338 831 si
1372 773 1461 832 quis
1498 773 1662 832 penitus
1693 768 1897 832 cognofiut
1918 802 1931 826 ‚
1968 783 2091 829 quum

114 860 256 906 multis
276 857 607 920 solicitudinibus
626 888 642 913 ‚
687 854 740 906 ἐφ’
767 854 986 914 periculis,
1031 850 1086 903 {9²
1105 849 1278 913 miseriis
1308 854 1369 912 fit
1400 850 1606 911 refertus,
1637 846 1683 875 ⁶0
1709 865 1758 895 ne
1791 848 1905 894 humi
1938 847 2098 910 quidem

103 935 313 994 jacentem
347 937 487 982 tollere
519 935 658 979 vellet.

122 1036 126 1040 ·
184 1009 225 1039 ⁶¹
266 1010 424 1070 Qud,
459 1009 732 1056 Xenocratis
766 1006 1051 1072 responsum,
1086 1022 1220 1071 quam
1253 1006 1496 1054 laudabile!
1545 1023 1652 1054 cum
1687 1006 1907 1053 maledico
1940 1006 2105 1053 sermo-
2204 1009 2238 1045 6.

118 1089 164 1134 ni
199 1087 482 1151 quorundam
517 1085 691 1133 summo
728 1084 904 1132 silentio
939 1084 1163 1132 intereffet
1183 1118 1200 1144 ‚
1243 1102 1334 1132 uno
1370 1101 1426 1133 ex
1456 1085 1523 1131 his
1557 1098 1822 1148 quaerente,
1859 1083 1901 1112 ⁶²
1939 1102 2011 1132 cur
2034 1056 2313 1146 sta-{i-‹ogxsi’iirii

117 1173 179 1218 lus
213 1169 276 1213 itu
309 1168 491 1229 linguam
515 1165 640 1228 suum
674 1165 900 1218 cohiberet:
938 1165 1062 1228 Qia
1095 1164 1240 1225 dixifflv
1272 1179 1360 1223 me,
1404 1165 1576 1227 inquit,
1622 1166 1841 1226 aliquando
1876 1143 2317 1229 poenituitssffiss't‘isiipe,

120 1245 285 1306 tacuzffi’
319 1260 540 1306 nunquam.
2116 1222 2307 1299 ἓζᾚῖἷζζξᾷρ

186 1322 500 1386 Aristophanis
536 1334 720 1384 quoque
753 1318 922 1366 altioris
955 1317 1020 1365 est
1051 1317 1313 1382 prudentiae
1346 1331 1658 1382 praeceptum.
1685 1318 1763 1381 qui
1797 1319 1844 1363 in
1870 1315 2107 1364 comoedia
2171 1378 2176 1384 ι
2207 1339 2241 1373 7,

121 1400 376 1448 introduxit
409 1400 636 1448 remissum
671 1399 725 1446 ab
760 1397 911 1445 inferis
946 1397 1266 1446 Atheniensem
1302 1395 1346 1435 ⁶³
1383 1398 1606 1445 Periclem
1628 1430 1642 1456 ,
1676 1397 1997 1445 vaticinantem
2032 1414 2107 1443 non
2122 1377 2287 1452 ἒξῑὲζξῇζ

1997 1491 2110 1537 opor-

1152 1629 1193 1659 ut
1213 1620 1315 1659 ficuti
1333 1622 1438 1660 certis
1457 1621 1614 1670 negotiis
1634 1622 1709 1659 suas
1729 1621 1837 1659 horas
1850 1648 1860 1664 ‚
1887 1620 1935 1658 ita
1955 1621 1991 1658 ὅ(
2013 1619 2116 1658 filen-

1152 1673 1207 1710 tio
1235 1671 1468 1720 adfignaret;
1507 1672 1612 1721 quod
1641 1672 1687 1709 de
1718 1684 1765 1710 eo
1797 1672 1923 1708 idonei
1949 1670 2115 1709 auctores

1150 1722 1373 1771 scripserunt.
1405 1723 1597 1760 COLER.
1636 1722 1732 1771 Quid
1759 1723 1961 1759 Xenocratis
1989 1725 2119 1770 respon—

1296 1773 1474 1811 Stobaeus
1506 1773 1620 1810 Serm.
1648 1785 1756 1810 xxxx.
1786 1774 1822 1809 &
1849 1772 2059 1809 Plutarchus
2079 1775 2119 1810 in

129 1622 205 1671 pho
222 1650 233 1667 ‚
260 1624 348 1672 qui,
375 1631 416 1661 ut
437 1622 668 1672 Capitolinus
700 1621 830 1661 audior
859 1622 931 1667 est,
958 1623 1100 1672 semper

128 1673 166 1711 id
187 1674 224 1710 in
243 1685 307 1711 ore
329 1674 466 1711 habuit.
492 1674 688 1712 VORST.

180 1724 238 1772 58.
265 1724 409 1761 subtilis
434 1723 573 1774 judicii]
613 1724 744 1773 Copes.
776 1724 915 1775 ingenii,

179 1788 238 1823 59.
264 1777 402 1811 Felicem
422 1775 587 1824 pannum]
617 1775 721 1813 Idem
734 1776 902 1813 ‘Valerius
922 1773 967 1811 de
985 1772 1101 1811 Pom·
1142 1775 1233 1822 sum.

131 1826 245 1874 pejo,
273 1826 378 1863 fascia
407 1837 510 1863 crura
542 1826 713 1874 alligato,
737 1826 854 1875 'quod
881 1824 1098 1863 diadematis
1152 1824 1210 1862 lib.
1239 1823 1285 1862 de
1303 1824 1393 1861 bon.
1418 1823 1526 1861 valet.
1557 1824 1739 1861 Simonidi
1756 1824 1829 1860 hoc
1849 1823 2023 1860 tribuunt.
2047 1824 2117 1860 Ce-

6 2728 13 2899 ξ

10 2900 20 3186 l

16 3187 22 3244 Ι

87 1918 89 1920 ,
128 1877 285 1913 nomine
307 1876 565 1926 perstringebat
588 1877 785 1915 Favonius.
833 1877 959 1927 Exigui
980 1877 1099 1925 inquit

126 1929 233 1976 panni
261 1928 478 1964 cavillatione
505 1929 616 1979 regias
654 1933 724 1976 ejus
759 1930 850 1964 vires
883 1926 1101 1976 exprobrans.

132 1977 345 2025 Antigonus
375 1979 455 2015 Rex
487 1977 703 2016 diadematis
732 1978 959 2026 majestatem
999 1984 1100 2013 exte-

127 2039 244 2065 nuans
271 2029 402 2067 Tun&
431 2027 616 2066 diuitabat
642 2059 650 2072 ,
687 2030 775 2066 teste
805 2028 979 2065 Stobaeo.
1008 2027 1101 2063 CO·

130 2078 248 2115 LER.
283 2083 312 2114 0
339 2077 479 2114 nobilem
507 2081 614 2130 magis
647 2094 747 2129 quam
769 2080 899 2124 felicem
931 2089 1092 2127 pannum.

128 2127 295 2165 Diadema
327 2140 372 2165 ex
396 2140 520 2177 panno
556 2130 771 2167 confectum
804 2127 907 2166 fuiffe
948 2134 1097 2176 apparet

132 2180 171 2217 ὃς
184 2191 229 2216 ex
249 2179 432 2229 eo,qu0d
449 2180 551 2227 supra
570 2192 675 2218 vr.2.
688 2191 724 2225 7.
751 2178 925 2216 candidam
937 2180 1097 2226 fasciam,

132 2242 207 2280 qua
226 2230 427 2279 pompejus
444 2230 628 2278 alligatum
658 2242 736 2267 crus
762 2229 952 2272 habuerit,
979 2229 1098 2266 Favo-

131 2281 235 2318 nium
265 2280 420 2317 diadema
450 2279 639 2330 appell-affe
667 2280 814 2323 scribit;
858 2291 1009 2328 quoque
1037 2280 1093 2316 ad—

135 2331 210 2375 dit,
239 2331 360 2380 exigui
385 2333 494 2380 panni
523 2331 757 2368 cavillatione
783 2331 896 2378 regias
926 2330 1098 2379 Pompeji

133 2382 229 2419 vires
255 2394 341 2419 eum
368 2380 817 2430 exprobraffe.VORST.
846 2381 1098 2427 Hephaestion

134 2432 233 2480 apud
263 2433 368 2470 Curt.
407 2434 453 2470 L.
484 2446 539 2471 1v.
578 2446 608 2470 1.
650 2432 705 2470 18.
743 2436 812 2469 Vos
839 2430 970 2481 quidem
999 2432 1100 2467 mam

132 2486 259 2520 virtute
278 2511 290 2526 ,
326 2483 445 2534 inquit
464 2513 474 2528 ‚
507 2487 623 2529 estote,
648 2485 707 2533 qui
734 2484 834 2531 primi
861 2482 1100 2529 intellexistis,

133 2543 259 2583 quanto
284 2540 392 2576 maius
418 2535 492 2581 effer
521 2548 655 2584 regnum
678 2532 856 2582 fastidire,
886 2546 987 2582 quam
1016 2535 1100 2568 acci-

128 2596 217 2633 pere
240 2584 482 2623 PERIZON.

185 2635 245 2672 60.
288 2637 342 2670 Ne
369 2636 458 2672 humi
484 2635 614 2685 quidem
653 2640 809 2677 iacentem
836 2634 950 2670 tollere
978 2633 1098 2684 vellet]

136 2685 240 2722 Med.
267 2686 373 2733 pxiiii.
397 2700 451 2722 nec
469 2686 559 2722 humi
584 2692 741 2729 iacentem
771 2686 883 2721 tollere
902 2685 1103 2729 ‘velinde-

137 2735 213 2778 leto
253 2734 396 2784 quidem.
448 2737 566 2784 Quod
593 2750 669 2775 non
700 2737 871 2785 displicet.
925 2740 1000 2772 Nec
1037 2749 1101 2774 ex—

138 2798 238 2834 pone
265 2798 326 2835 per
354 2787 454 2822 etiam
479 2801 557 2824 non,
592 2797 631 2825 ut
662 2799 752 2825 mox
780 2795 852 2825 ext.
880 2785 913 2823 8.
952 2788 1023 2823 Nec
1053 2801 1100 2824 co-

133 2838 252 2888 gitata
276 2840 396 2886 inquit.
437 2840 442 2845 ’

189 2888 248 2924 61.
276 2888 365 2934 Quid
386 2888 607 2937 Χεηοσναιῐς]
638 2888 813 2926 Stobaeus
837 2887 960 2926 tribuit
980 2887 1101 2926 Simo-

140 2937 228 2975 nidi.
287 2938 355 2976 Sed
396 2939 494 2976 idem
527 2941 563 2977 in
591 2941 841 2976 Xenocratem
873 2939 1006 2976 cadere
1033 2951 1102 2988 po-

139 2989 304 3038 tuit,qui
324 2989 418 3029 adeo
436 2990 578 3030 silentio
598 2991 712 3029 vitam
732 2990 859 3029 habuit
877 2989 1102 3036 devinctam,

1148 1883 1270 1913 terum
1302 1874 1536 1917 Xenocrati,
1569 1882 1698 1924 utpote
1732 1876 1838 1919 σεμιῷ
1873 1882 1900 1921 ις
1932 1877 2117 1919 σκυθρωπῷ

1147 1926 1224 1970 αἰεὶ,
1261 1933 1301 1963 ut
1322 1926 1492 1963 Laertius
1521 1937 1607 1963 eum
1637 1933 1747 1963 vocat
1767 1952 1777 1969 ,
1813 1925 1892 1962 satis
1919 1923 2048 1962 itidem
2077 1924 2115 1963 id

1151 1977 1330 2024 congruit.
1359 1976 1554 2014 VORST.

1200 2027 1259 2063 62.
1288 2030 1354 2063 Cur
1377 2029 1470 2076 solus
1492 2028 1541 2063 ita
1560 2027 1710 2076 linguam
1728 2025 1818 2072 suam
1845 2023 2020 2075 cohiberet]
2060 2028 2115 2062 Ita

1151 2076 1189 2113 in
1207 2077 1373 2125 plurimis
1394 2077 1501 2114 MSS.
1528 2077 1852 2122 defideratur‚nec
1880 2075 2016 2113 habent
2038 2076 2115 2114 edi·

1147 2128 1268 2165 tiones
1289 2137 1373 2166 ante
1390 2128 1573 2177 Pighium.

1198 2179 1258 2228 63.
1293 2178 1473 2228 Periclem]
1518 2178 1648 2215 Mirari
1676 2178 1754 2226 quis
1793 2177 1890 2214 haud
1926 2178 2116 2216 immerito

1148 2230 1277 2277 poffit,
1304 2230 1504 2279 quomodo
1524 2230 1584 2266 hic
1603 2228 1746 2264 Periclis
1766 2239 1908 2265 nomen
1937 2229 2113 2277 injecerit.

1150 2291 1235 2317 cum
1270 2280 1529 2327 Aristophanes
1569 2280 1662 2316 haec
1695 2278 1804 2316 verba
1832 2279 2018 2327 Aeschylo
2052 2279 2112 2317 det

1150 2330 1188 2366 in
1211 2329 1444 2373 Comoedia,
1472 2342 1567 2379 quae
1589 2332 1762 2378 βώτρφγοι
1784 2330 1994 2368 inscribitur.
2019 2331 2115 2367 Tra-

1151 2380 1254 2418 duxir
1280 2393 1343 2418 eos
1362 2381 1481 2418 versus
1509 2381 1694 2429 eleganter
1712 2380 1880 2418 Erasmus
1899 2389 2111 2428 praeceptor

1152 2431 1273 2469 noster
1292 2432 1329 2468 in
1346 2432 1494 2479 Adagio
1508 2460 1518 2475 ‚
1536 2433 1652 2467 Leonis
1669 2434 1813 2467 catulum
1832 2447 1870 2467 ne
1886 2434 1970 2467 alas.
1996 2430 2020 2466 fi
2037 2431 2110 2466 hoc

1152 2491 1309 2520 erratum
1341 2482 1389 2520 est
1420 2482 1579 2520 auffioris
1607 2483 1788 2525 μνημονικὲν
1814 2482 1992 2529 daubin-'ux
2014 2480 2113 2516 dicc-

1151 2540 1238 2577 tur,
1277 2533 1396 2582 qualia
1435 2532 1531 2581 apud
1568 2533 1722 2569 Latinos
1757 2532 1919 2569 auctores
1955 2529 2110 2576 plurima

1152 2583 1400 2622 inveniuntur.
1428 2584 1697 2621 GLAREAN.
1728 2582 1904 2628 Remzfficm
1931 2580 1972 2614 ab
1997 2582 2114 2625 inseris

1153 2635 1407 2683 „Atheniensem
1439 2636 1607 2671 Periclem.
1635 2633 1854 2681 Turpillime
1884 2630 2004 2677 paffim
2029 2631 2109 2667 sunt

1154 2685 1353 2735 depravata
1388 2686 1535 2735 propria
1562 2685 1716 2722 nomina
1755 2684 1789 2719 in
1827 2681 1900 2717 hoc
1936 2680 2108 2725 auclore,

1153 2748 1196 2774 ac
1233 2737 1389 2785 plurim-a
1427 2737 1535 2774 etiam
1579 2735 1666 2772 falso
1703 2730 1880 2780 supposita
1918 2730 1938 2767 ἦ
1969 2731 2109 2776 sciolis,

1153 2789 1215 2837 qui
1245 2788 1320 2824 hoc
1344 2800 1436 2836 opus
1469 2787 1526 2823 vel
1553 2785 1755 2831 corrigere,
1779 2781 1836 2817 vel
1865 2782 1901 2818 in
1927 2792 2106 2830 compen-

1153 2839 1256 2876 dium
1284 2839 1500 2875 contrahere
1524 2835 1719 2873 voluerunt
1740 2859 1750 2875 ,
1787 2831 1831 2868 de
1858 2844 2015 2880 quorum
2046 2845 2108 2870 me

1152 2889 1275 2927 hercle
1304 2889 1420 2937 flagris
1445 2887 1644 2936 dignissima
1671 2883 1879 2920 temeritate
1910 2891 2018 2931 atque
2038 2884 2106 2920 im-

1153 2939 1327 2988 pudentia
1361 2940 1535 2987 nusquam
1575 2947 1650 2972 non
1698 2934 1875 2982 conqueri
1909 2931 2106 2981 poffumus.

1154 2990 1323 3040 Superius
1361 2989 1633 3038 apophthegma
1662 2985 1850 3072 {effa-{ati
1887 2983 2113 3072 adscribuntd,

2007 3045 2082 3082 quo
