2516 3509
303 228 337 264 6.

216 332 300 360 Ann.
324 325 391 357 urb.

218 377 288 403 698.
307 370 388 400 mut.

215 414 248 441 in
270 411 343 441 vita.

217 456 323 482 senec.
352 450 391 483 ad

215 494 380 531 Albinam.

421 120 528 189 672
610 110 787 170 VAL.
841 101 1041 161 MAX.
1096 99 1228 157 an.
1266 97 1400 156 VII.
1441 99 1591 158 ΟΜ».
1629 103 1704 162 V.
1756 104 1860 162 DE
1900 107 2303 170 REPULSIS.

491 226 579 276 Sed
614 237 667 272 ut
702 212 1012 269 comitiorum
1036 212 1291 260 maximum
1336 210 1511 257 crimen
1555 210 1743 259 refCram
1765 247 1781 274 ‚
1837 217 1912 264 M.
1946 219 2137 270 Porcius
2174 222 2296 270 Cato
2330 219 2434 285 plus

429 306 630 356 moribus
665 301 749 349 suis
780 309 1015 363 praeturae
1047 292 1224 339 decoris
1259 288 1543 352 adje&urus‚
1580 306 1718 353 quam
1754 299 1796 330 ²5
1824 308 2064 356 praetexto
2100 301 2197 363 ejus
2230 298 2438 364 splendo-

429 390 486 436 ris
521 385 613 449 ipse
646 384 816 429 laturus
839 412 853 437 ‚
894 373 1110 438 consequi
1145 372 1268 417 illam
1303 368 1329 415 a
1364 368 1543 433 populo
1575 370 1816 434 aliquando
1849 390 1945 421 non
1977 378 2150 438 potuit.
2219 381 2438 427 Proxima

428 466 682 514 dementiae
716 459 952 522 suffragi213
1010 469 1124 519 quae
1166 450 1263 498 satis
1297 450 1483 514 quidem
1524 467 1681 516 graves
1717 469 1883 516 poenas
1919 458 2082 504 erroris
2116 458 2180 507 sui
2215 462 2445 526 pepende-

426 562 560 597 runt:
606 543 825 609 quoniam
865 535 909 566 ²⁶
945 551 1081 600 quem
1117 534 1344 580 honorem
1379 529 1552 577 Catoni
1585 544 1889 595 negaverant,
1939 532 2129 582 Vatinio
2162 537 2267 585 dare
2297 537 2445 586 coacti

423 630 539 678 sunt.
607 628 736 689 Ergo
774 621 806 668 fi
840 634 945 668 vere
980 615 1206 663 aestimare
1247 610 1460 661 voiumus
1484 644 1501 670 ,
1560 627 1655 658 non
1687 609 1858 658 Catoni
1905 624 2018 659 tunc
2061 629 2266 677 praetura
2286 641 2305 677 5
2364 619 2436 669 sed

424 721 658 774 praeturae
692 704 814 750 Cato
846 711 1036 763 negatus
1072 695 1149 742 est.

479 852 539 887 25.
567 840 747 875 Praetexta
776 830 865 880 ejus]
908 832 1129 866 Praetextum
1151 833 1330 876 praeturae
1357 821 1407 860 est

432 899 584 927 ornatus
614 889 651 925 &
674 885 934 922 vestimentum
952 908 962 924 ,
992 890 1069 929 quo
1102 884 1249 926 praetor
1277 874 1408 912 uteba-

431 951 501 979 tur.
551 937 744 987 Quodque
764 935 824 972 hic
838 942 1012 983 praetexto
1031 929 1183 978 legitur3
1212 938 1290 964 non
1304 937 1406 975 prae-

433 1004 553 1033 texta,
584 990 621 1027 id
651 986 848 1025 confirmat
881 981 985 1032 quod
1013 982 1051 1018 &
1080 982 1183 1028 supra
1205 991 1292 1016 vti.
1319 990 1350 1014 1.
1375 989 1407 1014 1.

436 1046 474 1080 ὅς
494 1055 535 1079 vr
549 1055 577 1079 1.
607 1053 639 1090 3.
669 1039 703 1075 8.
731 1034 932 1085 legendum
964 1034 1013 1070 ita
1044 1031 1106 1074 sit;
1139 1030 1197 1068 vel
1227 1036 1326 1066 certe
1352 1026 1405 1064 le-

433 1095 468 1141 gi
503 1095 551 1130 ita
582 1103 657 1128 non
689 1089 729 1125 sit
759 1085 965 1125 absurdum.
1001 1082 1100 1119 Vide
1135 1082 1255 1119 Notas
1287 1078 1334 1116 ad
1363 1090 1407 1116 ea

432 1145 526 1182 loca.
550 1140 745 1181 VORST.
773 1142 955 1176 Praetexta
977 1134 1089 1172 etiam
1111 1132 1276 1182 plerique
1296 1141 1317 1167 e
1336 1140 1408 1167 no·

1460 821 1557 867 stris,
1578 820 1729 879 pauculi
1755 830 1936 872 praetextu
1955 820 2015 859 ve]
2037 833 2226 872 praetextu.
2252 829 2438 867 Praetexta

1460 885 1506 910 ex
1535 874 1603 911 suis
1635 872 1746 911 codd.
1773 873 1905 922 probat
1936 874 2050 912 etiam
2075 878 2108 921 J.
2137 877 2193 914 Fr.
2217 877 2436 920 Gronovius

1460 924 1506 962 ad
1539 925 1622 962 Sen.
1650 925 1720 973 Ep.
1752 935 1811 970 71.

1506 976 1567 1032 36.
1602 977 1706 1023 Quem
1733 976 1884 1011 honorem
1911 976 2033 1011 Catoni
2063 979 2287 1030 negaverant]
2330 981 2435 1021 Barb.

1458 1039 1568 1113 pryn.
1605 1032 1845 1079 Negaverunt.
1884 1025 1989 1064 Harl.
2029 1031 2069 1064 Si
2099 1043 2216 1067 veram
2244 1033 2434 1081 existimare

1458 1093 1500 1116 ’70
1517 1093 1623 1116 unlus.

1182 1273 1546 1328 CAPUT
1621 1270 1723 1329 VI.

762 1410 923 1472 DE
1019 1406 1395 1470 NECE

433 1575 471 1604 1.
517 1556 670 1617 Populi
714 1553 838 1599 Rom.
878 1549 964 1611 post
1009 1548 1164 1596 cladem
1208 1548 1399 1592 Cannen-

623 1635 698 1664 em.

428 1705 469 1733 2.
505 1619 783 1746 Castanatam
818 1683 862 1726 in
896 1679 1101 1742 obstdione.

428 1769 468 1814 3.
514 1748 878 1806 Praenestinorum
937 1746 1119 1790 militum
1175 1741 1218 1785 in
1258 1738 1398 1784 eadem

603 1813 812 1874 obfidione.

421 1899 463 1943 4.
502 1881 645 1941 Populi
680 1881 794 1922 Rom.
828 1876 929 1920 bello
970 1873 1188 1917 [Mariano.

428 1964 466 2007 ς.
503 1948 553 1991 C.
592 1942 783 2000 Caesaris
816 1940 875 1987 ad
911 1937 1139 1984 Mundam.

1448 1401 2098 1469 SSITATE.

1450 1550 1494 1590 6.
1530 1545 1677 1603 Populi
1712 1544 1897 1604 Astatici
1931 1545 2032 1592 bello
2066 1545 2274 1593 Parthica.

1591 1659 1634 1705 E
1668 1675 1699 1705 x
1735 1676 1766 1706 'r
1803 1677 1833 1706 E
1870 1675 1904 1706 R
1943 1676 1979 1707 N
2013 1678 2042 1708 0
2081 1678 2117 1710 R
2150 1679 2184 1709 U
2220 1677 2277 1709 Μ.

1456 1751 1495 1781 1.
1538 1738 1793 1798 Cretenfiam
1848 1739 1878 1782 a
1931 1740 1997 1803 22.
2041 1737 2218 1785 Metello
2259 1737 2422 1801 obst’ffo-

1629 1817 1736 1847 rum.

1450 1879 1495 1910 2.
1530 1867 1892 1912 Numantinorum
1926 1866 1956 1911 a
1990 1869 2040 1911 P.
2075 1870 2265 1927 Scipione.

1454 1942 1498 1990 3.
1535 1932 1958 1994 Calagurritanorum
1992 1932 2022 1976 a
2056 1935 2132 1977 Cn.
2166 1933 2369 1995 Pompejo.

424 2083 434 2102 2
488 2067 905 2188 Abominandae
939 2081 1123 2129 quoque
1158 2060 1424 2111 neceffitatis
1455 2058 1743 2107 amariffimae
1776 2059 1926 2123 lege3‚
1967 2059 2017 2107 &
2050 2059 2423 2111 truculentiffima

611 2152 798 2214 imperia
819 2184 833 2211 ,
889 2160 990 2196 tum
1025 2146 1207 2195 Urbem
1241 2142 1465 2202 nostram,
1512 2147 1528 2168 ²
1568 2153 1669 2188 tum
1704 2142 1841 2189 etiam
1875 2154 2048 2188 exteras
2086 2155 2245 2206 gentes
2279 2142 2423 2191 multa

2328 2238 2423 2270 110ss

475 2383 506 2409 1.
525 2365 798 2409 „Abominandae
819 2378 945 2414 qaoque
964 2362 1156 2411 necessitatis
1175 2358 1393 2410 amariffimae
1447 2354 1560 2405 paulo
1590 2355 1670 2404 post
1697 2355 1853 2401 Badius,
1888 2353 2054 2405 mancipia
2078 2352 2232 2391 extrac‘la
2258 2367 2300 2390 ex
2329 2354 2425 2392 cellis

425 2420 531 2472 teges]
579 2422 690 2468 Quae
720 2418 874 2454 Senatus
899 2415 1108 2452 necessitate
1140 2411 1289 2450 coaetus
1317 2411 1396 2459 post
1437 2405 1638 2455 servilibus.
1666 2408 1842 2455 exponit,
1869 2422 1911 2443 ex
1932 2407 2121 2457 ergastulis.
2172 2406 2225 2442 At
2251 2416 2322 2453 ego
2354 2418 2424 2454 pu-

426 2471 659 2510 Cannensem
681 2468 824 2505 cladem
844 2465 1019 2503 indecore
1041 2464 1170 2502 fecerit
1186 2491 1196 2508 ‚
1215 2464 1284 2500 tria
1302 2462 1393 2499 sunt.

424 2523 545 2562 Servis
572 2521 703 2560 tradita
733 2529 866 2556 arma:
901 2516 1040 2564 templa
1069 2514 1189 2563 spoliis
1218 2512 1392 2562 spoliata:

423 2575 541 2625 capite
581 2573 776 2610 damnatos
810 2570 847 2605 in
884 2568 1056 2604 militiam
1084 2566 1262 2612 sumptos.
1315 2565 1394 2601 Ve-

424 2639 505 2664 rum
537 2624 680 2662 nullum
704 2621 854 2659 illorum
887 2618 1027 2655 factum
1055 2616 1117 2653 sub
1138 2614 1394 2662 Ti.Sernpro-

423 2679 488 2714 nio
517 2675 692 2713 Graccho
725 2671 855 2709 Livius
882 2670 1017 2711 refert;
1057 2678 1172 2716 quem
1201 2665 1392 2703 Grachum

424 2728 557 2766 Badius
598 2723 750 2763 credidit
778 2720 922 2760 Tiberii
951 2720 989 2757 &
1018 2717 1101 2766 Caji
1131 2716 1391 2755 Gracchorum

426 2788 568 2827 patrem
591 2806 601 2821 ,
644 2775 705 2813 sed
732 2774 845 2822 longe
877 2779 981 2809 errat.
1033 2769 1089 2806 Ut
1123 2780 1169 2805 ex
1198 2767 1391 2804 consulum
1437 2764 1471 2809 fi
1492 2792 1504 2807 ,

426 2829 608 2876 Cataiogo
631 2825 739 2864 facile
760 2824 807 2862 est
827 2823 964 2861 videre.
1016 2819 1068 2857 At
1092 2819 1167 2856 hoc
1193 2819 1390 2866 exiguum:

428 2880 517 2918 illud
551 2879 666 2927 magis
697 2878 862 2919 mirum,
910 2871 1013 2924 qtqod
1048 2872 1086 2908 in
1118 2869 1231 2907 Livio
1270 2869 1395 2906 servo-

429 2944 511 2969 rum
544 2936 757 2977 emptorum
785 2936 961 2964 numerus
994 2921 1042 2960 est
1067 2921 1135 2958 0630
1162 2920 1330 2964 millium,
1359 2931 1396 2956 a-

427 2982 503 3031 pud
533 2980 726 3018 Valerium
754 2988 809 3016 ter
838 2977 958 3025 major
979 3003 989 3020 ,
1030 2983 1175 3022 quatuor
1202 2979 1247 3007 <7
1268 2971 1398 3021 viginti

427 3034 584 3070 millium.
646 3029 856 3069 Annotavit
890 3028 966 3066 hoc
996 3024 1180 3064 Oliverius
1219 3033 1394 3072 quoque;

1447 2466 1526 2495 tem
1548 2457 1592 2494 ab
1614 2458 1771 2495 authore
1793 2459 1892 2494 cellas
1918 2457 2094 2505 intelligi,
2122 2455 2184 2492 ubi
2205 2455 2298 2493 servi
2319 2457 2424 2494 habi-

1445 2509 1583 2546 tabant.
1629 2510 1683 2546 Ut
1702 2510 1739 2546 in
1760 2509 1946 2546 Eunucho
1968 2506 2141 2546 Terentii
2165 2506 2331 2545 Chaerea
2362 2508 2424 2547 ait.

1446 2562 1530 2596 Cum
1551 2561 1587 2596 in
1605 2561 1760 2597 cellulam
1779 2559 1825 2596 ad
1846 2571 1877 2596 te
1894 2560 2004 2607 patris
2020 2570 2140 2607 penum
2161 2572 2253 2593 omne
2272 2571 2423 2609 congere-

1448 2610 1524 2647 bam
1560 2612 1756 2648 clanculum.
1820 2611 1938 2648 Porro
1979 2609 2018 2646 in
2054 2607 2288 2657 sequentibus
2327 2608 2423 2647 mul-

1448 2670 1486 2700 ta
1518 2661 1689 2699 Valerius
1726 2662 1829 2699 aliter
1866 2672 1980 2711 quam
2020 2660 2151 2697 Livius
2189 2659 2310 2697 tradit.
2367 2661 2421 2696 Ut

1446 2715 1635 2762 Campanos
1662 2713 1764 2760 faisse
1787 2740 1797 2757 ,
1839 2714 1899 2762 qui
1927 2711 2074 2756 Casilini
2113 2709 2310 2754 obsidionem
2341 2711 2423 2758 pase

1566 2775 1652 2801 cuni
1709 2764 1847 2801 fuerint
1891 2763 2046 2810 Perusini
2104 2762 2142 2798 δε
2181 2761 2420 2807 Praenestini,

1445 2812 1549 2862 quod
1587 2814 1711 2853 multis
1745 2814 1863 2852 verbis
1903 2813 2049 2852 adstruit
2082 2812 2224 2849 Livius.
2272 2820 2309 2846 ut
2348 2824 2421 2847 mu-

1445 2878 1511 2900 rem
1529 2876 1662 2914 captum
1688 2865 1835 2902 durentis
1861 2864 2010 2902 denariis
2029 2874 2191 2914 emptum,
2217 2872 2301 2898 cum
2324 2860 2421 2898 Stra-

1449 2913 1498 2951 bo
1538 2915 1584 2952 L.
1619 2928 1657 2953 v.
1706 2917 1753 2955 ad
1791 2916 1904 2954 finem
1927 2945 1939 2962 ,
1985 2927 2063 2953 non
2096 2927 2217 2950 murem
2258 2910 2317 2948 sed
2353 2926 2423 2948 me-

1449 2963 1599 3002 dimnum
1638 2967 1742 3005 fuisse
1775 2968 1913 3005 scribat.
1967 2969 2209 3014 Quamquam
2247 2961 2285 2998 in
2323 2961 2423 3000 Stra-

1450 3015 1550 3055 bone
1578 3021 1651 3063 μιαῖ
1678 3031 1747 3068 pro
1786 3018 1942 3065 μέόυμνον
1981 3018 2154 3065 scriptum
2189 3012 2312 3102 reeteG
2318 3020 2424 3061 putat

2317 3075 2419 3115 eorg.
