2516 3509
484 128 601 183 DE
653 123 1141 183 EXTERNIS
1201 121 1787 180 INSTITUTIS.

2024 125 2089 180 16
2096 147 2128 200 9

110 214 333 279 *moribus
344 227 635 278 Athenienses
657 227 1004 293 subsequuntur:
1019 226 1139 292 apud
1159 241 1272 290 quos
1305 225 1516 271 ¹2inertia
1539 223 1563 270 e
1583 224 1761 272 latebris
1779 225 1884 287 suis,
1907 226 2126 292 languore
2141 247 2237 281 mm,

128 295 356 366 marcens,
390 306 438 353 in
457 305 609 352 forum
649 311 687 340 ¹3
718 304 904 370 perinde
926 320 977 350 ac
1009 303 1229 350 delffiium
1260 300 1444 366 aliquod
1472 302 1778 363 protrahitur,
1819 310 1858 339 ¹4
1888 304 2039 370 fitque
2072 317 2126 353 ut

130 382 431 444 facinorosae,
466 384 530 431 ita
548 381 873 430 erubescendae
890 399 964 430 rea
985 382 1158 447 culpae.

118 588 199 627 Jn'er
218 605 314 636 om,o
355 586 415 627 dat
433 597 477 644 ze
495 590 573 628 door
592 591 795 646 lietgezigte
816 606 885 628 van
905 590 988 629 baar
1008 593 1100 642 eigen

127 640 214 678 bloet·
229 648 297 694 ζοιι
322 656 359 677 en
388 642 611 691 versbhrikken
631 647 670 690 of
690 647 891 692 verflauwen
905 670 915 686 ,
941 657 1034 679 maar
1061 652 1099 691 op

127 691 190 729 dat
209 696 277 729 niet
294 693 395 729 lmare
414 693 564 742 ‘vyanden
583 692 713 745 zon-den
724 698 994 745 ge'e'ncourageert
1014 707 1102 729 wor-

126 741 200 780 den.
228 745 335 781 Haec
353 744 526 792 prolixius
552 745 725 793 exposui,
748 745 834 795 quia
855 744 999 788 nescio,
1021 755 1098 793 quo

129 794 209 831 fato
223 822 233 839 ,
261 793 474 842 persuadere
495 806 613 843 nuper
630 807 708 832 non
727 795 857 843 potui,
883 805 962 830 non
981 793 1100 832 modo

128 843 179 882 D.
193 845 404 889 Ortwinio,
425 845 486 883 sed
504 857 625 895 neque
648 845 840 882 astantibus
854 872 864 889 ‚
892 845 930 880 in
952 843 1100 891 vulgata

128 894 290 933 lectione
312 895 561 933 commodum
579 894 690 931 inesse
710 894 851 932 sensum
865 922 875 938 ‚
901 893 987 929 licet
1009 905 1100 940 pau-

129 945 247 983 lulum
279 946 526 984 reconditum.
578 944 695 993 Quod
726 952 851 981 autem
878 941 937 980 ille
959 942 1102 979 adfere-

129 996 191 1034 bat
211 1008 254 1033 ex
272 997 337 1033 suo
357 994 474 1032 modo
493 993 588 1032 Cod.
616 995 792 1031 utebantur
811 1007 874 1043 qno
897 1007 936 1027 ne
950 1019 960 1036 ‚
988 994 1026 1030 &
1052 993 1103 1030 ita

130 1046 272 1084 dicium
294 1045 464 1094 putabat,
490 1052 532 1082 ut
554 1044 686 1082 dicitur
713 1055 752 1079 m
776 1058 837 1086 ne,
865 1054 943 1080 non
965 1053 1106 1080 con-ve-

130 1097 186 1134 nit
208 1108 248 1133 ea
277 1096 370 1133 ratio
393 1094 686 1132 celebratiffimae
709 1093 1104 1132 Lacedaemoniorum

131 1147 280 1188 virtuti,
319 1146 382 1195 qui
410 1141 566 1182 minime
593 1144 820 1183 terrebantur
848 1144 899 1181 sui
925 1144 1105 1192 sanguinis

129 1196 320 1244 adspectu,
349 1197 387 1233 ὅ(
407 1203 601 1244 propterea
628 1195 664 1232 τὲ
683 1194 744 1243 sed
757 1222 766 1238 ‚
790 1194 899 1244 quod
925 1195 1105 1243 sequituri,

128 1258 368 1296 nequaquam
390 1247 523 1295 patitur
545 1246 628 1296 ejici
649 1247 688 1283 τό
704 1261 779 1282 non.
832 1247 885 1283 At
906 1244 931 1281 fi
949 1257 1107 1294 repona-

131 1309 235 1341 mus,
254 1312 341 1340 non,
364 1310 427 1346 quo
448 1298 592 1346 aspeaus
611 1296 649 1334 id
670 1297 753 1335 sane
773 1307 851 1336 non
871 1298 1031 1334 omnino
1050 1309 1106 1334 re-

128 1348 282 1396 jiculum
303 1345 412 1392 effer,
434 1348 578 1393 modo,
603 1362 668 1397 quio
688 1348 908 1396 accipiatur,
926 1355 1105 1398 tanquam

131 1410 212 1436 non
240 1410 309 1447 pro
327 1410 389 1443 ut,
424 1398 484 1436 sed
507 1411 583 1448 pro
614 1412 694 1449 qum
726 1397 909 1447 positum,
946 1406 985 1435 ut
1011 1399 1107 1447 apud

134 1449 213 1487 Cic.
241 1461 309 1487 xri,
338 1449 441 1487 Fam.
471 1450 539 1498 Ep.
565 1461 619 1495 17.
645 1463 746 1499 qnam
771 1460 809 1485 ut
827 1451 1016 1498 conserves,
1043 1465 1108 1487 nom

132 1514 196 1551 quo
216 1498 254 1534 de
273 1512 332 1536 tua
353 1503 532 1548 constantia
552 1499 692 1536 dubitem
705 1528 714 1544 ‚
735 1498 794 1547 ss'd
814 1502 894 1550 quia
911 1515 977 1535 mos
997 1503 1039 1548 est
1054 1503 1106 1537 ita

130 1549 290 1601 rogandi,
317 1565 404 1602 rogo.
456 1551 532 1588 Ubi
553 1550 738 1588 Gebhard.
765 1550 928 1600 plurimis
953 1551 991 1587 in
1017 1551 1106 1589 locis

131 1616 195 1651 quo
214 1601 280 1638 isto
301 1601 480 1651 loquendi
498 1601 616 1639 modo
634 1601 702 1637 ἀντὶ
724 1600 754 1640 Ξ
775 1600 863 1651 quod
890 1612 936 1638 ex
962 1601 1044 1638 MS.
1071 1603 1106 1641 se

132 1648 315 1689 restituisse
342 1653 499 1690 testatur.
559 1653 607 1690 Et
625 1651 707 1689 sane
724 1663 800 1700 >ego
827 1663 871 1688 ex
893 1652 1102 1698 Cicerone,

133 1701 319 1740 Terentio
341 1703 379 1740 &
400 1702 475 1740 aliis
504 1702 630 1740 similia
650 1702 756 1751 >plura
783 1701 974 1740 observavi
995 1703 1078 1741 loca
1092 1733 1103 1749 ,

130 1759 173 1790 ut
192 1752 314 1790 mirari
341 1752 418 1790 satis
439 1765 624 1803 nequeam
652 1753 697 1791 ab
716 1754 833 1791 Henr.
853 1753 1040 1801 Stephano
1066 1754 1105 1792 in

129 1802 196 1841 suo
224 1802 571 1842 Pseudo-Cicerone
596 1817 631 1853 p.
664 1816 749 1851 217.
775 1804 880 1841 istum
907 1804 1106 1853 particulae

132 1854 236 1892 usum
258 1855 369 1903 rejici.
396 1855 540 1892 Verum
565 1855 613 1892 fic
633 1867 786 1904 quoque
805 1854 844 1892 in
864 1855 1017 1892 Valerio
1034 1867 1101 1894 ‘ea-

130 1904 217 1943 dem
240 1906 338 1942 foret
358 1904 518 1954 Ellipfis,
543 1905 604 1943 sed
622 1906 733 1954 paulo
764 1905 868 1943 aliter
892 1906 1101 1955 supplenda.

127 1960 215 1995 Non
233 1954 409 1993 ute-'bantur
429 1972 461 1993 eo
473 1985 482 2001 ‚
510 1971 574 2007 quo
594 1957 738 2006 aspeflus
759 1958 881 1993 cruoris
901 1958 976 2006 ipsis
998 1968 1102 1994 terro-

130 2020 196 2043 rem
215 2005 359 2053 adferret
371 2036 382 2052 ,
401 2006 461 2056 sed
479 2008 656 2045 utebamur
671 2017 841 2057 propterea
854 2034 864 2052 ‚
894 2022 934 2044 ne
956 2009 1028 2045 δίε.
1056 2009 1100 2046 In

131 2068 210 2106 quo
227 2064 354 2095 tamen
373 2058 494 2096 durius
513 2059 624 2108 paulo
654 2059 799 2097 videtur
812 2087 823 2104 ,
849 2057 953 2108 quod
982 2058 1029 2095 fic
1049 2060 1101 2097 al-

130 2114 210 2144 tera
236 2107 417 2146 affirmans
438 2109 531 2147 ratio
563 2109 727 2158 designet
748 2118 899 2158 tempus
924 2112 1101 2158 praeteri—

132 2165 235 2200 tum,
261 2157 371 2196 altera
398 2161 513 2208 magis
542 2160 731 2203 futurum,
768 2162 807 2198 ὅ(
836 2167 963 2197 tamen
983 2160 1030 2198 ad
1056 2173 1099 2198 u-

129 2215 302 2256 tramque
329 2209 429 2247 idem
457 2209 670 2247 adhibeatur
699 2210 868 2247 verbum.
895 2221 982 2247 nam
1010 2221 1097 2248 cum

130 2257 216 2296 dico
230 2286 240 2302 ‚
267 2273 332 2294 non
351 2273 414 2308 quo
444 2259 596 2308 aspec‘lus.
615 2265 684 2309 ejus
710 2260 787 2308 ipsis
816 2271 970 2296 terrorem
988 2259 1099 2306 adfer-

130 2321 182 2346 ret
196 2337 206 2353 ,
233 2311 371 2357 exponi
392 2308 498 2345 debet
511 2336 522 2352 ‚
546 2323 612 2345 non
628 2308 716 2359 quod
729 2308 857 2356 adferre
867 2310 997 2356 soleret.
1043 2310 1098 2347 Ea

130 2371 209 2397 non
235 2367 334 2396 tanta
354 2360 420 2396 erit
440 2358 630 2396 difficultas
644 2387 654 2403 ,
674 2366 714 2396 ut
736 2367 931 2408 propterea
946 2357 1098 2407 probari

130 2418 242 2458 neget
253 2410 345 2447 istius
355 2409 482 2453 lectio,
494 2408 520 2447 fi
533 2408 592 2447 vel
600 2409 758 2457 plurium
771 2409 960 2447 accederet
974 2409 1095 2447 Codd.

132 2461 350 2504 auctoritaS,
376 2460 436 2497 vel
454 2460 516 2498 iste
545 2471 636 2497 unus
655 2461 781 2497 ceteris
802 2461 900 2497 foret
917 2459 1098 2509 praestan-

129 2512 226 2555 tior,
254 2510 299 2548 de
319 2523 420 2560 quo,
445 2522 563 2560 quum
585 2510 806 2548 Chartaceus
832 2511 964 2555 fuerit,
990 2511 1098 2549 valde

131 2561 261 2599 dubito
275 2590 285 2605 ‚
313 2562 531 2611 ceteroquin
546 2561 711 2610 vulgares
728 2561 869 2599 Valerii
881 2561 1002 2599 Codd.
1017 2573 1099 2600 cor-

130 2612 349 2661 ruptiffimos
372 2613 503 2650 fateor.
554 2612 798 2650 Documento
819 2611 861 2650 fit
890 2612 994 2662 quod
1013 2624 1100 2661 pro-

130 2664 237 2700 ximo
253 2663 370 2700 statim
402 2662 576 2711 exemplo
601 2663 783 2712 sequitur,
812 2675 916 2701 ‘nunc
945 2675 1099 2714 quoque

131 2713 252 2752 obiter
282 2724 395 2750 unam
425 2726 470 2750 ex
497 2713 660 2762 plurimis
689 2714 780 2752 meis
802 2714 841 2751 in
873 2726 920 2752 eo
948 2713 1099 2752 auctore

130 2763 352 2814 conjecturis
365 2762 592 2813 judicio'tuo
614 2776 801 2812 exponere
818 2764 917 2803 libet.
952 2765 1101 2803 Dicitur

128 2813 201 2851 illic
231 2816 383 2851 inertiam
405 2813 421 2852 ἒ
443 2814 579 2851 latebris
601 2817 673 2863 suis
704 2817 739 2851 in
763 2818 873 2865 sorum
898 2814 1034 2864 proinde
1062 2831 1100 2852 ac

130 2863 284 2901 deliHum
308 2864 446 2914 aliquod
465 2865 640 2914 protrahi,
668 2865 809 2915 fierique
834 2876 871 2902 ut
896 2869 1102 2916 facinorofize

130 2917 182 2952 ita
209 2914 432 2963 erubeftendae
460 2931 550 2952 ream
575 2918 695 2966 culpae.
748 2915 880 2963 Quid?
908 2928 954 2954 an
980 2919 1101 2954 inertia

121 2978 227 3015 quae
245 2965 421 3013 languore
440 2978 605 3005 marcens
624 2978 692 3004 nec
707 2966 813 3004 bonis
831 2978 900 3003 nec
927 2968 1029 3005 malis
1048 2980 1103 3006 ar—

123 3016 223 3057 ttibus
253 3028 405 3067 operam
438 3017 519 3064 dat,
552 3019 670 3059 etiam
686 3019 891 3067 facinorofize
911 3020 1023 3068 culpae
1048 3033 1103 3058 rea

1927 469 1943 488 '¹
1956 468 1967 496 ⁵
1994 462 2124 528 Ejus-

1151 584 1270 633 potest
1289 583 1390 623 dici?
1410 594 1539 635 putem
1562 597 1635 635 ego
1657 585 1827 626 excidiffe
1847 589 1885 625 τὲ
1903 604 1966 625 non
1981 592 2124 641 ,legen-

1151 635 1316 685 dumque
1334 637 1405 684 fit,
1430 648 1468 673 ut
1495 652 1561 674 nen
1583 640 1807 688 faccinorofize,
1833 642 1884 676 ita
1905 641 2127 689 erubefiendae

1152 687 1223 724 &c
1276 687 1335 724 Sic
1355 688 1462 736 plane
1483 688 1598 727 Ovid.
1619 690 1657 726 in
1676 690 1801 728 Ponto
1829 703 1858 728 1.
1883 704 1915 738 7.
1939 704 1997 740 ις.
2026 696 2124 739 Quic-

1150 736 1233 787 quid
1259 735 1294 772 id
1321 743 1364 787 est
1395 754 1458 775 non
1482 743 1614 786 fizcimbs
1637 768 1647 784 ,
1675 739 1735 789 sed
1765 744 1860 791 culpa
1894 743 2042 780 *vocanda
2070 749 2124 792 est.

1154 788 1323 825 Valerius
1351 789 1452 826 enim
1482 790 1683 838 saepiffime
1715 792 1847 831 eadem
1875 795 1989 832 utitur
2020 794 2125 834 locu-

1150 839 1255 875 tione
1272 839 1315 874 C.
1329 839 1362 875 8.
1375 840 1443 877 Ex.
1457 852 1490 877 z.
1508 847 1551 877 Ut
1571 855 1634 876 non.
1654 843 1837 891 legitimum
1851 871 1860 887 ,
1873 846 1969 892 irase
1982 844 2125 896 dignum

1146 890 1331 936 praemium
1345 893 1456 936 petiit.
1484 891 1529 927 L.
1551 903 1603 928 IV.
1627 891 1669 928 C.
1689 905 1722 937 4.
1742 894 1844 931 Extr.
1867 896 1936 932 δίε.
1964 904 2016 933 IV.
2035 911 2067 943 4
2088 911 2123 936 z.

1153 949 1223 974 v11.
1246 951 1278 987 ς.
1304 938 1382 975 init.
1409 951 1498 977 vm.
1522 953 1578 978 11.
1603 952 1634 989 3.
1662 950 1775 980 exter.
1811 943 1983 983 Alterum
2006 948 2123 987 fateor

1155 987 1248 1043 ferri·
1273 988 1440 1044 potest-fi
1471 991 1570 1028 recte
1596 991 1807 1040 explicetur.
1860 995 1947 1034 Erat
1968 998 2068 1036 enim
2088 1001 2127 1036 αδ·

1154 1051 1217 1087 quo
1240 1049 1277 1075 1n
1299 1049 1464 1087 margine
1482 1043 1531 1080 ita
1556 1049 1750 1089 notatum,
1778 1052 1818 1082 ut
1836 1046 2018 1085 incertum
2040 1048 2127 1087 effer

1156 1100 1270 1137 quam
1293 1092 1495 1139 requireret
1514 1093 1728 1142 particulam
1742 1124 1753 1140 ‚
1780 1104 1903 1134 utrum
1931 1113 1995 1134 non
2016 1111 2061 1137 an
2076 1116 2127 1138 ne.

1159 1139 1271 1177 Certe
1295 1141 1414 1178 nullus
1444 1144 1511 1180 erit
1539 1144 1577 1181 in
1605 1144 1724 1182 verbis
1754 1145 1895 1192 sensus,
1923 1149 1947 1186 fi
1964 1149 2127 1197 legamus

1157 1203 1221 1239 quo
1242 1206 1280 1227 ne
1300 1193 1368 1241 asp.
1386 1193 1434 1229 ὃ(
1455 1193 1481 1230 fi
1500 1194 1802 1243 interpretamur,
1823 1199 1980 1248 quomodo
1993 1228 2003 1243 ,
2021 1213 2059 1237 ut
2076 1217 2127 1239 ne.

1160 1241 1279 1289 Quod
1305 1254 1443 1291 nempe
1470 1246 1658 1282 convenit.
1694 1247 1936 1287 PERIZON.
1988 1251 2126 1296 Vides,

1156 1292 1292 1329 Amice
1323 1293 1483 1340 Lector,
1521 1296 1771 1344 fragmentum
1798 1300 1966 1347 epistolae
1993 1301 2038 1339 ad
2060 1304 2127 1340 Vi-

1155 1343 1477 1391 rum=Eruditum‚
1506 1347 1628 1383 nescio
1651 1360 1786 1397 quemn,
1813 1349 1834 1387 a
1856 1350 1912 1387 Cl.
1930 1351 2128 1391 Perizonio

1155 1394 1327 1442 scriptae,
1354 1395 1457 1445 quod
1487 1407 1574 1434 cum
1602 1397 1676 1445 ipse
1705 1398 1843 1437 schedis
1873 1401 1961 1445 suis,
2000 1402 2129 1451 quibus

1157 1453 1270 1482 notae
1301 1447 1377 1495 ejus
1408 1446 1447 1483 in
1479 1447 1672 1486 Valerium
1704 1449 2008 1495 continebantur,
2036 1453 2129 1491 inse-

1156 1497 1269 1533 ruerit
1282 1523 1292 1540 ,
1317 1507 1388 1545 ego
1411 1509 1563 1548 quoque
1584 1497 1683 1536 bona
1703 1499 1775 1537 fide
1794 1502 2041 1540 exhibendum
2061 1517 2127 1553 pu-

1157 1547 1246 1585 tavi.
1282 1547 1389 1585 Leid.
1409 1550 1525 1597 quint.
1551 1564 1616 1586 non
1636 1561 1675 1586 ut
1695 1552 1784 1598 ipsis.
1810 1553 1896 1590 sext.
1924 1553 2128 1600 Utebanmr,

1156 1612 1195 1633 ne
1212 1598 1288 1648 istfis
1311 1614 1331 1635 a
1334 1599 1547 1685 seffusejus
1574 1611 1748 1646 terrorem,
1774 1617 1813 1638 ne
1833 1604 1974 1651 best-ibus
1987 1604 2131 1651 fiduciae

1153 1647 1286 1699 aliquid
1310 1664 1330 1686 a
1350 1653 1471 1696 ferret.
1501 1651 1568 1689 sec.
1604 1656 1710 1696 Non,
1747 1652 1834 1703 quod
1862 1655 1951 1705 ipsis.
2004 1656 2129 1695 Ceteri

1153 1699 1245 1737 stant
1264 1712 1330 1748 pro
1348 1701 1492 1749 Pighio.

1207 1778 1264 1803 12.
1301 1768 1431 1803 Inertia
1460 1768 1496 1803 in
1517 1770 1628 1815 forum
1654 1767 1892 1818 protrahitur]
1934 1772 2066 1810 Otium
2094 1783 2132 1811 απ

1154 1816 1498 1907 pluglgtlfenienses
1525 1819 1710 1858 accusatur
1738 1827 1914 1869 tanquam
1941 1820 2129 1862 delictum,

1165 1984 1190 2022 *b
1207 1933 1431 2022 Pi'germde
1449 1948 1486 1971 ac
1503 1932 1674 1983 cleliam]
1699 1933 1833 1984 Ultraj.
1852 1934 2072 1985 sec2perinde
2090 1951 2128 1973 ac

1151 2001 1168 2021 ο
1235 2001 1249 2021 e
1266 2001 1276 2022 t
1311 2000 1377 2023 um.

1204 2064 1258 2097 14.
1286 2054 1407 2103 Fitque
1428 2064 1467 2088 ut
1482 2053 1710 2101 facinorosioe,
1731 2053 1789 2089 >ita«
1819 2052 2044 2102 erubefiendae
2066 2070 2128 2092 *ren

1148 2102 1277 2151 culpae]
1311 2103 1367 2140 Sic
1387 2115 1519 2141 omnes
1551 2103 1619 2141 Ed.
1641 2104 1679 2140 &
1699 2102 1807 2140 MSS.
1837 2104 1892 2141 Cl.
1912 2105 2125 2144 Perizonius

1150 2153 1344 2191 contendit
1371 2161 1498 2190 tamen
1531 2154 1691 2191 omnino
1720 2153 1921 2202 legendum
1945 2157 2023 2191 Non
2036 2159 2124 2203 faci-

1148 2206 1292 2251 norosae.
1331 2204 1431 2251 Quia
1450 2205 1580 2241 inertia
1600 2216 1671 2241 nec
1692 2204 1820 2249 bonis,
1848 2216 1918 2242 nec
1940 2205 2043 2244 malis
2065 2219 2122 2244 ar-

1147 2252 1242 2289 tibus
1256 2281 1266 2297 ,
1287 2264 1440 2301 operam
1463 2253 1550 2291 dans
1572 2266 1651 2291 non
1669 2254 1837 2292 videatur
1859 2255 1930 2292 dici
1944 2255 2050 2304 ‘pofl'e
2064 2261 2122 2304 fa-

1147 2305 1301 2351 cinorosa.
1367 2302 1504 2341 Fateor
1542 2303 1721 2353 plerisque
1760 2305 1809 2341 ita
1837 2304 1941 2353 poffc
1981 2308 2097 2346 videri
2107 2325 2120 2352 ;

1149 2352 1392 2390 Athenienses
1408 2361 1536 2391 tamen
1558 2366 1641 2391 eam
1663 2362 1703 2391 ut
1723 2353 1899 2393 defletum
1924 2357 1962 2394 δε
1984 2358 2120 2396 facinus

1148 2403 1374 2452 puniebant,
1402 2405 1440 2441 ὃ(
1458 2405 1508 2441 ita
1531 2416 1614 2442 eam
1637 2416 1706 2452 pro
1720 2408 1926 2454 facinorofit,
1947 2419 2022 2445 non
2041 2417 2118 2445 tan-

1148 2462 1229 2490 tum
1256 2466 1324 2503 pro
1354 2453 1563 2503 erubefienda
1594 2454 1788 2493 habebant.
1841 2457 1875 2494 Si
1898 2459 1976 2506 quis
1996 2466 2117 2495 tamen

1147 2503 1348 2542 Perizonio
1364 2504 1470 2542 malit
1485 2503 1650 2543 affentire
1665 2533 1675 2549 ,
1702 2517 1781 2544 non
1812 2507 1919 2545 valde
1942 2519 2116 2555 repugna-

1148 2553 1210 2592 bo.
1260 2556 1334 2601 Pro
1360 2556 1571 2606 protrahitur
1600 2556 1742 2607 aliquot
1772 2557 1878 2595 MSS„
1902 2558 2115 2608 pertrahitur⁰

1150 2605 1287 2645 Phaed.
1313 2607 1363 2646 L.
1389 2619 1451 2645 111.
1483 2621 1540 2646 10.

1199 2681 1427 2728 ‘Accufiztores
1443 2682 1654 2730 postularunt
1671 2681 1835 2717 mulierem

1250 2735 1447 2781 &mamque
1461 2742 1698 2782 pertraxerunt
1714 2731 1758 2767 ad
1773 2727 1979 2765 decemviros.

1150 2807 1305 2846 Praestat
1323 2809 1543 2859 protrahitur.
1596 2809 1695 2846 Vide
1715 2809 1814 2856 supra
1838 2807 1929 2844 L..1.
1955 2819 1984 2843 1.
2007 2818 2064 2843 21..

1208 2878 1263 2913 15.
1307 2865 1576 2915 Ejusdem-urbis
1609 2872 1654 2900 Ψ
1689 2863 1920 2912 fitnc‘lrffi‘mum
1953 2864 2115 2910 confilium

1154 2919 1384 2965 <Areopagnsj
1422 2918 1465 2953 In
1497 2913 1716 2964 Campensi,
1745 2913 1980 2955 Coloniensi,
2011 2912 2117 2948 Win—

1156 2965 1324 3004 cheliano
1347 2969 1384 3004 ὃς
1398 2967 1611 3004 Cauchiano
1623 2994 1632 3010 ‚
1647 2967 1701 3013 Est
1718 2974 1764 3002 (9·
1783 2963 1919 3014 ejtastlcm
1937 2962 2025 2998 urhis
2034 2964 2116 3009 fim-

1154 3016 1321 3065 Hffmmm
1347 3019 1516 3056 concilium
1534 3024 1764 3066 ffireopagus,
1790 3015 1844 3053 ubi
1865 3016 2122 3101 φιιζῇμιεὲίῗσ.

1682 3068 1716 3104 Y
2049 3074 2127 3112 ujus

2143 296 2262 332 Areop.
2290 290 2339 322 ld,

2144 334 2186 364 de
2205 333 2320 365 Sardis.

2143 376 2344 407 Aeliamvffl.

2145 428 2188 449 ιν.
2204 428 2228 448 1.
2243 418 2340 459 Diog.

2137 460 2251 491 La'e'rr.
2265 459 2300 490 in

2145 502 2209 532 Sol.
2228 512 2298 537 555.

2145 546 2277 584 Rupert.
2304 544 2344 574 ad

2144 585 2204 617 Sal.
2229 586 2269 616 de

2144 630 2183 660 R.
2200 630 2240 660 0.
2254 637 2304 663 27·-
