<?xml version="1.0" encoding="UTF-8"?>
<!DOCTYPE html PUBLIC "-//W3C//DTD XHTML 1.0 Transitional//EN"
    "http://www.w3.org/TR/xhtml1/DTD/xhtml1-transitional.dtd">
<html xmlns="http://www.w3.org/1999/xhtml" xml:lang="en" lang="en">
 <head>
  <title>
</title>
<meta http-equiv="Content-Type" content="text/html;charset=utf-8" />
  <meta name='ocr-system' content='tesseract 3.04.00' />
  <meta name='ocr-capabilities' content='ocr_page ocr_carea ocr_par ocr_line ocrx_word'/>
</head>
<body>
  <div class='ocr_page' id='page_1' title='image "./librinovemfactor00valeuoft_0056.png"; bbox 0 0 2516 3509; ppageno 0'>
   <div class='ocr_carea' id='block_1_1' title="bbox 395 115 1374 223">
    <p class='ocr_par' dir='ltr' id='par_1_1' title="bbox 395 115 1374 223">
     <span class='ocr_line' id='line_1_1' title="bbox 395 115 1374 223; baseline -0.015 -34"><span class='ocrx_word' id='word_1_1' title='bbox 395 153 439 223; x_wconf 47' lang='grc' dir='ltr'><strong>,ᾖ</strong></span> <span class='ocrx_word' id='word_1_2' title='bbox 821 115 1374 185; x_wconf 70' lang='lat' dir='ltr'>VALERII</span> 
     </span>
    </p>
   </div>
   <div class='ocr_carea' id='block_1_2' title="bbox 1450 108 1943 172">
    <p class='ocr_par' dir='ltr' id='par_1_2' title="bbox 1450 108 1943 172">
     <span class='ocr_line' id='line_1_2' title="bbox 1450 108 1943 172; baseline -0.014 0"><span class='ocrx_word' id='word_1_3' title='bbox 1450 108 1943 172; x_wconf 86' lang='lat' dir='ltr'><strong>MAXIMI</strong></span> 
     </span>
    </p>
   </div>
   <div class='ocr_carea' id='block_1_3' title="bbox 393 215 2411 462">
    <p class='ocr_par' dir='ltr' id='par_1_3' title="bbox 393 215 2411 462">
     <span class='ocr_line' id='line_1_3' title="bbox 402 215 2409 300; baseline -0.015 -7"><span class='ocrx_word' id='word_1_4' title='bbox 402 255 439 277; x_wconf 84' lang='lat'><strong>¹¹</strong></span> <span class='ocrx_word' id='word_1_5' title='bbox 466 258 554 293; x_wconf 84' lang='lat' dir='ltr'><strong>mea</strong></span> <span class='ocrx_word' id='word_1_6' title='bbox 580 237 780 300; x_wconf 74' lang='lat' dir='ltr'><strong>parvitas</strong></span> <span class='ocrx_word' id='word_1_7' title='bbox 812 246 854 277; x_wconf 84' lang='lat' dir='ltr'><strong>eo</strong></span> <span class='ocrx_word' id='word_1_8' title='bbox 872 228 1032 290; x_wconf 82' lang='lat' dir='ltr'><strong>jastius</strong></span> <span class='ocrx_word' id='word_1_9' title='bbox 1078 229 1137 275; x_wconf 88' lang='lat' dir='ltr'><strong>ad</strong></span> <span class='ocrx_word' id='word_1_10' title='bbox 1156 227 1360 290; x_wconf 84' lang='lat' dir='ltr'><strong>favorem</strong></span> <span class='ocrx_word' id='word_1_11' title='bbox 1401 234 1521 271; x_wconf 83' lang='lat' dir='ltr'><strong>tuum</strong></span> <span class='ocrx_word' id='word_1_12' title='bbox 1554 223 1808 280; x_wconf 75' lang='lat' dir='ltr'><strong>decurrerit,</strong></span> <span class='ocrx_word' id='word_1_13' title='bbox 1848 225 1888 245; x_wconf 84' lang='lat'><strong>¹²</strong></span> <span class='ocrx_word' id='word_1_14' title='bbox 1926 231 2002 280; x_wconf 86' lang='lat' dir='ltr'><strong>quo</strong></span> <span class='ocrx_word' id='word_1_15' title='bbox 2034 223 2167 263; x_wconf 84' lang='lat' dir='ltr'><strong>cetera</strong></span> <span class='ocrx_word' id='word_1_16' title='bbox 2197 215 2409 264; x_wconf 71' lang='lat' dir='ltr'><strong>divinitas-</strong></span> 
     </span>
     <span class='ocr_line' id='line_1_4' title="bbox 396 295 2411 385; baseline -0.013 -16"><span class='ocrx_word' id='word_1_17' title='bbox 396 324 575 385; x_wconf 83' lang='lat' dir='ltr'><strong>0pinione</strong></span> <span class='ocrx_word' id='word_1_18' title='bbox 608 314 810 374; x_wconf 71' lang='lat' dir='ltr'><strong>colligitur</strong></span> <span class='ocrx_word' id='word_1_19' title='bbox 832 342 848 368; x_wconf 85' lang='lat'><strong>‚</strong></span> <span class='ocrx_word' id='word_1_20' title='bbox 891 318 966 354; x_wconf 87' lang='lat' dir='ltr'><strong>tua</strong></span> <span class='ocrx_word' id='word_1_21' title='bbox 1005 313 1044 346; x_wconf 85' lang='lat'><strong>¹3</strong></span> <span class='ocrx_word' id='word_1_22' title='bbox 1074 304 1286 369; x_wconf 83' lang='lat' dir='ltr'><em>praesenti</em></span> <span class='ocrx_word' id='word_1_23' title='bbox 1307 303 1398 365; x_wconf 79' lang='lat' dir='ltr'><strong>fide</strong></span> <span class='ocrx_word' id='word_1_24' title='bbox 1435 309 1476 337; x_wconf 73' lang='lat'><strong>¹4</strong></span> <span class='ocrx_word' id='word_1_25' title='bbox 1504 311 1678 362; x_wconf 79' lang='lat' dir='ltr'><strong>paterno</strong></span> <span class='ocrx_word' id='word_1_26' title='bbox 1712 302 1907 360; x_wconf 63' lang='lat' dir='ltr'><strong>avitaque</strong></span> <span class='ocrx_word' id='word_1_27' title='bbox 1929 295 2065 358; x_wconf 75' lang='lat' dir='ltr'><em>fidem·</em></span> <span class='ocrx_word' id='word_1_28' title='bbox 2091 308 2176 356; x_wconf 87' lang='lat' dir='ltr'><strong>par</strong></span> <span class='ocrx_word' id='word_1_29' title='bbox 2208 295 2411 344; x_wconf 75' lang='lat' dir='ltr'><strong>videtur:</strong></span> 
     </span>
     <span class='ocr_line' id='line_1_5' title="bbox 393 373 2408 462; baseline -0.012 -18"><span class='ocrx_word' id='word_1_30' title='bbox 393 409 563 462; x_wconf 78' lang='lat' dir='ltr'><strong>qnorum</strong></span> <span class='ocrx_word' id='word_1_31' title='bbox 582 393 748 438; x_wconf 48' lang='lat' dir='ltr'><strong>&gt;exim-io</strong></span> <span class='ocrx_word' id='word_1_32' title='bbox 783 387 951 451; x_wconf 79' lang='lat' dir='ltr'><strong>fulgor-e</strong></span> <span class='ocrx_word' id='word_1_33' title='bbox 997 391 1036 424; x_wconf 82' lang='lat'><strong>¹5</strong></span> <span class='ocrx_word' id='word_1_34' title='bbox 1087 387 1265 432; x_wconf 80' lang='lat' dir='ltr'><strong>multum</strong></span> <span class='ocrx_word' id='word_1_35' title='bbox 1308 382 1568 430; x_wconf 77' lang='lat' dir='ltr'><em>caerimoniis</em></span> <span class='ocrx_word' id='word_1_36' title='bbox 1607 380 1753 444; x_wconf 82' lang='lat' dir='ltr'><strong>nostris</strong></span> <span class='ocrx_word' id='word_1_37' title='bbox 1785 378 1958 436; x_wconf 75' lang='lat' dir='ltr'><em>inclytae</em></span> <span class='ocrx_word' id='word_1_38' title='bbox 1988 376 2199 423; x_wconf 83' lang='lat' dir='ltr'><strong>clarit-atis</strong></span> <span class='ocrx_word' id='word_1_39' title='bbox 2231 373 2408 433; x_wconf 85' lang='lat' dir='ltr'><strong>acceffit.</strong></span> 
     </span>
    </p>
   </div>
   <div class='ocr_carea' id='block_1_4' title="bbox 342 598 1401 2028">
    <p class='ocr_par' dir='ltr' id='par_1_4' title="bbox 342 598 1401 2028">
     <span class='ocr_line' id='line_1_6' title="bbox 398 598 1373 663; baseline -0.019 -12"><span class='ocrx_word' id='word_1_40' title='bbox 398 612 619 663; x_wconf 76' lang='lat' dir='ltr'><strong>parvitatem</strong></span> <span class='ocrx_word' id='word_1_41' title='bbox 638 620 722 646; x_wconf 85' lang='lat' dir='ltr'><strong>earn</strong></span> <span class='ocrx_word' id='word_1_42' title='bbox 734 606 901 656; x_wconf 83' lang='lat' dir='ltr'><strong>ablegem</strong></span> <span class='ocrx_word' id='word_1_43' title='bbox 914 603 1095 643; x_wconf 76' lang='lat' dir='ltr'><strong>eValerio</strong></span> <span class='ocrx_word' id='word_1_44' title='bbox 1108 630 1117 645; x_wconf 94' lang='lat'><strong>,</strong></span> <span class='ocrx_word' id='word_1_45' title='bbox 1145 598 1373 646; x_wconf 73' lang='lat' dir='ltr'><strong>scribamque</strong></span> 
     </span>
     <span class='ocr_line' id='line_1_7' title="bbox 401 648 1378 714; baseline -0.019 -12"><span class='ocrx_word' id='word_1_46' title='bbox 401 662 591 714; x_wconf 63' lang='lat' dir='ltr'><strong>expunctis</strong></span> <span class='ocrx_word' id='word_1_47' title='bbox 611 660 748 698; x_wconf 77' lang='lat' dir='ltr'><strong>duabus</strong></span> <span class='ocrx_word' id='word_1_48' title='bbox 768 658 942 696; x_wconf 73' lang='lat' dir='ltr'><strong>vocibus:</strong></span> <span class='ocrx_word' id='word_1_49' title='bbox 971 669 1028 705; x_wconf 82' lang='lat' dir='ltr'><strong>ego</strong></span> <span class='ocrx_word' id='word_1_50' title='bbox 1042 655 1208 702; x_wconf 69' lang='lat' dir='ltr'><strong>justiusa,</strong></span> <span class='ocrx_word' id='word_1_51' title='bbox 1224 652 1256 696; x_wconf 85' lang='lat' dir='ltr'><strong>f.</strong></span> <span class='ocrx_word' id='word_1_52' title='bbox 1279 660 1292 684; x_wconf 80' lang='lat' dir='ltr'><strong>t</strong></span> <span class='ocrx_word' id='word_1_53' title='bbox 1322 648 1378 684; x_wconf 82' lang='lat' dir='ltr'><strong>de-</strong></span> 
     </span>
     <span class='ocr_line' id='line_1_8' title="bbox 342 699 1378 755; baseline -0.018 -2"><span class='ocrx_word' id='word_1_54' title='bbox 342 729 346 731; x_wconf 64' lang='grc'><strong><em>’</em></strong></span> <span class='ocrx_word' id='word_1_55' title='bbox 399 729 539 752; x_wconf 67' lang='grc' dir='ltr'><strong>εκννενο.</strong></span> <span class='ocrx_word' id='word_1_56' title='bbox 594 710 802 749; x_wconf 80' lang='lat' dir='ltr'><strong>LIPSIUS.</strong></span> <span class='ocrx_word' id='word_1_57' title='bbox 854 709 905 745; x_wconf 72' lang='lat' dir='ltr'><strong>Ea</strong></span> <span class='ocrx_word' id='word_1_58' title='bbox 925 705 1083 755; x_wconf 78' lang='lat' dir='ltr'><strong>parvitas</strong></span> <span class='ocrx_word' id='word_1_59' title='bbox 1117 703 1203 739; x_wconf 85' lang='lat' dir='ltr'><strong>licet</strong></span> <span class='ocrx_word' id='word_1_60' title='bbox 1229 699 1378 736; x_wconf 85' lang='lat' dir='ltr'><strong>barbara</strong></span> 
     </span>
     <span class='ocr_line' id='line_1_9' title="bbox 405 758 1378 814; baseline -0.022 -11"><span class='ocrx_word' id='word_1_61' title='bbox 405 764 533 814; x_wconf 85' lang='lat' dir='ltr'><strong>Lipfio</strong></span> <span class='ocrx_word' id='word_1_62' title='bbox 553 764 719 802; x_wconf 71' lang='lat' dir='ltr'><strong>videatur</strong></span> <span class='ocrx_word' id='word_1_63' title='bbox 740 788 749 804; x_wconf 91' lang='lat'>‚</span> <span class='ocrx_word' id='word_1_64' title='bbox 784 767 911 796; x_wconf 82' lang='lat' dir='ltr'><strong>tamen</strong></span> <span class='ocrx_word' id='word_1_65' title='bbox 947 762 1077 792; x_wconf 88' lang='lat' dir='ltr'><strong>contra</strong></span> <span class='ocrx_word' id='word_1_66' title='bbox 1112 760 1171 789; x_wconf 87' lang='lat' dir='ltr'><strong>tot</strong></span> <span class='ocrx_word' id='word_1_67' title='bbox 1206 758 1378 803; x_wconf 75' lang='lat' dir='ltr'><strong>veterum</strong></span> 
     </span>
     <span class='ocr_line' id='line_1_10' title="bbox 403 798 1379 853; baseline -0.022 1"><span class='ocrx_word' id='word_1_68' title='bbox 403 816 583 853; x_wconf 84' lang='lat' dir='ltr'><strong>librorum</strong></span> <span class='ocrx_word' id='word_1_69' title='bbox 627 812 740 849; x_wconf 81' lang='lat' dir='ltr'><strong>fidem</strong></span> <span class='ocrx_word' id='word_1_70' title='bbox 774 808 873 845; x_wconf 90' lang='lat' dir='ltr'><strong>haud</strong></span> <span class='ocrx_word' id='word_1_71' title='bbox 914 804 1126 843; x_wconf 84' lang='lat' dir='ltr'><strong>sustulerim.</strong></span> <span class='ocrx_word' id='word_1_72' title='bbox 1205 798 1379 846; x_wconf 70' lang='lat' dir='ltr'><strong>intelligit</strong></span> 
     </span>
     <span class='ocr_line' id='line_1_11' title="bbox 406 850 1379 906; baseline -0.018 -3"><span class='ocrx_word' id='word_1_73' title='bbox 406 865 574 905; x_wconf 83' lang='lat' dir='ltr'><strong>Valerius</strong></span> <span class='ocrx_word' id='word_1_74' title='bbox 617 861 848 906; x_wconf 57' lang='lat' dir='ltr'><strong>peeYacooestnch</strong></span> <span class='ocrx_word' id='word_1_75' title='bbox 889 855 1150 906; x_wconf 86' lang='lat' dir='ltr'><strong>paupertinum</strong></span> <span class='ocrx_word' id='word_1_76' title='bbox 1186 850 1379 899; x_wconf 83' lang='lat' dir='ltr'><strong>ingenium</strong></span> 
     </span>
     <span class='ocr_line' id='line_1_12' title="bbox 407 904 1381 961; baseline -0.02 -6"><span class='ocrx_word' id='word_1_77' title='bbox 407 914 623 955; x_wconf 81' lang='lat' dir='ltr'><strong>suum.ficut</strong></span> <span class='ocrx_word' id='word_1_78' title='bbox 640 924 782 961; x_wconf 74' lang='lat' dir='ltr'><strong>par-vum</strong></span> <span class='ocrx_word' id='word_1_79' title='bbox 804 911 972 960; x_wconf 71' lang='lat' dir='ltr'><strong>ingenium</strong></span> <span class='ocrx_word' id='word_1_80' title='bbox 994 904 1092 954; x_wconf 82' lang='lat' dir='ltr'><strong>apud</strong></span> <span class='ocrx_word' id='word_1_81' title='bbox 1102 904 1288 945; x_wconf 85' lang='lat' dir='ltr'><strong>Plinium,</strong></span> <span class='ocrx_word' id='word_1_82' title='bbox 1315 912 1381 937; x_wconf 88' lang='lat' dir='ltr'><strong>ne-</strong></span> 
     </span>
     <span class='ocr_line' id='line_1_13' title="bbox 406 956 1382 1015; baseline -0.017 -11"><span class='ocrx_word' id='word_1_83' title='bbox 406 968 481 1004; x_wconf 85' lang='lat' dir='ltr'><strong>scio</strong></span> <span class='ocrx_word' id='word_1_84' title='bbox 509 977 581 1015; x_wconf 81' lang='lat' dir='ltr'><strong>qua</strong></span> <span class='ocrx_word' id='word_1_85' title='bbox 611 962 768 1012; x_wconf 81' lang='lat' dir='ltr'><strong>epistola.</strong></span> <span class='ocrx_word' id='word_1_86' title='bbox 822 961 922 998; x_wconf 84' lang='lat' dir='ltr'><strong>Nam</strong></span> <span class='ocrx_word' id='word_1_87' title='bbox 941 970 1068 1007; x_wconf 68' lang='lat' dir='ltr'><strong>parvus</strong></span> <span class='ocrx_word' id='word_1_88' title='bbox 1103 956 1216 993; x_wconf 84' lang='lat' dir='ltr'><strong>etiam</strong></span> <span class='ocrx_word' id='word_1_89' title='bbox 1243 963 1382 1001; x_wconf 78' lang='lat' dir='ltr'><strong>pauper</strong></span> 
     </span>
     <span class='ocr_line' id='line_1_14' title="bbox 408 1003 1387 1065; baseline -0.017 -10"><span class='ocrx_word' id='word_1_90' title='bbox 408 1018 484 1055; x_wconf 83' lang='lat' dir='ltr'><strong>five</strong></span> <span class='ocrx_word' id='word_1_91' title='bbox 513 1011 622 1065; x_wconf 83' lang='lat' dir='ltr'><strong>egens</strong></span> <span class='ocrx_word' id='word_1_92' title='bbox 649 1014 791 1052; x_wconf 84' lang='lat' dir='ltr'><strong>dicitur.</strong></span> <span class='ocrx_word' id='word_1_93' title='bbox 841 1008 1084 1057; x_wconf 80' lang='lat' dir='ltr'><strong>Philargyrius</strong></span> <span class='ocrx_word' id='word_1_94' title='bbox 1110 1005 1156 1043; x_wconf 90' lang='lat' dir='ltr'><strong>ad</strong></span> <span class='ocrx_word' id='word_1_95' title='bbox 1181 1003 1271 1041; x_wconf 90' lang='lat' dir='ltr'><strong>illud</strong></span> <span class='ocrx_word' id='word_1_96' title='bbox 1297 1003 1387 1040; x_wconf 86' lang='lat' dir='ltr'><strong>Vir-</strong></span> 
     </span>
     <span class='ocr_line' id='line_1_15' title="bbox 407 1056 1387 1118; baseline -0.017 -12"><span class='ocrx_word' id='word_1_97' title='bbox 407 1069 484 1118; x_wconf 84' lang='lat' dir='ltr'><strong>gilii</strong></span> <span class='ocrx_word' id='word_1_98' title='bbox 662 1065 725 1101; x_wconf 74' lang='lat' dir='ltr'><strong>tiln?</strong></span> <span class='ocrx_word' id='word_1_99' title='bbox 746 1064 853 1099; x_wconf 86' lang='lat' dir='ltr'><strong>Delia</strong></span> <span class='ocrx_word' id='word_1_100' title='bbox 881 1073 1021 1109; x_wconf 67' lang='lat' dir='ltr'><strong>parmis.</strong></span> <span class='ocrx_word' id='word_1_101' title='bbox 1045 1058 1102 1094; x_wconf 66' lang='lat' dir='ltr'><strong>vel</strong></span> <span class='ocrx_word' id='word_1_102' title='bbox 1126 1069 1208 1106; x_wconf 80' lang='lat' dir='ltr'><strong>puer</strong></span> <span class='ocrx_word' id='word_1_103' title='bbox 1225 1056 1280 1092; x_wconf 69' lang='lat' dir='ltr'><strong>vel</strong></span> <span class='ocrx_word' id='word_1_104' title='bbox 1302 1065 1387 1104; x_wconf 82' lang='lat' dir='ltr'><strong>pau-</strong></span> 
     </span>
     <span class='ocr_line' id='line_1_16' title="bbox 403 1104 1387 1171; baseline -0.016 -15"><span class='ocrx_word' id='word_1_105' title='bbox 403 1132 490 1171; x_wconf 81' lang='lat' dir='ltr'><strong>per,</strong></span> <span class='ocrx_word' id='word_1_106' title='bbox 511 1127 552 1156; x_wconf 84' lang='lat' dir='ltr'><strong>ut</strong></span> <span class='ocrx_word' id='word_1_107' title='bbox 571 1117 769 1155; x_wconf 71' lang='lat' dir='ltr'><strong>Horatius:</strong></span> <span class='ocrx_word' id='word_1_108' title='bbox 796 1114 896 1162; x_wconf 64' lang='lat' dir='ltr'><strong>parvi</strong></span> <span class='ocrx_word' id='word_1_109' title='bbox 911 1122 1118 1160; x_wconf 82' lang='lat' dir='ltr'><em>properemus</em></span> <span class='ocrx_word' id='word_1_110' title='bbox 1135 1116 1182 1143; x_wconf 71' lang='lat'><strong>&lt;5⁵</strong></span> <span class='ocrx_word' id='word_1_111' title='bbox 1201 1107 1332 1155; x_wconf 80' lang='lat' dir='ltr'><strong>ampli,</strong></span> <span class='ocrx_word' id='word_1_112' title='bbox 1351 1104 1387 1140; x_wconf 83' lang='lat' dir='ltr'><strong>id</strong></span> 
     </span>
     <span class='ocr_line' id='line_1_17' title="bbox 409 1155 1389 1218; baseline -0.017 -12"><span class='ocrx_word' id='word_1_113' title='bbox 409 1173 460 1218; x_wconf 78' lang='lat' dir='ltr'><strong>est</strong></span> <span class='ocrx_word' id='word_1_114' title='bbox 481 1201 488 1213; x_wconf 88' lang='lat'><strong><em>‚</em></strong></span> <span class='ocrx_word' id='word_1_115' title='bbox 528 1168 665 1205; x_wconf 69' lang='lat' dir='ltr'><strong>divites.</strong></span> <span class='ocrx_word' id='word_1_116' title='bbox 723 1163 851 1212; x_wconf 83' lang='lat' dir='ltr'><strong>Scripfi</strong></span> <span class='ocrx_word' id='word_1_117' title='bbox 879 1161 991 1202; x_wconf 66' lang='lat' dir='ltr'><strong>etiam</strong></span> <span class='ocrx_word' id='word_1_118' title='bbox 1016 1158 1232 1200; x_wconf 71' lang='lat' dir='ltr'><em>decucurrerit</em></span> <span class='ocrx_word' id='word_1_119' title='bbox 1250 1185 1262 1200; x_wconf 91' lang='lat'><strong>,</strong></span> <span class='ocrx_word' id='word_1_120' title='bbox 1300 1155 1389 1204; x_wconf 82' lang='lat' dir='ltr'><strong>quia</strong></span> 
     </span>
     <span class='ocr_line' id='line_1_18' title="bbox 411 1206 1391 1269; baseline -0.017 -10"><span class='ocrx_word' id='word_1_121' title='bbox 411 1231 606 1269; x_wconf 84' lang='lat' dir='ltr'><strong>nunquam</strong></span> <span class='ocrx_word' id='word_1_122' title='bbox 618 1218 720 1257; x_wconf 86' lang='lat' dir='ltr'><strong>aliter</strong></span> <span class='ocrx_word' id='word_1_123' title='bbox 730 1212 913 1264; x_wconf 79' lang='lat' dir='ltr'><strong>ejusmodi</strong></span> <span class='ocrx_word' id='word_1_124' title='bbox 922 1210 1117 1260; x_wconf 88' lang='lat' dir='ltr'><strong>praeterita</strong></span> <span class='ocrx_word' id='word_1_125' title='bbox 1126 1208 1256 1256; x_wconf 87' lang='lat' dir='ltr'><strong>scripta</strong></span> <span class='ocrx_word' id='word_1_126' title='bbox 1271 1206 1391 1255; x_wconf 89' lang='lat' dir='ltr'><strong>reperi</strong></span> 
     </span>
     <span class='ocr_line' id='line_1_19' title="bbox 413 1257 1392 1311; baseline -0.017 -2"><span class='ocrx_word' id='word_1_127' title='bbox 413 1273 453 1309; x_wconf 86' lang='lat' dir='ltr'><strong>iu</strong></span> <span class='ocrx_word' id='word_1_128' title='bbox 470 1271 528 1308; x_wconf 83' lang='lat' dir='ltr'><strong>lib.</strong></span> <span class='ocrx_word' id='word_1_129' title='bbox 550 1271 646 1308; x_wconf 82' lang='lat' dir='ltr'><strong>Dan.</strong></span> <span class='ocrx_word' id='word_1_130' title='bbox 676 1266 872 1305; x_wconf 78' lang='lat' dir='ltr'><strong>COLER.</strong></span> <span class='ocrx_word' id='word_1_131' title='bbox 896 1267 985 1299; x_wconf 79' lang='lat' dir='ltr'><strong>Mea</strong></span> <span class='ocrx_word' id='word_1_132' title='bbox 1003 1263 1158 1311; x_wconf 68' lang='lat' dir='ltr'><strong>parvitas</strong></span> <span class='ocrx_word' id='word_1_133' title='bbox 1179 1257 1223 1294; x_wconf 87' lang='lat' dir='ltr'><strong>ad</strong></span> <span class='ocrx_word' id='word_1_134' title='bbox 1235 1263 1392 1305; x_wconf 66' lang='lat' dir='ltr'><strong>favorem</strong></span> 
     </span>
     <span class='ocr_line' id='line_1_20' title="bbox 413 1310 1396 1363; baseline -0.014 -4"><span class='ocrx_word' id='word_1_135' title='bbox 413 1335 509 1360; x_wconf 79' lang='lat' dir='ltr'><strong>tuum</strong></span> <span class='ocrx_word' id='word_1_136' title='bbox 526 1320 714 1358; x_wconf 69' lang='lat' dir='ltr'><strong>decurrerit.</strong></span> <span class='ocrx_word' id='word_1_137' title='bbox 743 1318 852 1355; x_wconf 85' lang='lat' dir='ltr'><strong>Putat</strong></span> <span class='ocrx_word' id='word_1_138' title='bbox 873 1313 1039 1363; x_wconf 81' lang='lat' dir='ltr'>Lipsius,</span> <span class='ocrx_word' id='word_1_139' title='bbox 1065 1312 1277 1349; x_wconf 74' lang='lat' dir='ltr'><strong>sennonem</strong></span> <span class='ocrx_word' id='word_1_140' title='bbox 1295 1310 1396 1346; x_wconf 88' lang='lat' dir='ltr'><strong>hunc</strong></span> 
     </span>
     <span class='ocr_line' id='line_1_21' title="bbox 417 1360 1398 1418; baseline -0.015 -7"><span class='ocrx_word' id='word_1_141' title='bbox 417 1373 573 1417; x_wconf 83' lang='lat' dir='ltr'><strong>cellam,</strong></span> <span class='ocrx_word' id='word_1_142' title='bbox 598 1380 639 1408; x_wconf 87' lang='lat' dir='ltr'><strong>ut</strong></span> <span class='ocrx_word' id='word_1_143' title='bbox 664 1370 737 1418; x_wconf 89' lang='lat' dir='ltr'><strong>ipse</strong></span> <span class='ocrx_word' id='word_1_144' title='bbox 763 1367 950 1418; x_wconf 86' lang='lat' dir='ltr'><strong>loquitur,</strong></span> <span class='ocrx_word' id='word_1_145' title='bbox 977 1364 1100 1406; x_wconf 86' lang='lat' dir='ltr'><strong>olere;</strong></span> <span class='ocrx_word' id='word_1_146' title='bbox 1130 1364 1169 1400; x_wconf 85' lang='lat'>&amp;</span> <span class='ocrx_word' id='word_1_147' title='bbox 1194 1360 1398 1409; x_wconf 83' lang='lat' dir='ltr'><strong>legendum</strong></span> 
     </span>
     <span class='ocr_line' id='line_1_22' title="bbox 418 1410 1394 1474; baseline -0.014 -12"><span class='ocrx_word' id='word_1_148' title='bbox 418 1423 513 1469; x_wconf 84' lang='lat' dir='ltr'><strong>effe,</strong></span> <span class='ocrx_word' id='word_1_149' title='bbox 541 1427 608 1474; x_wconf 77' lang='lat' dir='ltr'><strong>Ego</strong></span> <span class='ocrx_word' id='word_1_150' title='bbox 630 1420 674 1457; x_wconf 85' lang='lat' dir='ltr'><strong>ad</strong></span> <span class='ocrx_word' id='word_1_151' title='bbox 689 1424 842 1467; x_wconf 69' lang='lat' dir='ltr'><strong>favorem</strong></span> <span class='ocrx_word' id='word_1_152' title='bbox 855 1429 947 1453; x_wconf 79' lang='lat' dir='ltr'><strong>tuum</strong></span> <span class='ocrx_word' id='word_1_153' title='bbox 963 1416 1142 1452; x_wconf 74' lang='lat' dir='ltr'><strong>decurrere.</strong></span> <span class='ocrx_word' id='word_1_154' title='bbox 1170 1412 1269 1449; x_wconf 81' lang='lat' dir='ltr'><strong>Vide</strong></span> <span class='ocrx_word' id='word_1_155' title='bbox 1279 1410 1394 1448; x_wconf 65' lang='lat' dir='ltr'><strong>Eleft.</strong></span> 
     </span>
     <span class='ocr_line' id='line_1_23' title="bbox 420 1462 1397 1519; baseline -0.015 -6"><span class='ocrx_word' id='word_1_156' title='bbox 420 1488 465 1513; x_wconf 87' lang='lat'><strong>11.</strong></span> <span class='ocrx_word' id='word_1_157' title='bbox 482 1489 494 1513; x_wconf 90' lang='lat'>1</span> <span class='ocrx_word' id='word_1_158' title='bbox 507 1488 535 1512; x_wconf 94' lang='lat'><strong>1.</strong></span> <span class='ocrx_word' id='word_1_159' title='bbox 556 1476 593 1511; x_wconf 71' lang='grc' dir='ltr'><strong>ὅ(</strong></span> <span class='ocrx_word' id='word_1_160' title='bbox 613 1474 732 1510; x_wconf 78' lang='lat' dir='ltr'><strong>Notas</strong></span> <span class='ocrx_word' id='word_1_161' title='bbox 751 1471 826 1519; x_wconf 84' lang='lat' dir='ltr'><strong>ejus</strong></span> <span class='ocrx_word' id='word_1_162' title='bbox 845 1469 883 1506; x_wconf 86' lang='lat' dir='ltr'><strong>in</strong></span> <span class='ocrx_word' id='word_1_163' title='bbox 901 1467 1026 1505; x_wconf 86' lang='lat' dir='ltr'><strong>Valer.</strong></span> <span class='ocrx_word' id='word_1_164' title='bbox 1077 1466 1225 1503; x_wconf 87' lang='lat' dir='ltr'><strong>Verum</strong></span> <span class='ocrx_word' id='word_1_165' title='bbox 1251 1474 1330 1500; x_wconf 87' lang='lat' dir='ltr'><strong>non</strong></span> <span class='ocrx_word' id='word_1_166' title='bbox 1349 1462 1397 1500; x_wconf 91' lang='lat' dir='ltr'><strong>est</strong></span> 
     </span>
     <span class='ocr_line' id='line_1_24' title="bbox 421 1512 1399 1569; baseline -0.014 -6"><span class='ocrx_word' id='word_1_167' title='bbox 421 1525 595 1563; x_wconf 74' lang='lat' dir='ltr'>credibile</span> <span class='ocrx_word' id='word_1_168' title='bbox 617 1553 627 1569; x_wconf 93' lang='lat'>‚</span> <span class='ocrx_word' id='word_1_169' title='bbox 662 1531 803 1561; x_wconf 78' lang='lat' dir='ltr'><strong>tantam</strong></span> <span class='ocrx_word' id='word_1_170' title='bbox 838 1520 899 1557; x_wconf 89' lang='lat' dir='ltr'><strong>hic</strong></span> <span class='ocrx_word' id='word_1_171' title='bbox 926 1517 1176 1556; x_wconf 73' lang='lat' dir='ltr'>mutationem</span> <span class='ocrx_word' id='word_1_172' title='bbox 1206 1512 1329 1551; x_wconf 75' lang='lat' dir='ltr'><strong>fecisse</strong></span> <span class='ocrx_word' id='word_1_173' title='bbox 1355 1513 1399 1550; x_wconf 85' lang='lat' dir='ltr'><strong>li-</strong></span> 
     </span>
     <span class='ocr_line' id='line_1_25' title="bbox 421 1566 1398 1623; baseline -0.016 -8"><span class='ocrx_word' id='word_1_174' title='bbox 421 1577 559 1614; x_wconf 74' lang='lat' dir='ltr'><strong>brarios</strong></span> <span class='ocrx_word' id='word_1_175' title='bbox 579 1604 591 1620; x_wconf 87' lang='lat'><strong>,</strong></span> <span class='ocrx_word' id='word_1_176' title='bbox 622 1582 663 1611; x_wconf 93' lang='lat' dir='ltr'><strong>ut</strong></span> <span class='ocrx_word' id='word_1_177' title='bbox 696 1585 765 1622; x_wconf 88' lang='lat' dir='ltr'><strong>pro</strong></span> <span class='ocrx_word' id='word_1_178' title='bbox 799 1586 856 1623; x_wconf 80' lang='lat' dir='ltr'><strong>ego</strong></span> <span class='ocrx_word' id='word_1_179' title='bbox 891 1569 1141 1606; x_wconf 85' lang='lat' dir='ltr'><strong>substituerent</strong></span> <span class='ocrx_word' id='word_1_180' title='bbox 1175 1579 1246 1601; x_wconf 77' lang='lat' dir='ltr'><strong>mea</strong></span> <span class='ocrx_word' id='word_1_181' title='bbox 1277 1566 1398 1614; x_wconf 68' lang='lat' dir='ltr'><strong>par-ai-</strong></span> 
     </span>
     <span class='ocr_line' id='line_1_26' title="bbox 421 1616 1397 1674; baseline -0.012 -10"><span class='ocrx_word' id='word_1_182' title='bbox 421 1639 492 1665; x_wconf 72' lang='lat' dir='ltr'><strong>tas.</strong></span> <span class='ocrx_word' id='word_1_183' title='bbox 543 1625 661 1674; x_wconf 82' lang='lat' dir='ltr'><strong>Quod</strong></span> <span class='ocrx_word' id='word_1_184' title='bbox 688 1624 804 1672; x_wconf 85' lang='lat' dir='ltr'><strong>ipsum</strong></span> <span class='ocrx_word' id='word_1_185' title='bbox 831 1620 989 1659; x_wconf 80' lang='lat' dir='ltr'><strong>modurn</strong></span> <span class='ocrx_word' id='word_1_186' title='bbox 1015 1616 1195 1668; x_wconf 89' lang='lat' dir='ltr'><strong>loquendi</strong></span> <span class='ocrx_word' id='word_1_187' title='bbox 1229 1616 1397 1653; x_wconf 79' lang='lat' dir='ltr'><strong>servilem</strong></span> 
     </span>
     <span class='ocr_line' id='line_1_27' title="bbox 423 1667 1399 1721; baseline -0.013 -5"><span class='ocrx_word' id='word_1_188' title='bbox 423 1680 463 1716; x_wconf 63' lang='grc' dir='ltr'><strong>ὃς</strong></span> <span class='ocrx_word' id='word_1_189' title='bbox 483 1677 667 1715; x_wconf 81' lang='lat' dir='ltr'><strong>cellarium</strong></span> <span class='ocrx_word' id='word_1_190' title='bbox 688 1675 777 1712; x_wconf 76' lang='lat' dir='ltr'><strong>dixit</strong></span> <span class='ocrx_word' id='word_1_191' title='bbox 798 1671 938 1721; x_wconf 76' lang='lat' dir='ltr'><strong>Lipsius</strong></span> <span class='ocrx_word' id='word_1_192' title='bbox 952 1699 962 1715; x_wconf 94' lang='lat'><strong>,</strong></span> <span class='ocrx_word' id='word_1_193' title='bbox 990 1669 1130 1708; x_wconf 66' lang='lat' dir='ltr'><strong>facium</strong></span> <span class='ocrx_word' id='word_1_194' title='bbox 1144 1697 1153 1712; x_wconf 93' lang='lat'><strong>,</strong></span> <span class='ocrx_word' id='word_1_195' title='bbox 1181 1667 1293 1705; x_wconf 88' lang='lat' dir='ltr'><strong>credo</strong></span> <span class='ocrx_word' id='word_1_196' title='bbox 1306 1695 1316 1712; x_wconf 87' lang='lat'>‚</span> <span class='ocrx_word' id='word_1_197' title='bbox 1343 1668 1399 1704; x_wconf 91' lang='lat' dir='ltr'><strong>in-</strong></span> 
     </span>
     <span class='ocr_line' id='line_1_28' title="bbox 425 1719 1398 1778; baseline -0.012 -12"><span class='ocrx_word' id='word_1_198' title='bbox 425 1729 471 1765; x_wconf 82' lang='lat' dir='ltr'><strong>de</strong></span> <span class='ocrx_word' id='word_1_199' title='bbox 493 1758 503 1773; x_wconf 91' lang='lat'><strong>,</strong></span> <span class='ocrx_word' id='word_1_200' title='bbox 538 1727 640 1778; x_wconf 85' lang='lat' dir='ltr'><strong>quod</strong></span> <span class='ocrx_word' id='word_1_201' title='bbox 666 1727 768 1764; x_wconf 83' lang='lat' dir='ltr'><strong>sciret</strong></span> <span class='ocrx_word' id='word_1_202' title='bbox 786 1724 988 1773; x_wconf 82' lang='lat' dir='ltr'><strong>posteriore</strong></span> <span class='ocrx_word' id='word_1_203' title='bbox 1016 1732 1111 1758; x_wconf 85' lang='lat' dir='ltr'><strong>aevo</strong></span> <span class='ocrx_word' id='word_1_204' title='bbox 1133 1719 1205 1757; x_wconf 83' lang='lat' dir='ltr'><strong>dici</strong></span> <span class='ocrx_word' id='word_1_205' title='bbox 1222 1726 1398 1767; x_wconf 83' lang='lat' dir='ltr'><strong>coeptum</strong></span> 
     </span>
     <span class='ocr_line' id='line_1_29' title="bbox 426 1771 1401 1827; baseline -0.013 -10"><span class='ocrx_word' id='word_1_206' title='bbox 426 1779 528 1817; x_wconf 80' lang='lat' dir='ltr'><strong>fuiffe</strong></span> <span class='ocrx_word' id='word_1_207' title='bbox 552 1808 561 1823; x_wconf 92' lang='lat'><strong>,</strong></span> <span class='ocrx_word' id='word_1_208' title='bbox 598 1777 859 1827; x_wconf 70' lang='lat' dir='ltr'><strong>Aiagniflrentia</strong></span> <span class='ocrx_word' id='word_1_209' title='bbox 886 1787 957 1810; x_wconf 83' lang='lat' dir='ltr'><strong>mea</strong></span> <span class='ocrx_word' id='word_1_210' title='bbox 973 1797 983 1815; x_wconf 86' lang='lat'>‚</span> <span class='ocrx_word' id='word_1_211' title='bbox 1013 1773 1132 1808; x_wconf 83' lang='lat' dir='ltr'><strong>Pietas</strong></span> <span class='ocrx_word' id='word_1_212' title='bbox 1159 1772 1268 1817; x_wconf 78' lang='lat' dir='ltr'><strong>nostra</strong></span> <span class='ocrx_word' id='word_1_213' title='bbox 1292 1795 1301 1810; x_wconf 84' lang='lat'>‚</span> <span class='ocrx_word' id='word_1_214' title='bbox 1326 1771 1401 1806; x_wconf 85' lang='lat' dir='ltr'><strong>Cle-</strong></span> 
     </span>
     <span class='ocr_line' id='line_1_30' title="bbox 425 1821 1400 1876; baseline -0.01 -9"><span class='ocrx_word' id='word_1_215' title='bbox 425 1833 551 1867; x_wconf 82' lang='lat' dir='ltr'><em>mentia</em></span> <span class='ocrx_word' id='word_1_216' title='bbox 593 1832 702 1876; x_wconf 69' lang='lat' dir='ltr'><strong>·vestra</strong></span> <span class='ocrx_word' id='word_1_217' title='bbox 725 1853 735 1869; x_wconf 84' lang='lat'><strong>,</strong></span> <span class='ocrx_word' id='word_1_218' title='bbox 779 1825 981 1864; x_wconf 83' lang='lat' dir='ltr'><em>Sublimitas</em></span> <span class='ocrx_word' id='word_1_219' title='bbox 1016 1825 1123 1869; x_wconf 71' lang='lat' dir='ltr'><strong>&#39;vestra</strong></span> <span class='ocrx_word' id='word_1_220' title='bbox 1144 1835 1156 1857; x_wconf 87' lang='grc'><strong>.·</strong></span> <span class='ocrx_word' id='word_1_221' title='bbox 1207 1821 1328 1871; x_wconf 69' lang='lat' dir='ltr'><strong>qualia</strong></span> <span class='ocrx_word' id='word_1_222' title='bbox 1362 1821 1400 1858; x_wconf 81' lang='lat' dir='ltr'><strong>in</strong></span> 
     </span>
     <span class='ocr_line' id='line_1_31' title="bbox 427 1871 1398 1930; baseline -0.012 -11"><span class='ocrx_word' id='word_1_223' title='bbox 427 1894 521 1930; x_wconf 81' lang='lat' dir='ltr'><strong>epp,</strong></span> <span class='ocrx_word' id='word_1_224' title='bbox 550 1878 786 1930; x_wconf 83' lang='lat' dir='ltr'><strong>Symmachi,</strong></span> <span class='ocrx_word' id='word_1_225' title='bbox 815 1876 957 1913; x_wconf 82' lang='lat' dir='ltr'>Codice</span> <span class='ocrx_word' id='word_1_226' title='bbox 983 1874 1231 1920; x_wconf 85' lang='lat' dir='ltr'><strong>Justinianeo,</strong></span> <span class='ocrx_word' id='word_1_227' title='bbox 1251 1871 1398 1921; x_wconf 85' lang='lat' dir='ltr'><strong>aliisque</strong></span> 
     </span>
     <span class='ocr_line' id='line_1_32' title="bbox 427 1924 1400 1980; baseline -0.012 -10"><span class='ocrx_word' id='word_1_228' title='bbox 427 1934 506 1980; x_wconf 80' lang='lat' dir='ltr'><strong>ejus</strong></span> <span class='ocrx_word' id='word_1_229' title='bbox 533 1932 615 1969; x_wconf 80' lang='lat' dir='ltr'><strong>aevi</strong></span> <span class='ocrx_word' id='word_1_230' title='bbox 640 1930 775 1978; x_wconf 82' lang='lat' dir='ltr'><strong>scriptis</strong></span> <span class='ocrx_word' id='word_1_231' title='bbox 800 1927 925 1976; x_wconf 70' lang='lat' dir='ltr'><strong>paffim</strong></span> <span class='ocrx_word' id='word_1_232' title='bbox 955 1925 1128 1962; x_wconf 89' lang='lat' dir='ltr'><strong>visuntur.</strong></span> <span class='ocrx_word' id='word_1_233' title='bbox 1155 1925 1301 1960; x_wconf 88' lang='lat' dir='ltr'><strong>Verum</strong></span> <span class='ocrx_word' id='word_1_234' title='bbox 1321 1924 1400 1960; x_wconf 87' lang='lat' dir='ltr'><strong>Va-</strong></span> 
     </span>
     <span class='ocr_line' id='line_1_33' title="bbox 429 1974 1400 2028; baseline -0.009 -9"><span class='ocrx_word' id='word_1_235' title='bbox 429 1983 506 2021; x_wconf 87' lang='lat' dir='ltr'><strong>lerii</strong></span> <span class='ocrx_word' id='word_1_236' title='bbox 525 1982 613 2020; x_wconf 85' lang='lat' dir='ltr'><strong>illud</strong></span> <span class='ocrx_word' id='word_1_237' title='bbox 630 1982 676 2018; x_wconf 89' lang='lat' dir='ltr'><strong>ab</strong></span> <span class='ocrx_word' id='word_1_238' title='bbox 691 1981 744 2018; x_wconf 84' lang='lat' dir='ltr'><strong>his</strong></span> <span class='ocrx_word' id='word_1_239' title='bbox 757 2008 770 2025; x_wconf 78' lang='lat'><strong>,</strong></span> <span class='ocrx_word' id='word_1_240' title='bbox 794 1990 889 2028; x_wconf 81' lang='lat' dir='ltr'><strong>quae</strong></span> <span class='ocrx_word' id='word_1_241' title='bbox 910 1976 1029 2014; x_wconf 86' lang='lat' dir='ltr'><strong>modo</strong></span> <span class='ocrx_word' id='word_1_242' title='bbox 1043 1974 1289 2013; x_wconf 80' lang='lat' dir='ltr'><strong>recensuimus</strong></span> <span class='ocrx_word' id='word_1_243' title='bbox 1301 1986 1400 2018; x_wconf 85' lang='lat' dir='ltr'><strong>,non</strong></span> 
     </span>
    </p>
   </div>
   <div class='ocr_carea' id='block_1_5' title="bbox 511 1090 642 1098">
    <p class='ocr_par' dir='ltr' id='par_1_5' title="bbox 511 1090 642 1098">
     <span class='ocr_line' id='line_1_34' title="bbox 511 1090 642 1098; baseline 0 2411"><span class='ocrx_word' id='word_1_244' title='bbox 511 1090 642 1098; x_wconf 95' lang='lat' dir='ltr'><strong> </strong></span> 
     </span>
    </p>
   </div>
   <div class='ocr_carea' id='block_1_6' title="bbox 425 2025 1419 3100">
    <p class='ocr_par' dir='ltr' id='par_1_6' title="bbox 425 2025 1419 3100">
     <span class='ocr_line' id='line_1_35' title="bbox 428 2025 1403 2082; baseline -0.011 -10"><span class='ocrx_word' id='word_1_245' title='bbox 428 2046 559 2082; x_wconf 75' lang='lat' dir='ltr'><strong>parurn</strong></span> <span class='ocrx_word' id='word_1_246' title='bbox 576 2032 763 2080; x_wconf 79' lang='lat' dir='ltr'><strong>discrepat.</strong></span> <span class='ocrx_word' id='word_1_247' title='bbox 815 2029 914 2066; x_wconf 84' lang='lat' dir='ltr'><strong>Cum</strong></span> <span class='ocrx_word' id='word_1_248' title='bbox 934 2028 1033 2064; x_wconf 84' lang='lat' dir='ltr'><strong>enim</strong></span> <span class='ocrx_word' id='word_1_249' title='bbox 1051 2028 1145 2064; x_wconf 81' lang='lat' dir='ltr'><strong>haec</strong></span> <span class='ocrx_word' id='word_1_250' title='bbox 1161 2026 1207 2063; x_wconf 86' lang='lat' dir='ltr'><strong>ad</strong></span> <span class='ocrx_word' id='word_1_251' title='bbox 1226 2025 1331 2073; x_wconf 80' lang='lat' dir='ltr'><strong>ipfius</strong></span> <span class='ocrx_word' id='word_1_252' title='bbox 1358 2025 1403 2062; x_wconf 90' lang='lat' dir='ltr'><strong>il-</strong></span> 
     </span>
     <span class='ocr_line' id='line_1_36' title="bbox 427 2075 1402 2134; baseline -0.01 -12"><span class='ocrx_word' id='word_1_253' title='bbox 427 2085 494 2122; x_wconf 81' lang='lat' dir='ltr'><strong>lius</strong></span> <span class='ocrx_word' id='word_1_254' title='bbox 525 2085 589 2134; x_wconf 88' lang='lat' dir='ltr'><strong>qui</strong></span> <span class='ocrx_word' id='word_1_255' title='bbox 613 2083 805 2125; x_wconf 83' lang='lat' dir='ltr'><strong>scriberet,</strong></span> <span class='ocrx_word' id='word_1_256' title='bbox 833 2080 892 2119; x_wconf 81' lang='lat' dir='ltr'><strong>vel</strong></span> <span class='ocrx_word' id='word_1_257' title='bbox 911 2079 958 2116; x_wconf 84' lang='lat' dir='ltr'><strong>ad</strong></span> <span class='ocrx_word' id='word_1_258' title='bbox 976 2080 1052 2126; x_wconf 84' lang='lat' dir='ltr'><strong>ejus</strong></span> <span class='ocrx_word' id='word_1_259' title='bbox 1073 2077 1120 2115; x_wconf 83' lang='lat' dir='ltr'><strong>ad</strong></span> <span class='ocrx_word' id='word_1_260' title='bbox 1138 2088 1252 2127; x_wconf 88' lang='lat' dir='ltr'><strong>quem</strong></span> <span class='ocrx_word' id='word_1_261' title='bbox 1271 2075 1402 2113; x_wconf 85' lang='lat' dir='ltr'><strong>scribe-</strong></span> 
     </span>
     <span class='ocr_line' id='line_1_37' title="bbox 432 2126 1404 2182; baseline -0.007 -11"><span class='ocrx_word' id='word_1_262' title='bbox 432 2144 552 2179; x_wconf 82' lang='lat' dir='ltr'><strong>retur,</strong></span> <span class='ocrx_word' id='word_1_263' title='bbox 579 2134 702 2172; x_wconf 80' lang='lat' dir='ltr'><strong>laudes</strong></span> <span class='ocrx_word' id='word_1_264' title='bbox 723 2132 949 2182; x_wconf 79' lang='lat' dir='ltr'><strong>pertineant,</strong></span> <span class='ocrx_word' id='word_1_265' title='bbox 976 2128 1117 2166; x_wconf 75' lang='lat' dir='ltr'><strong>Valerii</strong></span> <span class='ocrx_word' id='word_1_266' title='bbox 1145 2127 1234 2165; x_wconf 87' lang='lat' dir='ltr'><strong>illud</strong></span> <span class='ocrx_word' id='word_1_267' title='bbox 1251 2139 1330 2164; x_wconf 88' lang='lat' dir='ltr'><strong>non</strong></span> <span class='ocrx_word' id='word_1_268' title='bbox 1357 2126 1404 2164; x_wconf 87' lang='lat' dir='ltr'><strong>ad</strong></span> 
     </span>
     <span class='ocr_line' id='line_1_38' title="bbox 430 2178 1408 2230; baseline -0.01 -6"><span class='ocrx_word' id='word_1_269' title='bbox 430 2186 604 2230; x_wconf 82' lang='lat' dir='ltr'><strong>laudem,</strong></span> <span class='ocrx_word' id='word_1_270' title='bbox 632 2184 690 2222; x_wconf 89' lang='lat' dir='ltr'><strong>sed</strong></span> <span class='ocrx_word' id='word_1_271' title='bbox 711 2184 755 2221; x_wconf 85' lang='lat' dir='ltr'><strong>ad</strong></span> <span class='ocrx_word' id='word_1_272' title='bbox 778 2180 1104 2224; x_wconf 76' lang='lat' dir='ltr'><strong>extenuationem,</strong></span> <span class='ocrx_word' id='word_1_273' title='bbox 1125 2181 1163 2217; x_wconf 87' lang='lat'>&amp;</span> <span class='ocrx_word' id='word_1_274' title='bbox 1183 2178 1337 2228; x_wconf 86' lang='lat' dir='ltr'><strong>quidem</strong></span> <span class='ocrx_word' id='word_1_275' title='bbox 1354 2179 1408 2215; x_wconf 88' lang='lat' dir='ltr'><strong>sui</strong></span> 
     </span>
     <span class='ocr_line' id='line_1_39' title="bbox 430 2231 1410 2285; baseline -0.009 -11"><span class='ocrx_word' id='word_1_276' title='bbox 430 2236 537 2285; x_wconf 78' lang='lat' dir='ltr'><strong>ipfius</strong></span> <span class='ocrx_word' id='word_1_277' title='bbox 551 2265 561 2281; x_wconf 92' lang='lat'><strong>,</strong></span> <span class='ocrx_word' id='word_1_278' title='bbox 596 2237 777 2284; x_wconf 82' lang='lat' dir='ltr'><strong>pertinet,</strong></span> <span class='ocrx_word' id='word_1_279' title='bbox 803 2232 923 2284; x_wconf 86' lang='lat' dir='ltr'><strong>qualia</strong></span> <span class='ocrx_word' id='word_1_280' title='bbox 940 2233 979 2268; x_wconf 90' lang='lat' dir='ltr'><strong>in</strong></span> <span class='ocrx_word' id='word_1_281' title='bbox 996 2231 1153 2269; x_wconf 84' lang='lat' dir='ltr'><strong>aliorum</strong></span> <span class='ocrx_word' id='word_1_282' title='bbox 1174 2240 1326 2279; x_wconf 86' lang='lat' dir='ltr'><strong>quoque</strong></span> <span class='ocrx_word' id='word_1_283' title='bbox 1346 2241 1410 2266; x_wconf 91' lang='lat' dir='ltr'><strong>an-</strong></span> 
     </span>
     <span class='ocr_line' id='line_1_40' title="bbox 430 2280 1408 2337; baseline -0.009 -11"><span class='ocrx_word' id='word_1_284' title='bbox 430 2288 636 2337; x_wconf 77' lang='lat' dir='ltr'><strong>tiquiorum</strong></span> <span class='ocrx_word' id='word_1_285' title='bbox 664 2284 800 2334; x_wconf 84' lang='lat' dir='ltr'><strong>scriptis</strong></span> <span class='ocrx_word' id='word_1_286' title='bbox 836 2282 983 2332; x_wconf 86' lang='lat' dir='ltr'><strong>reperiri</strong></span> <span class='ocrx_word' id='word_1_287' title='bbox 1011 2280 1113 2330; x_wconf 82' lang='lat' dir='ltr'><strong>poffe</strong></span> <span class='ocrx_word' id='word_1_288' title='bbox 1149 2280 1239 2318; x_wconf 86' lang='lat' dir='ltr'><strong>nihil</strong></span> <span class='ocrx_word' id='word_1_289' title='bbox 1267 2280 1408 2318; x_wconf 89' lang='lat' dir='ltr'><strong>dubito.</strong></span> 
     </span>
     <span class='ocr_line' id='line_1_41' title="bbox 430 2330 1407 2386; baseline -0.011 -9"><span class='ocrx_word' id='word_1_290' title='bbox 430 2338 527 2376; x_wconf 86' lang='lat' dir='ltr'><strong>Sane</strong></span> <span class='ocrx_word' id='word_1_291' title='bbox 548 2339 711 2386; x_wconf 77' lang='lat' dir='ltr'><strong>Vellejus</strong></span> <span class='ocrx_word' id='word_1_292' title='bbox 739 2337 876 2373; x_wconf 80' lang='lat' dir='ltr'><strong>Patere.</strong></span> <span class='ocrx_word' id='word_1_293' title='bbox 905 2333 967 2382; x_wconf 87' lang='lat' dir='ltr'><strong>qui</strong></span> <span class='ocrx_word' id='word_1_294' title='bbox 993 2332 1104 2370; x_wconf 88' lang='lat' dir='ltr'><strong>nostri</strong></span> <span class='ocrx_word' id='word_1_295' title='bbox 1130 2330 1288 2380; x_wconf 86' lang='lat' dir='ltr'><strong>aequalis</strong></span> <span class='ocrx_word' id='word_1_296' title='bbox 1315 2331 1407 2374; x_wconf 91' lang='lat' dir='ltr'><strong>fuit,</strong></span> 
     </span>
     <span class='ocr_line' id='line_1_42' title="bbox 432 2380 1408 2427; baseline -0.009 -1"><span class='ocrx_word' id='word_1_297' title='bbox 432 2389 491 2427; x_wconf 82' lang='lat' dir='ltr'><strong>lib.</strong></span> <span class='ocrx_word' id='word_1_298' title='bbox 515 2403 569 2427; x_wconf 89' lang='lat'><strong>11.</strong></span> <span class='ocrx_word' id='word_1_299' title='bbox 589 2400 620 2425; x_wconf 90' lang='lat' dir='ltr'><strong>c.</strong></span> <span class='ocrx_word' id='word_1_300' title='bbox 644 2401 726 2427; x_wconf 72' lang='lat'><strong>111.</strong></span> <span class='ocrx_word' id='word_1_301' title='bbox 742 2386 869 2424; x_wconf 84' lang='lat' dir='ltr'><strong>itidem</strong></span> <span class='ocrx_word' id='word_1_302' title='bbox 890 2383 1114 2422; x_wconf 84' lang='lat' dir='ltr'><strong>extenuandi</strong></span> <span class='ocrx_word' id='word_1_303' title='bbox 1132 2382 1183 2419; x_wconf 83' lang='lat' dir='ltr'><strong>sui</strong></span> <span class='ocrx_word' id='word_1_304' title='bbox 1201 2381 1306 2422; x_wconf 74' lang='lat' dir='ltr'><strong>causa</strong></span> <span class='ocrx_word' id='word_1_305' title='bbox 1324 2380 1408 2418; x_wconf 78' lang='lat' dir='ltr'><strong>scri-</strong></span> 
     </span>
     <span class='ocr_line' id='line_1_43' title="bbox 432 2431 1408 2484; baseline -0.011 -6"><span class='ocrx_word' id='word_1_306' title='bbox 432 2440 496 2478; x_wconf 80' lang='lat' dir='ltr'><strong>bit.</strong></span> <span class='ocrx_word' id='word_1_307' title='bbox 516 2439 653 2476; x_wconf 78' lang='lat' dir='ltr'><strong>Habuit</strong></span> <span class='ocrx_word' id='word_1_308' title='bbox 679 2443 715 2475; x_wconf 82' lang='lat' dir='ltr'><strong>in</strong></span> <span class='ocrx_word' id='word_1_309' title='bbox 741 2437 796 2473; x_wconf 77' lang='lat' dir='ltr'><strong>boc</strong></span> <span class='ocrx_word' id='word_1_310' title='bbox 824 2449 952 2484; x_wconf 76' lang='lat' dir='ltr'><strong>quoque</strong></span> <span class='ocrx_word' id='word_1_311' title='bbox 970 2434 1062 2477; x_wconf 17' lang='lat' dir='ltr'><strong>hello*</strong></span> <span class='ocrx_word' id='word_1_312' title='bbox 1074 2431 1282 2469; x_wconf 74' lang='lat' dir='ltr'><strong>mediocritas</strong></span> <span class='ocrx_word' id='word_1_313' title='bbox 1297 2434 1408 2476; x_wconf 75' lang='lat' dir='ltr'><strong>nostra</strong></span> 
     </span>
     <span class='ocr_line' id='line_1_44' title="bbox 425 2483 1408 2540; baseline -0.011 -12"><span class='ocrx_word' id='word_1_314' title='bbox 425 2491 563 2540; x_wconf 79' lang='lat' dir='ltr'><strong>speciosi</strong></span> <span class='ocrx_word' id='word_1_315' title='bbox 582 2490 725 2535; x_wconf 79' lang='lat' dir='ltr'><strong>ministri</strong></span> <span class='ocrx_word' id='word_1_316' title='bbox 743 2489 856 2523; x_wconf 81' lang='lat' dir='ltr'><strong>lorum.</strong></span> <span class='ocrx_word' id='word_1_317' title='bbox 887 2486 935 2522; x_wconf 79' lang='lat' dir='ltr'><strong>Et</strong></span> <span class='ocrx_word' id='word_1_318' title='bbox 961 2498 1018 2527; x_wconf 79' lang='grc' dir='ltr'><strong>ιι,</strong></span> <span class='ocrx_word' id='word_1_319' title='bbox 1044 2494 1148 2530; x_wconf 77' lang='lat'><strong>104.&#39;·</strong></span> <span class='ocrx_word' id='word_1_320' title='bbox 1171 2483 1340 2530; x_wconf 54' lang='lat' dir='ltr'><strong>Spectator</strong></span> <span class='ocrx_word' id='word_1_321' title='bbox 1362 2490 1408 2517; x_wconf 65' lang='grc' dir='ltr'><strong>ω·</strong></span> 
     </span>
     <span class='ocr_line' id='line_1_45' title="bbox 428 2532 1410 2592; baseline -0.01 -14"><span class='ocrx_word' id='word_1_322' title='bbox 428 2555 493 2592; x_wconf 79' lang='lat' dir='ltr'><strong>pro</strong></span> <span class='ocrx_word' id='word_1_323' title='bbox 519 2552 615 2587; x_wconf 80' lang='lat' dir='ltr'><strong>captu</strong></span> <span class='ocrx_word' id='word_1_324' title='bbox 641 2537 879 2576; x_wconf 83' lang='lat' dir='ltr'><strong>mediocritatis</strong></span> <span class='ocrx_word' id='word_1_325' title='bbox 910 2550 999 2571; x_wconf 82' lang='lat' dir='ltr'><strong>meae</strong></span> <span class='ocrx_word' id='word_1_326' title='bbox 1018 2533 1153 2578; x_wconf 70' lang='lat' dir='ltr'><strong>adyutor</strong></span> <span class='ocrx_word' id='word_1_327' title='bbox 1171 2535 1261 2579; x_wconf 58' lang='lat' dir='ltr'><strong>fui„</strong></span> <span class='ocrx_word' id='word_1_328' title='bbox 1291 2532 1410 2581; x_wconf 76' lang='lat' dir='ltr'><strong>Quod</strong></span> 
     </span>
     <span class='ocr_line' id='line_1_46' title="bbox 437 2587 1409 2640; baseline -0.009 -13"><span class='ocrx_word' id='word_1_329' title='bbox 437 2592 603 2640; x_wconf 73' lang='lat' dir='ltr'><strong>Velleius</strong></span> <span class='ocrx_word' id='word_1_330' title='bbox 631 2591 718 2629; x_wconf 88' lang='lat' dir='ltr'><strong>dicit</strong></span> <span class='ocrx_word' id='word_1_331' title='bbox 743 2587 950 2629; x_wconf 81' lang='lat' dir='ltr'><strong>mediocritas</strong></span> <span class='ocrx_word' id='word_1_332' title='bbox 978 2600 1051 2622; x_wconf 76' lang='lat' dir='ltr'><strong>men</strong></span> <span class='ocrx_word' id='word_1_333' title='bbox 1082 2593 1143 2622; x_wconf 89' lang='lat' dir='ltr'><strong>aut</strong></span> <span class='ocrx_word' id='word_1_334' title='bbox 1163 2587 1272 2631; x_wconf 76' lang='lat' dir='ltr'><strong>nostra</strong></span> <span class='ocrx_word' id='word_1_335' title='bbox 1292 2607 1303 2624; x_wconf 78' lang='grc'>,</span> <span class='ocrx_word' id='word_1_336' title='bbox 1341 2593 1409 2631; x_wconf 89' lang='lat' dir='ltr'><strong>pro</strong></span> 
     </span>
     <span class='ocr_line' id='line_1_47' title="bbox 440 2633 1410 2688; baseline -0.011 -7"><span class='ocrx_word' id='word_1_337' title='bbox 440 2655 487 2680; x_wconf 74' lang='lat' dir='ltr'><strong>eo</strong></span> <span class='ocrx_word' id='word_1_338' title='bbox 514 2643 684 2680; x_wconf 88' lang='lat' dir='ltr'><strong>Valerius</strong></span> <span class='ocrx_word' id='word_1_339' title='bbox 709 2641 797 2679; x_wconf 84' lang='lat' dir='ltr'><strong>dicit</strong></span> <span class='ocrx_word' id='word_1_340' title='bbox 819 2639 978 2688; x_wconf 64' lang='lat' dir='ltr'><strong>parvitas</strong></span> <span class='ocrx_word' id='word_1_341' title='bbox 1005 2649 1088 2673; x_wconf 72' lang='lat' dir='ltr'><strong>mea.</strong></span> <span class='ocrx_word' id='word_1_342' title='bbox 1140 2633 1257 2684; x_wconf 87' lang='lat' dir='ltr'><strong>Quod</strong></span> <span class='ocrx_word' id='word_1_343' title='bbox 1284 2642 1410 2671; x_wconf 86' lang='lat' dir='ltr'><strong>autem</strong></span> 
     </span>
     <span class='ocr_line' id='line_1_48' title="bbox 440 2688 1409 2741; baseline -0.009 -11"><span class='ocrx_word' id='word_1_344' title='bbox 440 2694 484 2731; x_wconf 79' lang='lat' dir='ltr'><strong>ad</strong></span> <span class='ocrx_word' id='word_1_345' title='bbox 515 2694 626 2741; x_wconf 73' lang='lat' dir='ltr'><strong>ipsam</strong></span> <span class='ocrx_word' id='word_1_346' title='bbox 654 2704 791 2731; x_wconf 85' lang='lat' dir='ltr'><strong>vocem</strong></span> <span class='ocrx_word' id='word_1_347' title='bbox 815 2690 973 2738; x_wconf 65' lang='lat' dir='ltr'><strong>parvitas</strong></span> <span class='ocrx_word' id='word_1_348' title='bbox 1000 2688 1150 2730; x_wconf 78' lang='lat' dir='ltr'><strong>attinet,</strong></span> <span class='ocrx_word' id='word_1_349' title='bbox 1187 2697 1229 2723; x_wconf 81' lang='lat' dir='ltr'><strong>ea</strong></span> <span class='ocrx_word' id='word_1_350' title='bbox 1254 2695 1409 2735; x_wconf 81' lang='lat' dir='ltr'><strong>quoque</strong></span> 
     </span>
     <span class='ocr_line' id='line_1_49' title="bbox 438 2737 1410 2787; baseline -0.01 -5"><span class='ocrx_word' id='word_1_351' title='bbox 438 2745 518 2781; x_wconf 66' lang='lat' dir='ltr'><strong>satis</strong></span> <span class='ocrx_word' id='word_1_352' title='bbox 530 2745 577 2781; x_wconf 85' lang='lat' dir='ltr'><strong>est</strong></span> <span class='ocrx_word' id='word_1_353' title='bbox 591 2745 745 2781; x_wconf 84' lang='lat' dir='ltr'><strong>Latina:</strong></span> <span class='ocrx_word' id='word_1_354' title='bbox 772 2741 882 2780; x_wconf 79' lang='lat' dir='ltr'><strong>habet</strong></span> <span class='ocrx_word' id='word_1_355' title='bbox 893 2752 975 2776; x_wconf 85' lang='lat' dir='ltr'><strong>eam</strong></span> <span class='ocrx_word' id='word_1_356' title='bbox 993 2739 1066 2787; x_wconf 90' lang='lat' dir='ltr'><strong>ipse</strong></span> <span class='ocrx_word' id='word_1_357' title='bbox 1086 2737 1269 2774; x_wconf 88' lang='lat' dir='ltr'><strong>Ciceroin</strong></span> <span class='ocrx_word' id='word_1_358' title='bbox 1280 2737 1410 2783; x_wconf 82' lang='lat' dir='ltr'><strong>fragm.</strong></span> 
     </span>
     <span class='ocr_line' id='line_1_50' title="bbox 440 2787 1410 2837; baseline -0.009 -6"><span class='ocrx_word' id='word_1_359' title='bbox 440 2795 487 2831; x_wconf 88' lang='lat' dir='ltr'><strong>de</strong></span> <span class='ocrx_word' id='word_1_360' title='bbox 499 2795 707 2832; x_wconf 62' lang='lat' dir='ltr'><strong>Universo.</strong></span> <span class='ocrx_word' id='word_1_361' title='bbox 721 2791 916 2832; x_wconf 90' lang='lat' dir='ltr'><strong>VORST.</strong></span> <span class='ocrx_word' id='word_1_362' title='bbox 969 2791 1059 2827; x_wconf 89' lang='lat' dir='ltr'><strong>Hoc</strong></span> <span class='ocrx_word' id='word_1_363' title='bbox 1078 2787 1237 2837; x_wconf 85' lang='lat' dir='ltr'><strong>probum</strong></span> <span class='ocrx_word' id='word_1_364' title='bbox 1249 2787 1410 2836; x_wconf 81' lang='lat' dir='ltr'><strong>aliquem</strong></span> 
     </span>
     <span class='ocr_line' id='line_1_51' title="bbox 442 2837 1415 2893; baseline -0.008 -11"><span class='ocrx_word' id='word_1_365' title='bbox 442 2846 745 2893; x_wconf 77' lang='lat' dir='ltr'><strong>&#39;Epitomatorem</strong></span> <span class='ocrx_word' id='word_1_366' title='bbox 765 2839 1022 2882; x_wconf 80' lang='lat' dir='ltr'><strong>Theodofiani</strong></span> <span class='ocrx_word' id='word_1_367' title='bbox 1040 2840 1122 2877; x_wconf 86' lang='lat' dir='ltr'><strong>aevi</strong></span> <span class='ocrx_word' id='word_1_368' title='bbox 1137 2839 1235 2887; x_wconf 82' lang='lat' dir='ltr'><strong>sapit.</strong></span> <span class='ocrx_word' id='word_1_369' title='bbox 1252 2837 1415 2875; x_wconf 86' lang='lat' dir='ltr'><strong>fimiliter</strong></span> 
     </span>
     <span class='ocr_line' id='line_1_52' title="bbox 443 2889 1413 2944; baseline -0.007 -11"><span class='ocrx_word' id='word_1_370' title='bbox 443 2898 543 2933; x_wconf 84' lang='lat' dir='ltr'><strong>enim</strong></span> <span class='ocrx_word' id='word_1_371' title='bbox 574 2896 798 2944; x_wconf 81' lang='lat' dir='ltr'><strong>Porphyrius</strong></span> <span class='ocrx_word' id='word_1_372' title='bbox 824 2896 859 2932; x_wconf 85' lang='lat' dir='ltr'><strong>in</strong></span> <span class='ocrx_word' id='word_1_373' title='bbox 886 2891 1045 2940; x_wconf 68' lang='lat' dir='ltr'><strong>Epistola</strong></span> <span class='ocrx_word' id='word_1_374' title='bbox 1064 2890 1111 2928; x_wconf 84' lang='lat' dir='ltr'><strong>ad</strong></span> <span class='ocrx_word' id='word_1_375' title='bbox 1129 2889 1413 2926; x_wconf 82' lang='lat' dir='ltr'><strong>Constantinum</strong></span> 
     </span>
     <span class='ocr_line' id='line_1_53' title="bbox 446 2939 1415 2996; baseline -0.008 -12"><span class='ocrx_word' id='word_1_376' title='bbox 446 2947 736 2995; x_wconf 73' lang='lat' dir='ltr'><strong>Imperatorem,</strong></span> <span class='ocrx_word' id='word_1_377' title='bbox 764 2957 861 2996; x_wconf 86' lang='lat' dir='ltr'><strong>quae</strong></span> <span class='ocrx_word' id='word_1_378' title='bbox 887 2944 981 2980; x_wconf 82' lang='lat' dir='ltr'><strong>inter</strong></span> <span class='ocrx_word' id='word_1_379' title='bbox 1006 2943 1282 2990; x_wconf 78' lang='lat' dir='ltr'><strong>Epigrammata</strong></span> <span class='ocrx_word' id='word_1_380' title='bbox 1309 2953 1329 2977; x_wconf 86' lang='lat' dir='ltr'><strong>a</strong></span> <span class='ocrx_word' id='word_1_381' title='bbox 1355 2939 1415 2976; x_wconf 87' lang='lat' dir='ltr'><strong>Pi-</strong></span> 
     </span>
     <span class='ocr_line' id='line_1_54' title="bbox 446 2993 1418 3043; baseline -0.008 -10"><span class='ocrx_word' id='word_1_382' title='bbox 446 2999 562 3036; x_wconf 77' lang='lat' dir='ltr'><strong>thoeo</strong></span> <span class='ocrx_word' id='word_1_383' title='bbox 582 2999 678 3036; x_wconf 76' lang='lat' dir='ltr'><strong>edita</strong></span> <span class='ocrx_word' id='word_1_384' title='bbox 699 2997 808 3036; x_wconf 76' lang='lat' dir='ltr'><strong>exstat</strong></span> <span class='ocrx_word' id='word_1_385' title='bbox 827 3008 859 3043; x_wconf 85' lang='lat' dir='ltr'><strong>p.</strong></span> <span class='ocrx_word' id='word_1_386' title='bbox 881 3006 963 3039; x_wconf 76' lang='lat'><strong>247.</strong></span> <span class='ocrx_word' id='word_1_387' title='bbox 990 2993 1147 3043; x_wconf 68' lang='lat' dir='ltr'><strong>quamvis</strong></span> <span class='ocrx_word' id='word_1_388' title='bbox 1176 3005 1285 3027; x_wconf 67' lang='lat' dir='ltr'><strong>avara</strong></span> <span class='ocrx_word' id='word_1_389' title='bbox 1312 3001 1418 3040; x_wconf 78' lang='lat' dir='ltr'><strong>atque</strong></span> 
     </span>
     <span class='ocr_line' id='line_1_55' title="bbox 450 3043 1419 3100; baseline -0.005 -16"><span class='ocrx_word' id='word_1_390' title='bbox 450 3050 537 3086; x_wconf 64' lang='lat' dir='ltr'><strong>stira</strong></span> <span class='ocrx_word' id='word_1_391' title='bbox 563 3052 714 3089; x_wconf 61' lang='lat' dir='ltr'><strong>mssrimm</strong></span> <span class='ocrx_word' id='word_1_392' title='bbox 740 3047 857 3100; x_wconf 72' lang='lat' dir='ltr'><strong>cupida</strong></span> <span class='ocrx_word' id='word_1_393' title='bbox 880 3045 1071 3095; x_wconf 60' lang='lat' dir='ltr'><strong>parvitatis</strong></span> <span class='ocrx_word' id='word_1_394' title='bbox 1089 3056 1178 3081; x_wconf 78' lang='lat' dir='ltr'><strong>meae</strong></span> <span class='ocrx_word' id='word_1_395' title='bbox 1197 3052 1278 3082; x_wconf 65' lang='lat' dir='ltr'><strong>vota</strong></span> <span class='ocrx_word' id='word_1_396' title='bbox 1297 3043 1419 3093; x_wconf 57' lang='lat' dir='ltr'><strong>infiati-7</strong></span> 
     </span>
    </p>
   </div>
   <div class='ocr_carea' id='block_1_7' title="bbox 2298 454 2414 498">
    <p class='ocr_par' dir='ltr' id='par_1_7' title="bbox 2298 454 2414 498">
     <span class='ocr_line' id='line_1_56' title="bbox 2298 454 2414 498; baseline -0.026 -3"><span class='ocrx_word' id='word_1_397' title='bbox 2298 454 2414 498; x_wconf 80' lang='lat' dir='ltr'><strong>Deos.</strong></span> 
     </span>
    </p>
   </div>
   <div class='ocr_carea' id='block_1_8' title="bbox 1418 589 2456 3137">
    <p class='ocr_par' dir='ltr' id='par_1_8' title="bbox 1418 589 2437 1506">
     <span class='ocr_line' id='line_1_57' title="bbox 1418 589 2414 645; baseline -0.002 -15"><span class='ocrx_word' id='word_1_398' title='bbox 1418 592 1548 645; x_wconf 73' lang='lat' dir='ltr'><strong>gabilis</strong></span> <span class='ocrx_word' id='word_1_399' title='bbox 1576 591 1769 628; x_wconf 73' lang='lat' dir='ltr'><strong>clementiae</strong></span> <span class='ocrx_word' id='word_1_400' title='bbox 1799 601 1878 626; x_wconf 78' lang='lat' dir='ltr'><strong>tuae</strong></span> <span class='ocrx_word' id='word_1_401' title='bbox 1902 589 2098 643; x_wconf 73' lang='lat' dir='ltr'><strong>dignatione</strong></span> <span class='ocrx_word' id='word_1_402' title='bbox 2119 591 2303 641; x_wconf 81' lang='lat' dir='ltr'><strong>superata,</strong></span> <span class='ocrx_word' id='word_1_403' title='bbox 2336 589 2414 628; x_wconf 63' lang='lat' dir='ltr'><strong>&amp;G</strong></span> 
     </span>
     <span class='ocr_line' id='line_1_58' title="bbox 1427 641 2413 692; baseline -0.004 -9"><span class='ocrx_word' id='word_1_404' title='bbox 1427 644 1513 683; x_wconf 87' lang='lat' dir='ltr'><strong>ibid.</strong></span> <span class='ocrx_word' id='word_1_405' title='bbox 1533 642 1644 692; x_wconf 83' lang='lat' dir='ltr'><strong>paulo</strong></span> <span class='ocrx_word' id='word_1_406' title='bbox 1662 641 1765 690; x_wconf 86' lang='lat' dir='ltr'><strong>post,</strong></span> <span class='ocrx_word' id='word_1_407' title='bbox 1801 642 1929 691; x_wconf 60' lang='lat' dir='ltr'><strong>ingeni»</strong></span> <span class='ocrx_word' id='word_1_408' title='bbox 1956 644 2020 677; x_wconf 78' lang='lat' dir='ltr'><strong>mei</strong></span> <span class='ocrx_word' id='word_1_409' title='bbox 2046 644 2220 692; x_wconf 67' lang='lat' dir='ltr'><strong>parvitas.</strong></span> <span class='ocrx_word' id='word_1_410' title='bbox 2259 642 2331 680; x_wconf 84' lang='lat' dir='ltr'><strong>tale</strong></span> <span class='ocrx_word' id='word_1_411' title='bbox 2359 641 2413 679; x_wconf 79' lang='lat' dir='ltr'><strong>est</strong></span> 
     </span>
     <span class='ocr_line' id='line_1_59' title="bbox 1429 690 2415 743; baseline -0.003 -10"><span class='ocrx_word' id='word_1_412' title='bbox 1429 696 1585 733; x_wconf 88' lang='lat' dir='ltr'><strong>verbum</strong></span> <span class='ocrx_word' id='word_1_413' title='bbox 1604 690 1776 743; x_wconf 79' lang='lat' dir='ltr'><strong>largitudo</strong></span> <span class='ocrx_word' id='word_1_414' title='bbox 1789 715 1799 731; x_wconf 79' lang='grc'><em>,</em></span> <span class='ocrx_word' id='word_1_415' title='bbox 1823 701 1902 737; x_wconf 85' lang='lat' dir='ltr'><strong>quo</strong></span> <span class='ocrx_word' id='word_1_416' title='bbox 1924 691 2075 729; x_wconf 88' lang='lat' dir='ltr'><strong>Cornel.</strong></span> <span class='ocrx_word' id='word_1_417' title='bbox 2096 693 2225 741; x_wconf 84' lang='lat' dir='ltr'><strong>Nepos</strong></span> <span class='ocrx_word' id='word_1_418' title='bbox 2244 694 2323 730; x_wconf 80' lang='lat' dir='ltr'><strong>usus</strong></span> <span class='ocrx_word' id='word_1_419' title='bbox 2350 692 2415 729; x_wconf 76' lang='lat' dir='ltr'><strong>est.</strong></span> 
     </span>
     <span class='ocr_line' id='line_1_60' title="bbox 1430 740 2414 791; baseline -0.002 -9"><span class='ocrx_word' id='word_1_420' title='bbox 1430 745 1556 782; x_wconf 79' lang='lat' dir='ltr'><strong>Verba</strong></span> <span class='ocrx_word' id='word_1_421' title='bbox 1575 744 1655 780; x_wconf 82' lang='lat' dir='ltr'><strong>sunt</strong></span> <span class='ocrx_word' id='word_1_422' title='bbox 1676 740 1813 779; x_wconf 78' lang='lat' dir='ltr'><strong>Cal‘ifil.</strong></span> <span class='ocrx_word' id='word_1_423' title='bbox 1842 741 2025 791; x_wconf 80' lang='lat' dir='ltr'><strong>Largitudo</strong></span> <span class='ocrx_word' id='word_1_424' title='bbox 2040 745 2208 791; x_wconf 64' lang='lat' dir='ltr'><strong>nusquam,</strong></span> <span class='ocrx_word' id='word_1_425' title='bbox 2219 745 2414 786; x_wconf 66' lang='lat' dir='ltr'><strong>invenitur,</strong></span> 
     </span>
     <span class='ocr_line' id='line_1_61' title="bbox 1429 791 2421 844; baseline -0.001 -12"><span class='ocrx_word' id='word_1_426' title='bbox 1429 796 1493 842; x_wconf 79' lang='lat' dir='ltr'><strong>mfi</strong></span> <span class='ocrx_word' id='word_1_427' title='bbox 1513 793 1601 844; x_wconf 73' lang='lat' dir='ltr'><strong>apud.</strong></span> <span class='ocrx_word' id='word_1_428' title='bbox 1622 797 1796 843; x_wconf 74' lang='lat' dir='ltr'><strong>Nepotem.</strong></span> <span class='ocrx_word' id='word_1_429' title='bbox 1819 791 1920 829; x_wconf 87' lang='lat' dir='ltr'><strong>idem</strong></span> <span class='ocrx_word' id='word_1_430' title='bbox 1931 792 2079 829; x_wconf 89' lang='lat' dir='ltr'><strong>Publius</strong></span> <span class='ocrx_word' id='word_1_431' title='bbox 2092 794 2421 840; x_wconf 74' lang='lat' dir='ltr'><strong>OptatianusPor—</strong></span> 
     </span>
     <span class='ocr_line' id='line_1_62' title="bbox 1431 843 2423 895; baseline -0.002 -12"><span class='ocrx_word' id='word_1_432' title='bbox 1431 847 1608 895; x_wconf 78' lang='lat' dir='ltr'><strong>phyrius,</strong></span> <span class='ocrx_word' id='word_1_433' title='bbox 1633 845 1671 881; x_wconf 91' lang='lat' dir='ltr'><strong>in</strong></span> <span class='ocrx_word' id='word_1_434' title='bbox 1700 843 1835 880; x_wconf 76' lang='lat' dir='ltr'><strong>eadem</strong></span> <span class='ocrx_word' id='word_1_435' title='bbox 1863 843 2027 891; x_wconf 79' lang='lat' dir='ltr'><strong>Epistola</strong></span> <span class='ocrx_word' id='word_1_436' title='bbox 2045 843 2277 881; x_wconf 88' lang='lat' dir='ltr'><strong>Constantini</strong></span> <span class='ocrx_word' id='word_1_437' title='bbox 2296 844 2423 882; x_wconf 70' lang='lat' dir='ltr'><strong>Pane-</strong></span> 
     </span>
     <span class='ocr_line' id='line_1_63' title="bbox 1432 891 2414 946; baseline 0 -13"><span class='ocrx_word' id='word_1_438' title='bbox 1432 897 1562 946; x_wconf 85' lang='lat' dir='ltr'><strong>gyrico</strong></span> <span class='ocrx_word' id='word_1_439' title='bbox 1580 891 1786 944; x_wconf 72' lang='lat' dir='ltr'><strong>praemissa</strong></span> <span class='ocrx_word' id='word_1_440' title='bbox 1807 922 1817 938; x_wconf 93' lang='lat'><strong>,</strong></span> <span class='ocrx_word' id='word_1_441' title='bbox 1851 893 1972 930; x_wconf 78' lang='lat' dir='ltr'><strong>statim</strong></span> <span class='ocrx_word' id='word_1_442' title='bbox 2007 893 2139 931; x_wconf 81' lang='lat' dir='ltr'><strong>eadem</strong></span> <span class='ocrx_word' id='word_1_443' title='bbox 2166 906 2263 932; x_wconf 86' lang='lat' dir='ltr'><strong>voce</strong></span> <span class='ocrx_word' id='word_1_444' title='bbox 2292 895 2414 933; x_wconf 82' lang='lat' dir='ltr'><strong>adhuc</strong></span> 
     </span>
     <span class='ocr_line' id='line_1_64' title="bbox 1432 943 2423 992; baseline -0.003 -7"><span class='ocrx_word' id='word_1_445' title='bbox 1432 947 1545 985; x_wconf 77' lang='lat' dir='ltr'><strong>semel</strong></span> <span class='ocrx_word' id='word_1_446' title='bbox 1565 948 1691 984; x_wconf 76' lang='lat' dir='ltr'><strong>utitur..</strong></span> <span class='ocrx_word' id='word_1_447' title='bbox 1739 947 1842 989; x_wconf 78' lang='lat' dir='ltr'><strong>Peius</strong></span> <span class='ocrx_word' id='word_1_448' title='bbox 1862 945 1944 981; x_wconf 76' lang='lat' dir='ltr'><strong>mihi</strong></span> <span class='ocrx_word' id='word_1_449' title='bbox 1965 943 2113 990; x_wconf 57' lang='lat' dir='ltr'><strong>sincerae</strong></span> <span class='ocrx_word' id='word_1_450' title='bbox 2139 943 2326 982; x_wconf 69' lang='lat' dir='ltr'><strong>devocionis</strong></span> <span class='ocrx_word' id='word_1_451' title='bbox 2344 949 2423 992; x_wconf 82' lang='lat' dir='ltr'><strong>stu-</strong></span> 
     </span>
     <span class='ocr_line' id='line_1_65' title="bbox 1432 997 2425 1049; baseline 0 -14"><span class='ocrx_word' id='word_1_452' title='bbox 1432 999 1548 1040; x_wconf 70' lang='lat' dir='ltr'><strong>diam,</strong></span> <span class='ocrx_word' id='word_1_453' title='bbox 1577 1012 1678 1049; x_wconf 82' lang='lat' dir='ltr'><strong>quam</strong></span> <span class='ocrx_word' id='word_1_454' title='bbox 1697 997 1824 1046; x_wconf 77' lang='lat' dir='ltr'><strong>ingenii</strong></span> <span class='ocrx_word' id='word_1_455' title='bbox 1847 997 1910 1031; x_wconf 77' lang='lat' dir='ltr'><strong>mei</strong></span> <span class='ocrx_word' id='word_1_456' title='bbox 1933 997 2093 1044; x_wconf 66' lang='lat' dir='ltr'><strong>parvitas</strong></span> <span class='ocrx_word' id='word_1_457' title='bbox 2118 999 2298 1045; x_wconf 77' lang='lat' dir='ltr'><strong>praestitit.</strong></span> <span class='ocrx_word' id='word_1_458' title='bbox 2325 997 2425 1034; x_wconf 77' lang='lat' dir='ltr'><strong>GU·-</strong></span> 
     </span>
     <span class='ocr_line' id='line_1_66' title="bbox 1435 1045 2419 1097; baseline -0.001 -9"><span class='ocrx_word' id='word_1_459' title='bbox 1435 1050 1573 1088; x_wconf 72' lang='lat' dir='ltr'><strong>DIUS.</strong></span> <span class='ocrx_word' id='word_1_460' title='bbox 1626 1049 1682 1085; x_wconf 77' lang='lat' dir='ltr'><strong>Sic</strong></span> <span class='ocrx_word' id='word_1_461' title='bbox 1716 1045 1926 1097; x_wconf 78' lang='lat' dir='ltr'><strong>Magnitudo</strong></span> <span class='ocrx_word' id='word_1_462' title='bbox 1946 1048 2013 1094; x_wconf 78' lang='lat' dir='ltr'><strong>sua</strong></span> <span class='ocrx_word' id='word_1_463' title='bbox 2044 1046 2140 1084; x_wconf 78' lang='lat' dir='ltr'><strong>Vell.</strong></span> <span class='ocrx_word' id='word_1_464' title='bbox 2168 1048 2213 1085; x_wconf 84' lang='lat' dir='ltr'><strong>L.</strong></span> <span class='ocrx_word' id='word_1_465' title='bbox 2249 1062 2304 1086; x_wconf 86' lang='lat'><strong>11.</strong></span> <span class='ocrx_word' id='word_1_466' title='bbox 2336 1061 2419 1086; x_wconf 85' lang='lat'><strong>120.</strong></span> 
     </span>
     <span class='ocr_line' id='line_1_67' title="bbox 1441 1098 2423 1138; baseline 0.001 -1"><span class='ocrx_word' id='word_1_467' title='bbox 1441 1104 1528 1137; x_wconf 83' lang='lat' dir='ltr'><strong>Mea</strong></span> <span class='ocrx_word' id='word_1_468' title='bbox 1555 1102 1704 1137; x_wconf 81' lang='lat' dir='ltr'><strong>tenuitas</strong></span> <span class='ocrx_word' id='word_1_469' title='bbox 1742 1098 1837 1135; x_wconf 90' lang='lat' dir='ltr'><strong>Gell.</strong></span> <span class='ocrx_word' id='word_1_470' title='bbox 1866 1098 1912 1136; x_wconf 90' lang='lat' dir='ltr'><strong>L.</strong></span> <span class='ocrx_word' id='word_1_471' title='bbox 1940 1110 2025 1135; x_wconf 81' lang='lat' dir='ltr'><strong>x11.</strong></span> <span class='ocrx_word' id='word_1_472' title='bbox 2057 1111 2087 1136; x_wconf 94' lang='lat'><strong>1.</strong></span> <span class='ocrx_word' id='word_1_473' title='bbox 2114 1107 2204 1136; x_wconf 69' lang='lat' dir='ltr'><strong>extr.</strong></span> <span class='ocrx_word' id='word_1_474' title='bbox 2233 1099 2348 1138; x_wconf 83' lang='lat' dir='ltr'><strong>Ovid.</strong></span> <span class='ocrx_word' id='word_1_475' title='bbox 2376 1112 2423 1138; x_wconf 85' lang='lat' dir='ltr'><strong>ex</strong></span> 
     </span>
     <span class='ocr_line' id='line_1_68' title="bbox 1440 1151 2430 1199; baseline -0.001 -10"><span class='ocrx_word' id='word_1_476' title='bbox 1440 1151 1565 1199; x_wconf 79' lang='lat' dir='ltr'><strong>Ponto</strong></span> <span class='ocrx_word' id='word_1_477' title='bbox 1595 1151 1639 1188; x_wconf 87' lang='lat' dir='ltr'><strong>L.</strong></span> <span class='ocrx_word' id='word_1_478' title='bbox 1673 1162 1729 1188; x_wconf 75' lang='grc' dir='ltr'><strong>ιν.</strong></span> <span class='ocrx_word' id='word_1_479' title='bbox 1762 1162 1816 1198; x_wconf 75' lang='lat'><strong>15.</strong></span> <span class='ocrx_word' id='word_1_480' title='bbox 1848 1161 1903 1199; x_wconf 65' lang='lat'><strong>13²·</strong></span> <span class='ocrx_word' id='word_1_481' title='bbox 1957 1152 2051 1185; x_wconf 82' lang='lat' dir='ltr'><strong>Inter</strong></span> <span class='ocrx_word' id='word_1_482' title='bbox 2087 1160 2158 1198; x_wconf 81' lang='lat' dir='ltr'><strong>opes</strong></span> <span class='ocrx_word' id='word_1_483' title='bbox 2191 1159 2236 1186; x_wconf 69' lang='grc' dir='ltr'><strong>ω’</strong></span> <span class='ocrx_word' id='word_1_484' title='bbox 2270 1165 2321 1188; x_wconf 72' lang='lat' dir='ltr'><strong>me.</strong></span> <span class='ocrx_word' id='word_1_485' title='bbox 2356 1165 2430 1188; x_wconf 83' lang='lat' dir='ltr'><strong>rem</strong></span> 
     </span>
     <span class='ocr_line' id='line_1_69' title="bbox 1436 1201 2430 1252; baseline -0.004 -14"><span class='ocrx_word' id='word_1_486' title='bbox 1436 1214 1582 1252; x_wconf 65' lang='lat' dir='ltr'><strong>parvam</strong></span> <span class='ocrx_word' id='word_1_487' title='bbox 1612 1214 1696 1251; x_wconf 82' lang='lat' dir='ltr'><strong>pone</strong></span> <span class='ocrx_word' id='word_1_488' title='bbox 1717 1212 1878 1250; x_wconf 67' lang='lat' dir='ltr'><strong>paternas</strong></span> <span class='ocrx_word' id='word_1_489' title='bbox 1904 1203 1993 1237; x_wconf 82' lang='lat' dir='ltr'><strong>Pars</strong></span> <span class='ocrx_word' id='word_1_490' title='bbox 2024 1214 2082 1251; x_wconf 74' lang='lat' dir='ltr'><strong>ego</strong></span> <span class='ocrx_word' id='word_1_491' title='bbox 2097 1201 2167 1247; x_wconf 82' lang='lat' dir='ltr'><strong>sim</strong></span> <span class='ocrx_word' id='word_1_492' title='bbox 2187 1203 2295 1249; x_wconf 67' lang='lat' dir='ltr'><strong>census</strong></span> <span class='ocrx_word' id='word_1_493' title='bbox 2319 1216 2430 1252; x_wconf 75' lang='lat' dir='ltr'><strong>quan.</strong></span> 
     </span>
     <span class='ocr_line' id='line_1_70' title="bbox 1441 1251 2428 1301; baseline 0.002 -12"><span class='ocrx_word' id='word_1_494' title='bbox 1441 1255 1653 1301; x_wconf 55' lang='lat' dir='ltr'><strong>inlatumque</strong></span> <span class='ocrx_word' id='word_1_495' title='bbox 1684 1254 1748 1290; x_wconf 79' lang='lat' dir='ltr'><strong>tui.</strong></span> <span class='ocrx_word' id='word_1_496' title='bbox 1771 1251 1858 1289; x_wconf 80' lang='lat' dir='ltr'><strong>vide</strong></span> <span class='ocrx_word' id='word_1_497' title='bbox 1878 1251 2052 1289; x_wconf 84' lang='lat' dir='ltr'><strong>Munker.</strong></span> <span class='ocrx_word' id='word_1_498' title='bbox 2074 1251 2120 1288; x_wconf 90' lang='lat' dir='ltr'><strong>ad</strong></span> <span class='ocrx_word' id='word_1_499' title='bbox 2139 1252 2321 1291; x_wconf 82' lang='lat' dir='ltr'><strong>Antonin.</strong></span> <span class='ocrx_word' id='word_1_500' title='bbox 2344 1253 2428 1291; x_wconf 88' lang='lat' dir='ltr'><strong>Lib.</strong></span> 
     </span>
     <span class='ocr_line' id='line_1_71' title="bbox 1448 1299 2433 1358; baseline -0.002 -17"><span class='ocrx_word' id='word_1_501' title='bbox 1448 1317 1482 1353; x_wconf 85' lang='lat' dir='ltr'><strong>p.</strong></span> <span class='ocrx_word' id='word_1_502' title='bbox 1507 1317 1594 1354; x_wconf 79' lang='lat'><strong>139..</strong></span> <span class='ocrx_word' id='word_1_503' title='bbox 1618 1304 1656 1340; x_wconf 67' lang='grc' dir='ltr'><strong>ὃς</strong></span> <span class='ocrx_word' id='word_1_504' title='bbox 1676 1303 1715 1340; x_wconf 84' lang='lat' dir='ltr'><strong>in</strong></span> <span class='ocrx_word' id='word_1_505' title='bbox 1731 1301 1894 1358; x_wconf 70' lang='lat' dir='ltr'><strong>append-</strong></span> <span class='ocrx_word' id='word_1_506' title='bbox 1910 1302 2007 1351; x_wconf 89' lang='lat' dir='ltr'><strong>Lips.</strong></span> <span class='ocrx_word' id='word_1_507' title='bbox 2028 1303 2122 1340; x_wconf 81' lang='lat' dir='ltr'><strong>infra</strong></span> <span class='ocrx_word' id='word_1_508' title='bbox 2143 1303 2181 1339; x_wconf 89' lang='lat' dir='ltr'><strong>in</strong></span> <span class='ocrx_word' id='word_1_509' title='bbox 2202 1303 2291 1340; x_wconf 69' lang='lat' dir='ltr'><strong>Ext.</strong></span> <span class='ocrx_word' id='word_1_510' title='bbox 2305 1304 2373 1341; x_wconf 81' lang='lat' dir='ltr'><strong>Ex.</strong></span> <span class='ocrx_word' id='word_1_511' title='bbox 2392 1299 2433 1342; x_wconf 71' lang='lat'><strong>⁶2.</strong></span> 
     </span>
     <span class='ocr_line' id='line_1_72' title="bbox 1448 1352 2433 1404; baseline -0.001 -11"><span class='ocrx_word' id='word_1_512' title='bbox 1448 1354 1694 1393; x_wconf 81' lang='lat' dir='ltr'><strong>PERIZON.</strong></span> <span class='ocrx_word' id='word_1_513' title='bbox 1723 1353 1783 1390; x_wconf 79' lang='lat' dir='ltr'><strong>Sic</strong></span> <span class='ocrx_word' id='word_1_514' title='bbox 1798 1352 2011 1404; x_wconf 76' lang='lat' dir='ltr'><strong>Magnitudo</strong></span> <span class='ocrx_word' id='word_1_515' title='bbox 2027 1356 2212 1403; x_wconf 78' lang='lat' dir='ltr'><strong>principum</strong></span> <span class='ocrx_word' id='word_1_516' title='bbox 2243 1355 2281 1391; x_wconf 69' lang='grc' dir='ltr'><strong>ὃ(</strong></span> <span class='ocrx_word' id='word_1_517' title='bbox 2299 1357 2433 1392; x_wconf 75' lang='lat' dir='ltr'><strong>minuta·</strong></span> 
     </span>
     <span class='ocr_line' id='line_1_73' title="bbox 1444 1404 2437 1457; baseline 0.001 -15"><span class='ocrx_word' id='word_1_518' title='bbox 1444 1406 1538 1457; x_wconf 78' lang='lat' dir='ltr'><strong>plebs</strong></span> <span class='ocrx_word' id='word_1_519' title='bbox 1562 1412 1804 1455; x_wconf 88' lang='lat' dir='ltr'><strong>opponuntur</strong></span> <span class='ocrx_word' id='word_1_520' title='bbox 1830 1404 1927 1452; x_wconf 83' lang='lat' dir='ltr'><strong>apud</strong></span> <span class='ocrx_word' id='word_1_521' title='bbox 1937 1404 2072 1442; x_wconf 86' lang='lat' dir='ltr'><strong>Phaed.</strong></span> <span class='ocrx_word' id='word_1_522' title='bbox 2105 1417 2157 1442; x_wconf 91' lang='lat' dir='ltr'><strong>1v.</strong></span> <span class='ocrx_word' id='word_1_523' title='bbox 2179 1418 2208 1453; x_wconf 86' lang='grc' dir='ltr'><strong>ς.</strong></span> <span class='ocrx_word' id='word_1_524' title='bbox 2230 1404 2318 1442; x_wconf 85' lang='lat' dir='ltr'><strong>vide</strong></span> <span class='ocrx_word' id='word_1_525' title='bbox 2346 1405 2437 1443; x_wconf 79' lang='lat' dir='ltr'><strong>Cel-</strong></span> 
     </span>
     <span class='ocr_line' id='line_1_74' title="bbox 1448 1455 2436 1506; baseline 0 -11"><span class='ocrx_word' id='word_1_526' title='bbox 1448 1458 1512 1496; x_wconf 90' lang='lat' dir='ltr'><strong>]ar.</strong></span> <span class='ocrx_word' id='word_1_527' title='bbox 1541 1458 1628 1495; x_wconf 87' lang='lat' dir='ltr'><strong>Cur.</strong></span> <span class='ocrx_word' id='word_1_528' title='bbox 1648 1455 1738 1504; x_wconf 89' lang='lat' dir='ltr'><strong>post.</strong></span> <span class='ocrx_word' id='word_1_529' title='bbox 1756 1467 1792 1504; x_wconf 89' lang='lat' dir='ltr'><strong>p.</strong></span> <span class='ocrx_word' id='word_1_530' title='bbox 1812 1467 1896 1505; x_wconf 65' lang='lat'><strong>254.</strong></span> <span class='ocrx_word' id='word_1_531' title='bbox 1914 1458 2134 1500; x_wconf 75' lang='lat' dir='ltr'><strong>Decurren&#39;t,</strong></span> <span class='ocrx_word' id='word_1_532' title='bbox 2160 1455 2304 1506; x_wconf 87' lang='lat' dir='ltr'><strong>aliquot</strong></span> <span class='ocrx_word' id='word_1_533' title='bbox 2323 1457 2436 1495; x_wconf 84' lang='lat' dir='ltr'><strong>MSS.</strong></span> 
     </span>
    </p>

    <p class='ocr_par' dir='ltr' id='par_1_9' title="bbox 1449 1501 2450 2933">
     <span class='ocr_line' id='line_1_75' title="bbox 1449 1501 2388 1546; baseline 0 -2"><span class='ocrx_word' id='word_1_534' title='bbox 1449 1508 1676 1546; x_wconf 81' lang='lat' dir='ltr'><strong>decucurrerit.</strong></span> <span class='ocrx_word' id='word_1_535' title='bbox 2314 1501 2321 1506; x_wconf 59' lang='lat'>&#39;</span> <span class='ocrx_word' id='word_1_536' title='bbox 2386 1524 2388 1526; x_wconf 59' lang='grc'><strong><em>’</em></strong></span> 
     </span>
     <span class='ocr_line' id='line_1_76' title="bbox 1505 1555 2434 1605; baseline 0.003 -11"><span class='ocrx_word' id='word_1_537' title='bbox 1505 1572 1559 1598; x_wconf 73' lang='grc' dir='ltr'><strong>η,</strong></span> <span class='ocrx_word' id='word_1_538' title='bbox 1632 1557 1695 1595; x_wconf 76' lang='lat' dir='ltr'><strong>nod</strong></span> <span class='ocrx_word' id='word_1_539' title='bbox 1720 1567 1825 1594; x_wconf 76' lang='lat' dir='ltr'><strong>cetera</strong></span> <span class='ocrx_word' id='word_1_540' title='bbox 1855 1555 2048 1605; x_wconf 67' lang='lat' dir='ltr'><strong>divinitas]</strong></span> <span class='ocrx_word' id='word_1_541' title='bbox 2096 1558 2218 1596; x_wconf 71' lang='lat' dir='ltr'><strong>Miror</strong></span> <span class='ocrx_word' id='word_1_542' title='bbox 2252 1557 2434 1598; x_wconf 82' lang='lat' dir='ltr'><strong>Colerum</strong></span> 
     </span>
     <span class='ocr_line' id='line_1_77' title="bbox 1451 1607 2434 1660; baseline -0.001 -11"><span class='ocrx_word' id='word_1_543' title='bbox 1451 1611 1628 1649; x_wconf 78' lang='lat' dir='ltr'><strong>voculam</strong></span> <span class='ocrx_word' id='word_1_544' title='bbox 1658 1607 1746 1660; x_wconf 81' lang='lat' dir='ltr'><strong>quod</strong></span> <span class='ocrx_word' id='word_1_545' title='bbox 1774 1608 1998 1658; x_wconf 65' lang='lat' dir='ltr'><strong>expunctam</strong></span> <span class='ocrx_word' id='word_1_546' title='bbox 2028 1608 2146 1654; x_wconf 82' lang='lat' dir='ltr'><strong>velle,</strong></span> <span class='ocrx_word' id='word_1_547' title='bbox 2173 1609 2277 1659; x_wconf 75' lang='lat' dir='ltr'><strong>quod</strong></span> <span class='ocrx_word' id='word_1_548' title='bbox 2307 1610 2326 1647; x_wconf 72' lang='lat' dir='ltr'><strong>a</strong></span> <span class='ocrx_word' id='word_1_549' title='bbox 2349 1611 2434 1649; x_wconf 85' lang='lat' dir='ltr'><strong>cod.</strong></span> 
     </span>
     <span class='ocr_line' id='line_1_78' title="bbox 1451 1659 2432 1708; baseline -0.003 -7"><span class='ocrx_word' id='word_1_550' title='bbox 1451 1663 1550 1700; x_wconf 89' lang='lat' dir='ltr'><strong>Dan.</strong></span> <span class='ocrx_word' id='word_1_551' title='bbox 1578 1674 1621 1700; x_wconf 88' lang='lat' dir='ltr'><strong>ea</strong></span> <span class='ocrx_word' id='word_1_552' title='bbox 1639 1659 1784 1698; x_wconf 80' lang='lat' dir='ltr'><strong>abeffet.</strong></span> <span class='ocrx_word' id='word_1_553' title='bbox 1838 1661 1930 1697; x_wconf 89' lang='lat' dir='ltr'><strong>Non</strong></span> <span class='ocrx_word' id='word_1_554' title='bbox 1949 1660 2068 1708; x_wconf 87' lang='lat' dir='ltr'><strong>potest</strong></span> <span class='ocrx_word' id='word_1_555' title='bbox 2088 1660 2146 1698; x_wconf 81' lang='lat' dir='ltr'><strong>illa</strong></span> <span class='ocrx_word' id='word_1_556' title='bbox 2176 1661 2263 1698; x_wconf 88' lang='lat' dir='ltr'><strong>hinc</strong></span> <span class='ocrx_word' id='word_1_557' title='bbox 2288 1660 2407 1699; x_wconf 84' lang='lat' dir='ltr'><strong>abeffe</strong></span> <span class='ocrx_word' id='word_1_558' title='bbox 2420 1676 2432 1705; x_wconf 88' lang='lat'>;</span> 
     </span>
     <span class='ocr_line' id='line_1_79' title="bbox 1452 1710 2433 1763; baseline -0.002 -12"><span class='ocrx_word' id='word_1_559' title='bbox 1452 1714 1663 1763; x_wconf 86' lang='lat' dir='ltr'><strong>praesertim</strong></span> <span class='ocrx_word' id='word_1_560' title='bbox 1693 1710 1798 1762; x_wconf 90' lang='lat' dir='ltr'><strong>quod</strong></span> <span class='ocrx_word' id='word_1_561' title='bbox 1823 1725 1858 1746; x_wconf 88' lang='lat' dir='ltr'><strong>eo</strong></span> <span class='ocrx_word' id='word_1_562' title='bbox 1897 1711 2094 1749; x_wconf 85' lang='lat' dir='ltr'><strong>antecedit.</strong></span> <span class='ocrx_word' id='word_1_563' title='bbox 2147 1712 2326 1749; x_wconf 85' lang='lat' dir='ltr'><strong>Ceterum</strong></span> <span class='ocrx_word' id='word_1_564' title='bbox 2363 1725 2433 1761; x_wconf 89' lang='lat' dir='ltr'><strong>pro</strong></span> 
     </span>
     <span class='ocr_line' id='line_1_80' title="bbox 1452 1762 2435 1816; baseline -0.001 -14"><span class='ocrx_word' id='word_1_565' title='bbox 1452 1764 1540 1816; x_wconf 78' lang='lat' dir='ltr'><strong>quod</strong></span> <span class='ocrx_word' id='word_1_566' title='bbox 1558 1764 1785 1813; x_wconf 84' lang='lat' dir='ltr'><strong>antiquiores</strong></span> <span class='ocrx_word' id='word_1_567' title='bbox 1811 1762 1906 1810; x_wconf 83' lang='lat' dir='ltr'><strong>typis</strong></span> <span class='ocrx_word' id='word_1_568' title='bbox 1935 1762 2107 1811; x_wconf 81' lang='lat' dir='ltr'><strong>expreffi,</strong></span> <span class='ocrx_word' id='word_1_569' title='bbox 2134 1762 2244 1808; x_wconf 87' lang='lat' dir='ltr'><strong>Aldi,</strong></span> <span class='ocrx_word' id='word_1_570' title='bbox 2273 1763 2435 1802; x_wconf 87' lang='lat' dir='ltr'><strong>Chalco-</strong></span> 
     </span>
     <span class='ocr_line' id='line_1_81' title="bbox 1453 1813 2437 1865; baseline -0.001 -12"><span class='ocrx_word' id='word_1_571' title='bbox 1453 1816 1638 1865; x_wconf 87' lang='lat' dir='ltr'><strong>condylae</strong></span> <span class='ocrx_word' id='word_1_572' title='bbox 1658 1816 1696 1852; x_wconf 82' lang='lat'>&amp;</span> <span class='ocrx_word' id='word_1_573' title='bbox 1715 1814 1870 1851; x_wconf 84' lang='lat' dir='ltr'><strong>Martini</strong></span> <span class='ocrx_word' id='word_1_574' title='bbox 1889 1813 2043 1862; x_wconf 88' lang='lat' dir='ltr'><strong>Herbip.</strong></span> <span class='ocrx_word' id='word_1_575' title='bbox 2069 1813 2207 1853; x_wconf 87' lang='lat' dir='ltr'><strong>habent</strong></span> <span class='ocrx_word' id='word_1_576' title='bbox 2223 1828 2312 1864; x_wconf 77' lang='lat' dir='ltr'><strong>quo:</strong></span> <span class='ocrx_word' id='word_1_577' title='bbox 2338 1826 2437 1864; x_wconf 84' lang='lat' dir='ltr'><strong>quo-</strong></span> 
     </span>
     <span class='ocr_line' id='line_1_82' title="bbox 1453 1864 2436 1914; baseline -0.002 -9"><span class='ocrx_word' id='word_1_578' title='bbox 1453 1867 1578 1905; x_wconf 85' lang='lat' dir='ltr'><strong>modo</strong></span> <span class='ocrx_word' id='word_1_579' title='bbox 1595 1868 1634 1904; x_wconf 87' lang='lat' dir='ltr'><strong>in</strong></span> <span class='ocrx_word' id='word_1_580' title='bbox 1650 1874 1811 1914; x_wconf 89' lang='lat' dir='ltr'><strong>utroque</strong></span> <span class='ocrx_word' id='word_1_581' title='bbox 1831 1865 1943 1901; x_wconf 85' lang='lat' dir='ltr'><strong>etiam</strong></span> <span class='ocrx_word' id='word_1_582' title='bbox 1963 1864 2047 1903; x_wconf 91' lang='lat' dir='ltr'><strong>cod.</strong></span> <span class='ocrx_word' id='word_1_583' title='bbox 2073 1865 2156 1903; x_wconf 92' lang='lat' dir='ltr'><strong>MS.</strong></span> <span class='ocrx_word' id='word_1_584' title='bbox 2182 1865 2436 1904; x_wconf 81' lang='lat' dir='ltr'><strong>Bibliothecae</strong></span> 
     </span>
     <span class='ocr_line' id='line_1_83' title="bbox 1452 1914 2433 1966; baseline -0.002 -10"><span class='ocrx_word' id='word_1_585' title='bbox 1452 1917 1668 1956; x_wconf 58' lang='lat' dir='ltr'><strong>EleOEloralis</strong></span> <span class='ocrx_word' id='word_1_586' title='bbox 1697 1914 1831 1953; x_wconf 78' lang='lat' dir='ltr'><strong>Brand.</strong></span> <span class='ocrx_word' id='word_1_587' title='bbox 1858 1915 2031 1964; x_wconf 77' lang='lat' dir='ltr'><strong>scriptum</strong></span> <span class='ocrx_word' id='word_1_588' title='bbox 2049 1917 2206 1966; x_wconf 84' lang='lat' dir='ltr'><strong>reperio.</strong></span> <span class='ocrx_word' id='word_1_589' title='bbox 2260 1917 2344 1954; x_wconf 90' lang='lat' dir='ltr'><strong>Nec</strong></span> <span class='ocrx_word' id='word_1_590' title='bbox 2360 1929 2433 1955; x_wconf 59' lang='lat' dir='ltr'><strong>no»</strong></span> 
     </span>
     <span class='ocr_line' id='line_1_84' title="bbox 1453 1966 2442 2018; baseline -0.002 -11"><span class='ocrx_word' id='word_1_591' title='bbox 1453 1982 1545 2015; x_wconf 83' lang='lat' dir='ltr'><strong>vum</strong></span> <span class='ocrx_word' id='word_1_592' title='bbox 1574 1970 1657 2007; x_wconf 88' lang='lat' dir='ltr'><strong>sane</strong></span> <span class='ocrx_word' id='word_1_593' title='bbox 1685 1968 1734 2005; x_wconf 91' lang='lat' dir='ltr'><strong>est</strong></span> <span class='ocrx_word' id='word_1_594' title='bbox 1762 1981 1826 2018; x_wconf 80' lang='lat' dir='ltr'><strong>quo</strong></span> <span class='ocrx_word' id='word_1_595' title='bbox 1848 1978 1916 2014; x_wconf 93' lang='lat' dir='ltr'><strong>pro</strong></span> <span class='ocrx_word' id='word_1_596' title='bbox 1934 1966 2022 2017; x_wconf 78' lang='lat' dir='ltr'><strong>quod</strong></span> <span class='ocrx_word' id='word_1_597' title='bbox 2042 1968 2143 2015; x_wconf 90' lang='lat' dir='ltr'><strong>poni.</strong></span> <span class='ocrx_word' id='word_1_598' title='bbox 2195 1967 2314 2005; x_wconf 89' lang='lat' dir='ltr'><strong>Porro</strong></span> <span class='ocrx_word' id='word_1_599' title='bbox 2333 1979 2442 2006; x_wconf 73' lang='lat' dir='ltr'><strong>cetera</strong></span> 
     </span>
     <span class='ocr_line' id='line_1_85' title="bbox 1449 2017 2438 2069; baseline -0.003 -11"><span class='ocrx_word' id='word_1_600' title='bbox 1449 2022 1621 2069; x_wconf 59' lang='lat' dir='ltr'><strong>cti-vinitas</strong></span> <span class='ocrx_word' id='word_1_601' title='bbox 1640 2018 1689 2058; x_wconf 88' lang='lat' dir='ltr'><strong>est</strong></span> <span class='ocrx_word' id='word_1_602' title='bbox 1710 2018 1879 2056; x_wconf 86' lang='lat' dir='ltr'><strong>divinitas</strong></span> <span class='ocrx_word' id='word_1_603' title='bbox 1898 2017 2001 2064; x_wconf 85' lang='lat' dir='ltr'><strong>Jovis</strong></span> <span class='ocrx_word' id='word_1_604' title='bbox 2014 2046 2023 2062; x_wconf 93' lang='lat'>‚</span> <span class='ocrx_word' id='word_1_605' title='bbox 2052 2018 2182 2056; x_wconf 81' lang='lat' dir='ltr'><strong>Martis</strong></span> <span class='ocrx_word' id='word_1_606' title='bbox 2196 2046 2207 2062; x_wconf 94' lang='lat'><strong>,</strong></span> <span class='ocrx_word' id='word_1_607' title='bbox 2234 2020 2438 2063; x_wconf 89' lang='lat' dir='ltr'><strong>Mercurii,</strong></span> 
     </span>
     <span class='ocr_line' id='line_1_86' title="bbox 1456 2069 2442 2121; baseline -0.004 -11"><span class='ocrx_word' id='word_1_608' title='bbox 1456 2072 1548 2110; x_wconf 88' lang='lat' dir='ltr'><strong>&amp;id</strong></span> <span class='ocrx_word' id='word_1_609' title='bbox 1563 2081 1677 2121; x_wconf 84' lang='lat' dir='ltr'><strong>genus</strong></span> <span class='ocrx_word' id='word_1_610' title='bbox 1697 2070 1869 2107; x_wconf 80' lang='lat' dir='ltr'><strong>alioruin.</strong></span> <span class='ocrx_word' id='word_1_611' title='bbox 1895 2069 2093 2108; x_wconf 85' lang='lat' dir='ltr'><strong>VORST.</strong></span> <span class='ocrx_word' id='word_1_612' title='bbox 2144 2072 2223 2118; x_wconf 74' lang='lat' dir='ltr'><strong>Quo</strong></span> <span class='ocrx_word' id='word_1_613' title='bbox 2250 2069 2332 2106; x_wconf 89' lang='lat' dir='ltr'><strong>MS.</strong></span> <span class='ocrx_word' id='word_1_614' title='bbox 2362 2069 2442 2107; x_wconf 92' lang='lat' dir='ltr'><strong>Co-</strong></span> 
     </span>
     <span class='ocr_line' id='line_1_87' title="bbox 1454 2119 2443 2173; baseline -0.004 -12"><span class='ocrx_word' id='word_1_615' title='bbox 1454 2122 1620 2173; x_wconf 79' lang='lat' dir='ltr'><strong>pefianus</strong></span> <span class='ocrx_word' id='word_1_616' title='bbox 1648 2133 1735 2160; x_wconf 82' lang='lat' dir='ltr'><strong>cum</strong></span> <span class='ocrx_word' id='word_1_617' title='bbox 1762 2121 1825 2164; x_wconf 75' lang='lat' dir='ltr'><strong>iis,</strong></span> <span class='ocrx_word' id='word_1_618' title='bbox 1855 2131 1949 2169; x_wconf 85' lang='lat' dir='ltr'><strong>quos</strong></span> <span class='ocrx_word' id='word_1_619' title='bbox 1975 2120 2143 2157; x_wconf 85' lang='lat' dir='ltr'><strong>Vorstius</strong></span> <span class='ocrx_word' id='word_1_620' title='bbox 2170 2119 2263 2157; x_wconf 74' lang='lat' dir='ltr'><strong>vidit</strong></span> <span class='ocrx_word' id='word_1_621' title='bbox 2289 2121 2326 2157; x_wconf 61' lang='grc' dir='ltr'><strong>ὃς</strong></span> <span class='ocrx_word' id='word_1_622' title='bbox 2347 2119 2443 2157; x_wconf 88' lang='lat' dir='ltr'><strong>anti-</strong></span> 
     </span>
     <span class='ocr_line' id='line_1_88' title="bbox 1458 2169 2443 2224; baseline -0.005 -12"><span class='ocrx_word' id='word_1_623' title='bbox 1458 2174 1538 2224; x_wconf 83' lang='lat' dir='ltr'><strong>quis</strong></span> <span class='ocrx_word' id='word_1_624' title='bbox 1557 2174 1651 2212; x_wconf 87' lang='lat' dir='ltr'><strong>Edd.</strong></span> <span class='ocrx_word' id='word_1_625' title='bbox 1673 2171 1790 2210; x_wconf 66' lang='lat' dir='ltr'><strong>Recte</strong></span> <span class='ocrx_word' id='word_1_626' title='bbox 1811 2171 1944 2209; x_wconf 82' lang='lat' dir='ltr'><strong>forsan.</strong></span> <span class='ocrx_word' id='word_1_627' title='bbox 1999 2170 2069 2208; x_wconf 87' lang='lat' dir='ltr'><strong>Sed</strong></span> <span class='ocrx_word' id='word_1_628' title='bbox 2089 2169 2355 2220; x_wconf 87' lang='lat' dir='ltr'><strong>exponendum</strong></span> <span class='ocrx_word' id='word_1_629' title='bbox 2374 2183 2443 2220; x_wconf 85' lang='lat' dir='ltr'><strong>per</strong></span> 
     </span>
     <span class='ocr_line' id='line_1_89' title="bbox 1461 2221 2444 2275; baseline -0.003 -12"><span class='ocrx_word' id='word_1_630' title='bbox 1461 2224 1599 2275; x_wconf 86' lang='lat' dir='ltr'><strong>ellipfin</strong></span> <span class='ocrx_word' id='word_1_631' title='bbox 1621 2225 1652 2265; x_wconf 66' lang='lat'><strong>{5</strong></span> <span class='ocrx_word' id='word_1_632' title='bbox 1670 2225 1802 2273; x_wconf 78' lang='lat' dir='ltr'><strong>magis,</strong></span> <span class='ocrx_word' id='word_1_633' title='bbox 1830 2221 2019 2271; x_wconf 75' lang='lat' dir='ltr'><strong>praecellit</strong></span> <span class='ocrx_word' id='word_1_634' title='bbox 2039 2223 2139 2260; x_wconf 88' lang='lat' dir='ltr'><strong>enim</strong></span> <span class='ocrx_word' id='word_1_635' title='bbox 2160 2237 2194 2257; x_wconf 87' lang='lat' dir='ltr'><strong>eo</strong></span> <span class='ocrx_word' id='word_1_636' title='bbox 2205 2223 2342 2270; x_wconf 81' lang='lat' dir='ltr'><strong>justius.</strong></span> <span class='ocrx_word' id='word_1_637' title='bbox 2394 2223 2444 2260; x_wconf 77' lang='lat' dir='ltr'><strong>Et</strong></span> 
     </span>
     <span class='ocr_line' id='line_1_90' title="bbox 1456 2272 2447 2326; baseline -0.003 -12"><span class='ocrx_word' id='word_1_638' title='bbox 1456 2278 1537 2326; x_wconf 85' lang='lat' dir='ltr'><strong>jam</strong></span> <span class='ocrx_word' id='word_1_639' title='bbox 1564 2275 1725 2326; x_wconf 83' lang='lat' dir='ltr'><strong>sequitur</strong></span> <span class='ocrx_word' id='word_1_640' title='bbox 1750 2288 1815 2324; x_wconf 81' lang='lat' dir='ltr'><strong>quo</strong></span> <span class='ocrx_word' id='word_1_641' title='bbox 1847 2272 1920 2310; x_wconf 83' lang='lat' dir='ltr'><strong>scil.</strong></span> <span class='ocrx_word' id='word_1_642' title='bbox 1954 2274 2074 2323; x_wconf 79' lang='lat' dir='ltr'><strong>magis.</strong></span> <span class='ocrx_word' id='word_1_643' title='bbox 2127 2273 2184 2310; x_wconf 90' lang='lat' dir='ltr'><strong>Sic</strong></span> <span class='ocrx_word' id='word_1_644' title='bbox 2218 2272 2365 2311; x_wconf 67' lang='lat' dir='ltr'><strong>Auctor</strong></span> <span class='ocrx_word' id='word_1_645' title='bbox 2399 2273 2447 2311; x_wconf 86' lang='lat' dir='ltr'><strong>ad</strong></span> 
     </span>
     <span class='ocr_line' id='line_1_91' title="bbox 1460 2323 2448 2374; baseline -0.004 -10"><span class='ocrx_word' id='word_1_646' title='bbox 1460 2328 1630 2364; x_wconf 86' lang='lat' dir='ltr'><strong>Herenn.</strong></span> <span class='ocrx_word' id='word_1_647' title='bbox 1655 2339 1690 2371; x_wconf 88' lang='lat'><strong>4.</strong></span> <span class='ocrx_word' id='word_1_648' title='bbox 1717 2337 1753 2372; x_wconf 93' lang='lat'><strong>9.</strong></span> <span class='ocrx_word' id='word_1_649' title='bbox 1780 2339 1816 2360; x_wconf 86' lang='lat' dir='ltr'><strong>eo</strong></span> <span class='ocrx_word' id='word_1_650' title='bbox 1844 2323 1979 2374; x_wconf 74' lang='lat' dir='ltr'><strong>quidem</strong></span> <span class='ocrx_word' id='word_1_651' title='bbox 2007 2326 2117 2360; x_wconf 77' lang='lat' dir='ltr'><strong>minus</strong></span> <span class='ocrx_word' id='word_1_652' title='bbox 2143 2326 2199 2371; x_wconf 70' lang='lat' dir='ltr'><strong>isti</strong></span> <span class='ocrx_word' id='word_1_653' title='bbox 2220 2325 2326 2370; x_wconf 84' lang='lat' dir='ltr'><strong>facile</strong></span> <span class='ocrx_word' id='word_1_654' title='bbox 2350 2337 2448 2360; x_wconf 84' lang='lat' dir='ltr'><strong>cona-</strong></span> 
     </span>
     <span class='ocr_line' id='line_1_92' title="bbox 1456 2372 2450 2427; baseline -0.004 -12"><span class='ocrx_word' id='word_1_655' title='bbox 1456 2388 1573 2415; x_wconf 75' lang='lat' dir='ltr'><strong>rentur</strong></span> <span class='ocrx_word' id='word_1_656' title='bbox 1592 2405 1607 2421; x_wconf 72' lang='lat'>‚</span> <span class='ocrx_word' id='word_1_657' title='bbox 1632 2390 1698 2427; x_wconf 79' lang='lat' dir='ltr'><strong>quo</strong></span> <span class='ocrx_word' id='word_1_658' title='bbox 1726 2375 1803 2419; x_wconf 76' lang='lat' dir='ltr'><strong>illi,</strong></span> <span class='ocrx_word' id='word_1_659' title='bbox 1833 2372 2110 2424; x_wconf 80' lang='lat' dir='ltr'><strong>quemadmodum</strong></span> <span class='ocrx_word' id='word_1_660' title='bbox 2138 2374 2327 2422; x_wconf 68' lang='lat' dir='ltr'><strong>desciffl’nt,</strong></span> <span class='ocrx_word' id='word_1_661' title='bbox 2350 2374 2450 2411; x_wconf 69' lang='lat' dir='ltr'><strong>vide-</strong></span> 
     </span>
     <span class='ocr_line' id='line_1_93' title="bbox 1456 2425 2450 2475; baseline -0.002 -12"><span class='ocrx_word' id='word_1_662' title='bbox 1456 2428 1554 2465; x_wconf 82' lang='lat' dir='ltr'><strong>bant.</strong></span> <span class='ocrx_word' id='word_1_663' title='bbox 1602 2426 1764 2474; x_wconf 83' lang='lat' dir='ltr'><strong>intellige</strong></span> <span class='ocrx_word' id='word_1_664' title='bbox 1782 2426 1904 2474; x_wconf 71' lang='lat' dir='ltr'><strong>magis.</strong></span> <span class='ocrx_word' id='word_1_665' title='bbox 1956 2425 2017 2461; x_wconf 84' lang='lat' dir='ltr'><strong>Sic</strong></span> <span class='ocrx_word' id='word_1_666' title='bbox 2036 2426 2145 2473; x_wconf 76' lang='lat' dir='ltr'><strong>plane</strong></span> <span class='ocrx_word' id='word_1_667' title='bbox 2165 2426 2250 2464; x_wconf 81' lang='lat' dir='ltr'><strong>Liv.</strong></span> <span class='ocrx_word' id='word_1_668' title='bbox 2278 2440 2313 2461; x_wconf 83' lang='lat' dir='ltr'><strong>eo</strong></span> <span class='ocrx_word' id='word_1_669' title='bbox 2339 2431 2450 2475; x_wconf 87' lang='lat' dir='ltr'><strong>majo-</strong></span> 
     </span>
     <span class='ocr_line' id='line_1_94' title="bbox 1458 2476 2446 2529; baseline 0.001 -15"><span class='ocrx_word' id='word_1_670' title='bbox 1458 2493 1493 2516; x_wconf 84' lang='lat' dir='ltr'><strong>re</strong></span> <span class='ocrx_word' id='word_1_671' title='bbox 1519 2477 1647 2529; x_wconf 66' lang='lat' dir='ltr'><strong>gaudio</strong></span> <span class='ocrx_word' id='word_1_672' title='bbox 1668 2506 1680 2520; x_wconf 93' lang='lat'><em>‚</em></span> <span class='ocrx_word' id='word_1_673' title='bbox 1718 2489 1784 2526; x_wconf 78' lang='lat' dir='ltr'><strong>quo</strong></span> <span class='ocrx_word' id='word_1_674' title='bbox 1816 2485 1916 2524; x_wconf 76' lang='lat' dir='ltr'><strong>prope</strong></span> <span class='ocrx_word' id='word_1_675' title='bbox 1942 2486 2066 2511; x_wconf 82' lang='lat' dir='ltr'><strong>metum</strong></span> <span class='ocrx_word' id='word_1_676' title='bbox 2090 2490 2141 2512; x_wconf 86' lang='lat' dir='ltr'><strong>res</strong></span> <span class='ocrx_word' id='word_1_677' title='bbox 2170 2478 2298 2521; x_wconf 70' lang='lat' dir='ltr'><strong>fuerat.</strong></span> <span class='ocrx_word' id='word_1_678' title='bbox 2353 2476 2446 2515; x_wconf 84' lang='lat' dir='ltr'><strong>L.1.</strong></span> 
     </span>
     <span class='ocr_line' id='line_1_95' title="bbox 1464 2524 2443 2577; baseline -0.003 -10"><span class='ocrx_word' id='word_1_679' title='bbox 1464 2530 1507 2567; x_wconf 83' lang='lat' dir='ltr'><strong>C.</strong></span> <span class='ocrx_word' id='word_1_680' title='bbox 1537 2542 1595 2577; x_wconf 82' lang='lat'><strong>25.</strong></span> <span class='ocrx_word' id='word_1_681' title='bbox 1622 2528 1684 2566; x_wconf 89' lang='lat' dir='ltr'><strong>ubi</strong></span> <span class='ocrx_word' id='word_1_682' title='bbox 1713 2526 1799 2564; x_wconf 82' lang='lat' dir='ltr'><strong>vide</strong></span> <span class='ocrx_word' id='word_1_683' title='bbox 1831 2524 1990 2562; x_wconf 79' lang='lat' dir='ltr'><strong>omnino</strong></span> <span class='ocrx_word' id='word_1_684' title='bbox 2021 2527 2275 2567; x_wconf 78' lang='lat' dir='ltr'><strong>Gronovium.</strong></span> <span class='ocrx_word' id='word_1_685' title='bbox 2327 2539 2443 2576; x_wconf 85' lang='lat' dir='ltr'><strong>porro</strong></span> 
     </span>
     <span class='ocr_line' id='line_1_96' title="bbox 1463 2575 2444 2626; baseline -0.002 -10"><span class='ocrx_word' id='word_1_686' title='bbox 1463 2580 1510 2617; x_wconf 86' lang='lat' dir='ltr'><strong>fic</strong></span> <span class='ocrx_word' id='word_1_687' title='bbox 1529 2579 1689 2619; x_wconf 82' lang='lat' dir='ltr'><strong>Ovidius</strong></span> <span class='ocrx_word' id='word_1_688' title='bbox 1720 2577 1766 2615; x_wconf 89' lang='lat' dir='ltr'><strong>de</strong></span> <span class='ocrx_word' id='word_1_689' title='bbox 1790 2575 1888 2622; x_wconf 79' lang='lat' dir='ltr'><strong>Jove</strong></span> <span class='ocrx_word' id='word_1_690' title='bbox 1914 2577 1952 2614; x_wconf 87' lang='lat'>&amp;</span> <span class='ocrx_word' id='word_1_691' title='bbox 1972 2577 2141 2626; x_wconf 82' lang='lat' dir='ltr'><strong>Augusto</strong></span> <span class='ocrx_word' id='word_1_692' title='bbox 2171 2578 2217 2616; x_wconf 86' lang='lat' dir='ltr'><strong>L.</strong></span> <span class='ocrx_word' id='word_1_693' title='bbox 2249 2590 2306 2616; x_wconf 81' lang='lat' dir='ltr'><strong>1v.</strong></span> <span class='ocrx_word' id='word_1_694' title='bbox 2334 2578 2374 2615; x_wconf 93' lang='lat' dir='ltr'>T</span> <span class='ocrx_word' id='word_1_695' title='bbox 2376 2578 2444 2615; x_wconf 88' lang='lat' dir='ltr'><strong>rist.</strong></span> 
     </span>
     <span class='ocr_line' id='line_1_97' title="bbox 1462 2627 2448 2678; baseline -0.004 -10"><span class='ocrx_word' id='word_1_696' title='bbox 1462 2629 1520 2670; x_wconf 80' lang='lat' dir='ltr'><strong>El.</strong></span> <span class='ocrx_word' id='word_1_697' title='bbox 1546 2644 1578 2678; x_wconf 80' lang='grc'><strong>4.</strong></span> <span class='ocrx_word' id='word_1_698' title='bbox 1604 2630 1646 2673; x_wconf 63' lang='lat'><strong>331.</strong></span> <span class='ocrx_word' id='word_1_699' title='bbox 1676 2641 1734 2666; x_wconf 81' lang='lat'><strong>20.</strong></span> <span class='ocrx_word' id='word_1_700' title='bbox 1763 2628 1909 2676; x_wconf 74' lang='lat' dir='ltr'><strong>Qorum</strong></span> <span class='ocrx_word' id='word_1_701' title='bbox 1930 2627 1982 2663; x_wconf 78' lang='lat' dir='ltr'><strong>hic</strong></span> <span class='ocrx_word' id='word_1_702' title='bbox 2002 2630 2188 2677; x_wconf 80' lang='lat' dir='ltr'><strong>aspicitur,</strong></span> <span class='ocrx_word' id='word_1_703' title='bbox 2213 2627 2358 2666; x_wconf 81' lang='lat' dir='ltr'><strong>creditur</strong></span> <span class='ocrx_word' id='word_1_704' title='bbox 2385 2630 2448 2665; x_wconf 68' lang='lat' dir='ltr'><strong>ille</strong></span> 
     </span>
     <span class='ocr_line' id='line_1_98' title="bbox 1463 2678 2446 2728; baseline 0 -11"><span class='ocrx_word' id='word_1_705' title='bbox 1463 2684 1566 2720; x_wconf 80' lang='lat' dir='ltr'><strong>Deus.</strong></span> <span class='ocrx_word' id='word_1_706' title='bbox 1593 2678 1923 2720; x_wconf 81' lang='lat' dir='ltr'><strong>PERIZONIUS.</strong></span> <span class='ocrx_word' id='word_1_707' title='bbox 1979 2680 2052 2724; x_wconf 69' lang='lat' dir='ltr'><strong>,Quo</strong></span> <span class='ocrx_word' id='word_1_708' title='bbox 2071 2682 2195 2728; x_wconf 84' lang='lat' dir='ltr'><strong>recepi</strong></span> <span class='ocrx_word' id='word_1_709' title='bbox 2219 2680 2259 2716; x_wconf 88' lang='lat' dir='ltr'><strong>in</strong></span> <span class='ocrx_word' id='word_1_710' title='bbox 2289 2686 2446 2717; x_wconf 51' lang='lat' dir='ltr'><strong>contexa</strong></span> 
     </span>
     <span class='ocr_line' id='line_1_99' title="bbox 1460 2728 2445 2782; baseline -0.001 -12"><span class='ocrx_word' id='word_1_711' title='bbox 1460 2740 1567 2778; x_wconf 77' lang='lat' dir='ltr'><strong>turn,</strong></span> <span class='ocrx_word' id='word_1_712' title='bbox 1592 2732 1773 2782; x_wconf 81' lang='lat' dir='ltr'><strong>quoniam</strong></span> <span class='ocrx_word' id='word_1_713' title='bbox 1802 2728 1984 2766; x_wconf 84' lang='lat' dir='ltr'><strong>nitebatur</strong></span> <span class='ocrx_word' id='word_1_714' title='bbox 2018 2731 2236 2768; x_wconf 66' lang='lat' dir='ltr'><strong>auctoritate</strong></span> <span class='ocrx_word' id='word_1_715' title='bbox 2264 2729 2445 2769; x_wconf 86' lang='lat' dir='ltr'><strong>codicum</strong></span> 
     </span>
     <span class='ocr_line' id='line_1_100' title="bbox 1463 2780 2443 2833; baseline -0.003 -12"><span class='ocrx_word' id='word_1_716' title='bbox 1463 2782 1542 2832; x_wconf 88' lang='lat' dir='ltr'><strong>plus</strong></span> <span class='ocrx_word' id='word_1_717' title='bbox 1568 2795 1682 2833; x_wconf 86' lang='lat' dir='ltr'><strong>quam</strong></span> <span class='ocrx_word' id='word_1_718' title='bbox 1707 2780 1854 2829; x_wconf 85' lang='lat' dir='ltr'><strong>triginta</strong></span> <span class='ocrx_word' id='word_1_719' title='bbox 1881 2780 1988 2817; x_wconf 89' lang='lat' dir='ltr'><strong>MSS.</strong></span> <span class='ocrx_word' id='word_1_720' title='bbox 2015 2790 2097 2818; x_wconf 88' lang='lat' dir='ltr'><strong>tum</strong></span> <span class='ocrx_word' id='word_1_721' title='bbox 2126 2782 2239 2818; x_wconf 85' lang='lat' dir='ltr'><strong>etiam</strong></span> <span class='ocrx_word' id='word_1_722' title='bbox 2281 2781 2443 2818; x_wconf 78' lang='lat' dir='ltr'><strong>vetustis-</strong></span> 
     </span>
     <span class='ocr_line' id='line_1_101' title="bbox 1466 2830 2446 2883; baseline -0.001 -11"><span class='ocrx_word' id='word_1_723' title='bbox 1466 2834 1563 2872; x_wconf 86' lang='lat' dir='ltr'><strong>fimis</strong></span> <span class='ocrx_word' id='word_1_724' title='bbox 1591 2833 1692 2871; x_wconf 85' lang='lat' dir='ltr'><strong>editt.</strong></span> <span class='ocrx_word' id='word_1_725' title='bbox 1719 2843 1808 2883; x_wconf 84' lang='lat' dir='ltr'><strong>quas</strong></span> <span class='ocrx_word' id='word_1_726' title='bbox 1835 2830 2001 2868; x_wconf 87' lang='lat' dir='ltr'><strong>consului</strong></span> <span class='ocrx_word' id='word_1_727' title='bbox 2027 2832 2164 2869; x_wconf 88' lang='lat' dir='ltr'><strong>Venet.</strong></span> <span class='ocrx_word' id='word_1_728' title='bbox 2203 2832 2308 2878; x_wconf 77' lang='lat'><strong>1478.</strong></span> <span class='ocrx_word' id='word_1_729' title='bbox 2340 2832 2446 2881; x_wconf 78' lang='lat'><strong>1485.</strong></span> 
     </span>
     <span class='ocr_line' id='line_1_102' title="bbox 1466 2883 2446 2933; baseline -0.002 -10"><span class='ocrx_word' id='word_1_730' title='bbox 1466 2886 1504 2923; x_wconf 72' lang='grc' dir='ltr'><strong>δε</strong></span> <span class='ocrx_word' id='word_1_731' title='bbox 1531 2885 1737 2922; x_wconf 87' lang='lat' dir='ltr'><strong>Mediolan.</strong></span> <span class='ocrx_word' id='word_1_732' title='bbox 1768 2883 1876 2932; x_wconf 80' lang='lat'><strong>1508.</strong></span> <span class='ocrx_word' id='word_1_733' title='bbox 1910 2890 1994 2920; x_wconf 85' lang='lat' dir='ltr'><strong>tum</strong></span> <span class='ocrx_word' id='word_1_734' title='bbox 2030 2883 2143 2923; x_wconf 84' lang='lat' dir='ltr'><strong>etiam</strong></span> <span class='ocrx_word' id='word_1_735' title='bbox 2172 2883 2350 2925; x_wconf 77' lang='lat' dir='ltr'><strong>omnium</strong></span> <span class='ocrx_word' id='word_1_736' title='bbox 2371 2884 2446 2933; x_wconf 70' lang='lat' dir='ltr'><strong>pri-</strong></span> 
     </span>
    </p>

    <p class='ocr_par' dir='ltr' id='par_1_10' title="bbox 1465 2936 2166 2985">
     <span class='ocr_line' id='line_1_103' title="bbox 1465 2936 2166 2985; baseline -0.01 -11"><span class='ocrx_word' id='word_1_737' title='bbox 1465 2948 1527 2974; x_wconf 83' lang='lat' dir='ltr'><strong>ma</strong></span> <span class='ocrx_word' id='word_1_738' title='bbox 1553 2936 1789 2985; x_wconf 80' lang='lat' dir='ltr'><strong>Moguntina.</strong></span> <span class='ocrx_word' id='word_1_739' title='bbox 2164 2970 2166 2972; x_wconf 67' lang='grc'><strong>,</strong></span> 
     </span>
    </p>

    <p class='ocr_par' dir='ltr' id='par_1_11' title="bbox 1465 2982 2456 3137">
     <span class='ocr_line' id='line_1_104' title="bbox 1520 2982 2446 3037; baseline -0.003 -12"><span class='ocrx_word' id='word_1_740' title='bbox 1520 3000 1575 3037; x_wconf 86' lang='lat'><strong>13.</strong></span> <span class='ocrx_word' id='word_1_741' title='bbox 1601 2988 1776 3034; x_wconf 72' lang='lat' dir='ltr'><strong>Praesenti</strong></span> <span class='ocrx_word' id='word_1_742' title='bbox 1790 2982 1886 3033; x_wconf 83' lang='lat' dir='ltr'><strong>fide]</strong></span> <span class='ocrx_word' id='word_1_743' title='bbox 1930 2982 1988 3020; x_wconf 86' lang='lat' dir='ltr'><strong>Sic</strong></span> <span class='ocrx_word' id='word_1_744' title='bbox 2014 2982 2074 3021; x_wconf 90' lang='lat' dir='ltr'><strong>lib.</strong></span> <span class='ocrx_word' id='word_1_745' title='bbox 2098 2996 2152 3022; x_wconf 75' lang='lat' dir='ltr'><strong>IX.</strong></span> <span class='ocrx_word' id='word_1_746' title='bbox 2180 2997 2258 3034; x_wconf 85' lang='lat' dir='ltr'><strong>cap.</strong></span> <span class='ocrx_word' id='word_1_747' title='bbox 2290 2998 2346 3024; x_wconf 79' lang='lat'><strong>11.</strong></span> <span class='ocrx_word' id='word_1_748' title='bbox 2374 2984 2446 3024; x_wconf 86' lang='lat' dir='ltr'><strong>Ti-</strong></span> 
     </span>
     <span class='ocr_line' id='line_1_105' title="bbox 1465 3036 2445 3089; baseline -0.006 -12"><span class='ocrx_word' id='word_1_749' title='bbox 1465 3038 1609 3080; x_wconf 85' lang='lat' dir='ltr'><strong>berium</strong></span> <span class='ocrx_word' id='word_1_750' title='bbox 1628 3037 1940 3081; x_wconf 53' lang='lat' dir='ltr'><strong>adulanszatrae,</strong></span> <span class='ocrx_word' id='word_1_751' title='bbox 1957 3036 2178 3086; x_wconf 57' lang='lat' dir='ltr'><strong>pulvinum,</strong></span> <span class='ocrx_word' id='word_1_752' title='bbox 2203 3039 2328 3089; x_wconf 72' lang='lat' dir='ltr'><strong>templa</strong></span> <span class='ocrx_word' id='word_1_753' title='bbox 2344 3047 2445 3088; x_wconf 73' lang='lat' dir='ltr'><strong>prae-</strong></span> 
     </span>
     <span class='ocr_line' id='line_1_106' title="bbox 2355 3086 2456 3137; baseline -0.01 -13"><span class='ocrx_word' id='word_1_754' title='bbox 2355 3086 2456 3137; x_wconf 64' lang='lat' dir='ltr'><strong>senti</strong></span> 
     </span>
    </p>
   </div>
  </div>
 </body>
</html>
