2387 3421
318 79 1067 163 DEDICATIONES
1120 77 1237 133 ET
1293 72 2011 130 PRAEFATIONES»

484 212 600 263 haud
633 206 768 254 dubia
798 202 852 249 sit
888 198 1098 265 (quando
1134 198 1261 244 Deus
1292 206 1390 257 opt.
1424 209 1544 239 max.
1579 208 1675 239 eam
1709 202 1910 238 mentem
1946 191 2032 239 tibi
2066 191 2278 254 dederit,

68 309 122 340 ut
157 291 292 355 ipsius
323 285 464 350 gloria
497 274 609 324 nihil
646 274 769 336 prius
802 269 967 326 ducas,
999 278 1189 327 eamque
1221 259 1451 307 fortunam
1486 258 1672 321 largitus
1706 256 1785 315 fit,
1821 269 1873 302 ut
1895 258 2110 321 utrinque
2134 258 2269 322 stirpe

68 358 189 403 reni-,1
220 357 264 399 in
296 368 345 396 ca
385 348 553 400 dornO,
589 340 636 384 in
672 352 760 399 qua
794 332 965 395 semper
994 344 1125 376 verus
1161 328 1308 373 honos
1341 339 1394 369 ac
1428 322 1637 386 splendor
1666 321 1847 368 virtutis
1881 321 2074 381 enituit,
2122 321 2269 369 nasce-

72 395 203 472 reiffs)
241 430 284 461 te
314 410 426 459 nihil
459 419 583 453 tanta
615 401 853 448 nobilitate
887 394 1159 457 indignum,
1191 389 1305 436 nihil
1338 386 1580 434 obscurum
1615 398 1693 432 aut
1726 385 1899 432 humile
1932 388 2269 451 cogitaturum:

71 483 141 528 sed
175 493 327 526 omnes
360 488 484 520 curas
518 470 764 516 relaturum
789 498 804 523 ,
851 477 942 524 quo
974 473 1022 505 te
1056 472 1135 504 tua
1164 469 1258 502 tam
1291 451 1512 516 praeclara
1541 451 1738 510 indoles,
1774 464 1866 496 tam
1896 464 2107 498 accurata
2133 452 2180 498 in
2219 469 2270 498 o-

72 546 164 592 mni
193 545 418 588 virtutum
456 549 620 601 genere
648 528 888 584 educatio,
923 523 1133 587 impellit.
1169 520 1283 582 Qio
1319 517 1512 579 denique
1546 529 1592 561 te
1624 529 1793 561 vocant
1827 518 2051 580 majorum
2087 529 2274 562 tuorum

70 606 300 669 exempla,
337 604 383 649 &
406 616 479 649 tot
516 597 701 646 illustres
734 595 926 639 heroum
961 588 1178 650 imagines
1202 619 1218 644 ,
1262 598 1459 647 quorum
1490 580 1677 626 nomina
1706 580 1828 625 nulla
1860 581 2122 628 obliterabit
2157 581 2274 628 obli-

69 675 173 730 vio,
223 668 488 716 memoriam
520 663 639 710 nulla
669 656 1045 717 dies-extinguet.
1114 652 1238 697 Inter
1283 665 1396 712 quos
1442 644 1509 706 (fi
1543 645 1717 690 annales
1751 645 2005 703 evolveris)
2051 648 2277 706 invenies,

73 738 154 800 qui
184 751 329 797 remp.
367 730 669 778 Christianam
705 721 863 769 sudore
896 719 943 764 &
968 716 1181 779 sanguine
1213 713 1291 759 suo
1324 728 1418 757 non
1441 709 1585 756 solum
1611 708 1931 767 defenderunt,
1964 726 2122 756 verum
2142 712 2279 758 etiam

71 805 167 864 ejus
198 801 363 846 limites
399 810 558 857 magna
586 792 797 851 Europae
827 798 962 848 atque
987 783 1117 828 Asiae
1152 792 1280 843 parte
1312 774 1509 838 subje&a
1539 773 1733 820 mirifice
1763 788 2102 837 propagarunt,
2137 775 2280 823 subla-

73 861 210 929 taque
246 859 664 910 immaniflimorum
701 854 964 898 Turcarum
996 843 1233 909 tyrannide
1259 876 1273 900 ,
1315 840 1451 903 ipsam
1489 838 1661 885 Christi
1695 841 1742 884 in
1786 840 1912 884 terris
1955 840 2143 900 patriam
2190 843 2284 903 pri-

74 944 286 992 mamque
322 925 574 972 &ustorum
609 931 827 979 veraeque
861 912 1092 976 religionis
1126 908 1271 954 sedem
1305 903 1670 967 Hierosolymam
1707 902 1732 949 a
1768 903 2065 950 crudelissima
2098 903 2287 953 servitu-

73 1011 120 1042 te
155 996 394 1041 liberarunt
441 987 638 1049 Explica
672 994 795 1028 totos
820 981 1141 1025 Romanorum
1176 972 1333 1028 fastos,
1369 979 1544 1015 recente
1578 984 1732 1013 currus
1768 969 2061 1032 triumphales
2096 986 2282 1028 omnes,

77 1061 190 1108 nihil
224 1060 306 1103 hac
342 1056 466 1101 lauro
502 1050 731 1098 sublimius
753 1080 768 1105 ,
816 1043 932 1090 nihil
966 1042 1051 1087 hac
1085 1039 1231 1103 gloria
1272 1034 1512 1099 speciosius
1547 1034 1776 1095 reperies·
1819 1032 2110 1097 Qacunque
2141 1036 2285 1099 igitur

82 1125 238 1171 oculos
273 1119 512 1175 direxeris,
551 1116 639 1161 sive
673 1125 902 1175 paternam
938 1106 1140 1167 respicias
1163 1102 1407 1164 originem,
1442 1098 1531 1144 five
1553 1099 1605 1144 ad
1630 1110 1828 1144 materna
1849 1101 2124 1145 convertaris
2150 1103 2284 1146 stem-

80 1203 222 1243 mata,
269 1195 513 1232 occurrent
548 1181 718 1241 ubique
749 1176 976 1220 virtutum
1006 1169 1214 1215 omnium
1247 1164 1454 1225 exempla
1485 1163 1759 1208 immortalia
1780 1197 1793 1221 ,
1840 1161 1867 1208 ὀ
1900 1164 2062 1227 quibus
2096 1165 2142 1210 in
2174 1182 2286 1227 pace

78 1254 329 1317 justitiam,
365 1249 409 1293 in
445 1245 565 1293 bello
602 1240 948 1294 fortitudinem,
983 1237 1028 1281 in
1064 1233 1189 1280 omni
1217 1230 1399 1276 fortuna
1422 1227 1783 1274 moderationem
1808 1228 1894 1274 tibi
1919 1228 2050 1274 facile
2073 1230 2158 1275 erit
2181 1231 2285 1275 imi-

83 1319 165 1364 tari
188 1340 213 1374 3⁷
251 1330 372 1362 nunc
410 1313 470 1357 ita
505 1308 682 1355 cursum
723 1305 955 1350 instituere
978 1334 993 1357 ‚
1046 1312 1099 1345 ut
1140 1295 1355 1342 direStam
1400 1293 1614 1356 ingressus
1650 1293 1768 1338 viam
1802 1293 1855 1338 ad
1890 1292 2115 1340 summum
2153 1293 2289 1342 decus

82 1382 342 1447 pervenias,
379 1381 693 1436 maiorumque
718 1384 905 1416 tuorum
928 1376 1192 1413 ornamenta
1212 1361 1300 1407 tuis
1322 1373 1567 1421 exaeques,
1603 1356 1676 1402 vel
1697 1358 1833 1403 etiam
1858 1358 2107 1422 exsuperes.
2142 1358 2290 1418 Qiod

84 1446 269 1510 quidem
304 1444 410 1499 fiet,
445 1435 477 1486 si
505 1439 590 1485 tibi
619 1434 869 1501 persuasum
905 1433 1015 1490 erit,
1048 1428 1223 1493 generis
1259 1425 1535 1480 claritatem,
1572 1437 1706 1484 opes,
1742 1423 1963 1485 populive
1992 1423 2190 1470 studium
2211 1424 2288 1471 da-

85 1527 133 1558 re
162 1510 346 1573 quidem
385 1505 651 1568 imperium,
687 1499 758 1547 sed
791 1499 993 1545 animum
1028 1493 1221 1556 imperio
1256 1490 1448 1553 dignum
1484 1487 1588 1533 dare
1623 1503 1717 1532 non
1750 1487 1885 1549 poffe.
1954 1488 2147 1535 Dabunt
2171 1489 2293 1536 haud

90 1576 232 1622 dubio
264 1574 410 1620 bonae
447 1568 732 1631 disciplinae,
779 1578 913 1626 atque
950 1562 1000 1607 iis
1033 1558 1202 1604 artibus
1237 1555 1445 1600 munient
1466 1587 1481 1610 ,
1535 1565 1586 1598 ut
1619 1567 1713 1598 non
1748 1551 1940 1597 ambitio
1973 1553 2042 1598 vel
2077 1556 2292 1614 avaritia,

88 1656 200 1702 quae
235 1637 359 1701 saepe
390 1636 502 1699 pust-a
532 1632 753 1696 praeclare
782 1627 1074 1673 fundamenta
1098 1621 1280 1669 virtutis
1314 1619 1532 1666 subruunt
1555 1651 1570 1676 ,
1616 1633 1709 1662 non
1751 1617 1916 1662 honori
1945 1617 2128 1665 inimica
2157 1620 2291 1667 volu-

89 1720 187 1768 ptas
220 1704 245 1749 a
280 1695 403 1749 reete)
438 1699 617 1746 tramite
651 1695 858 1742 deducat.
927 1691 1014 1737 His
1054 1701 1205 1734 autem
1241 1698 1293 1730 ut
1336 1682 1555 1730 natalium
1587 1694 1660 1727 tot
1699 1681 1864 1727 decora
1902 1682 2088 1728 illustres
2113 1718 2128 1742 ,
2179 1685 2291 1731 boni

91 1784 248 1815 omnes
275 1765 539 1828 expcftant,
575 1763 651 1825 qui
680 1757 888 1820 rempub.
923 1753 1253 1808 Christianam,
1290 1751 1419 1813 cujus
1451 1749 1569 1793 inter
1598 1747 1705 1792 alios
1728 1746 2047 1810 gubernaculis
2069 1764 2112 1793 es
2136 1764 2292 1810 natuS,

93 1834 274 1881 felicem
310 1832 354 1877 &
378 1830 652 1876 incolumem
682 1826 901 1886 cupiunt:
936 1818 1130 1880 nosque,
1166 1816 1274 1862 licet
1310 1816 1428 1860 inter
1448 1826 1676 1858 extremos
1701 1810 1836 1874 positi
1867 1828 2056 1869 eorum,
2082 1815 2159 1876 qui
2190 1828 2293 1862 tuae

96 1898 310 1961 dignitati
341 1896 516 1951 favent,
549 1892 602 1938 ad
635 1891 750 1936 hanc
783 1886 977 1951 palmam
1008 1881 1207 1929 currenti
1244 1878 1455 1943 frigidam
1494 1875 1826 1934 suffundemus,
1861 1876 2108 1940 plausuque
2140 1878 2295 1943 paffim

98 1962 454 2009 adhortabimur.
522 1959 684 2018 quue
718 1952 903 1998 nomine
938 1948 1174 1996 Valerium
1211 1944 1328 2002 tibi,
1370 1956 1423 1989 ut
1457 1941 1591 1988 audio
1614 1975 1627 1999 ,
1663 1941 1791 1987 valde
1822 1942 2087 1988 familiarem
2125 1947 2300 2006 mitto,

100 2027 341 2074 nobilitate
376 2024 545 2069 clarum
577 2019 806 2067 amstorem
835 2012 1109 2062 nobiliffimo
1143 2010 1370 2075 principi,
1417 2007 1489 2053 vel
1514 2005 1817 2053 laudatissimis
1850 2007 1938 2052 tuis
1970 2007 2163 2068 inceptis
2193 2025 2296 2072 gra-

101 2093 304 2149 tuletur,
338 2087 579 2148 multisque
612 2082 830 2145 exemplis
862 2077 1166 2135 demonstret,
1201 2090 1333 2138 quam
1365 2071 1554 2119 infinitis
1582 2085 1684 2117 ante
1710 2070 1890 2117 saeculis
1915 2074 2097 2133 perenni
2127 2073 2173 2117 in
2198 2073 2301 2136 glo-

98 2159 166 2204 ria
201 2169 336 2218 atque
364 2152 670 2198 aestimatione
698 2146 835 2192 solida
864 2145 1004 2191 virtus
1034 2141 1196 2198 fuerit,
1232 2139 1395 2204 quibus
1428 2137 1636 2200 praemiis
1666 2135 1840 2199 semper
1864 2136 2102 2182 comitata:
2142 2154 2300 2200 quam-

106 2237 195 2284 que
223 2220 392 2281 ubique
422 2215 584 2277 rejcfta
614 2212 905 2276 improbitas,
943 2208 990 2254 &
1010 2222 1123 2269 quae
1155 2204 1401 2261 dedecora,
1437 2216 1661 2264 quamque
1691 2216 1846 2264 graves
1877 2217 2048 2264 poenae
2073 2202 2300 2265 Superum

109 2286 280 2346 iudicio
317 2276 632 2346 persequantur
667 2277 852 2332 noxios,
888 2289 978 2318 non
1008 2271 1150 2316 solum
1174 2268 1301 2332 *apud
1321 2269 1588 2323 Romanos,
1623 2265 1694 2311 sed
1729 2267 1864 2311 etiam
1896 2266 2015 2328 apud
2049 2266 2178 2314 rudes
2201 2268 2301 2316 bar.

101 2343 317 2413 *barasque
351 2348 579 2400 nationeS,
615 2340 785 2389 etiamsi
818 2353 947 2386 verae
980 2335 1210 2398 religionis
1240 2333 1393 2378 lumen
1424 2332 1492 2376 his
1527 2346 1757 2391 nunquam
1791 2330 2090 2393 praeluxifl‘et.
2158 2334 2304 2382 Hunc

112 2416 278 2477 igitur,
316 2409 598 2458 illustriffime
631 2408 867 2467 Princeps,
902 2401 987 2447 tibi
1019 2401 1067 2445 in
1096 2399 1253 2445 Italica
1282 2395 1646 2460 peregrinatione
1678 2396 1899 2439 comitem
1936 2395 2019 2442 effe
2049 2397 2216 2458 cupio,
2253 2399 2303 2447 &

113 2480 284 2524 nostrae
318 2478 365 2522 in
400 2488 445 2522 te
477 2472 776 2520 observantiae
807 2466 948 2513 veluti
982 2465 1180 2527 primum
1213 2463 1377 2524 pignus
1413 2460 1596 2518 habeas,
1628 2458 1817 2521 supplex
1839 2474 1936 2504 oro.
2005 2457 2161 2517 Qem
2190 2461 2223 2510 fi
2245 2463 2305 2510 se-

113 2559 218 2590 rena
251 2541 398 2587 fronte
431 2538 687 2602 exceperis,
724 2534 770 2579 &
791 2532 875 2579 tibi
904 2543 1083 2593 gratum
1109 2526 1191 2573 effe
1214 2525 1504 2583 intellexero,
1541 2524 1693 2569 omnia
1720 2521 1890 2568 summa
1912 2540 1985 2569 me
2009 2524 2308 2576 consecutum

115 2607 313 2671 putabo:
358 2603 610 2665 efficiesque
642 2617 697 2647 ne
725 2615 811 2662 qua
842 2597 889 2642 in
923 2592 1192 2640 difficultate
1220 2590 1432 2652 deinceps
1462 2588 1611 2634 nostra
1641 2586 1813 2633 fatiscat
1843 2587 2085 2649 industria,
2121 2590 2154 2637 fi
2181 2592 2307 2640 labo-

119 2673 269 2729 ribus,
302 2686 412 2733 quos
442 2671 537 2715 sane
567 2683 657 2713 non
687 2678 854 2730 paucos
886 2661 1115 2707 literarum
1147 2654 1540 2720 provehendarum
1572 2651 1698 2698 causa
1728 2651 1990 2700 sustinemus
2010 2688 2024 2713 ,
2067 2670 2172 2702 aura
2202 2670 2306 2706 tuae

118 2735 453 2783 benevolentiae
484 2733 669 2795 aspirare
700 2727 915 2792 coeperit.
984 2725 1139 2770 Deum
1173 2723 1290 2784 Opt.
1327 2720 1458 2765 Max.
1493 2718 1674 2764 interim
1707 2733 1892 2780 precor,
1938 2731 1991 2765 ut
2024 2719 2140 2765 inter
2171 2720 2308 2786 hujus

120 2803 237 2846 vitae
267 2799 475 2863 ambages
505 2812 638 2859 atque
672 2793 872 2859 pericula
899 2789 1066 2852 dirigat
1097 2786 1263 2852 gressus
1291 2798 1392 2832 tuos
1415 2817 1431 2841 ,
1478 2795 1613 2845 teque
1647 2781 1829 2831 felicem
1857 2796 1992 2847 atque
2023 2782 2307 2838 incolumem

119 2868 202 2916 diu
232 2863 383 2912 servet.
448 2862 686 2910 Bruxellae
714 2859 832 2908 Idib.
868 2854 1061 2919 August.
1107 2854 1246 2900 Anno
1281 2851 1356 2899 M.
1392 2849 1455 2898 D.
1485 2847 1674 2899 LXVI.

66 228 209 293 signes
221 260 234 285 ,
270 239 324 272 ut
357 223 447 286 spes

2147 3043 2310 3106 ism,
