2516 3509
613 113 749 170 DE
862 113 1614 171 MIRACULIS.

2005 133 2111 188 107

117 242 212 274 non
235 219 510 288 impetrasse,
545 235 682 285 quam
698 223 793 286 jam
815 232 1030 285 percepta
1053 237 1212 268 eorum
1231 220 1471 269 dulcedine
1492 220 1691 268 caruiffe.

183 302 227 345 87
264 300 568 352 Miserabilior
590 314 743 350 tamen
763 301 984 367 sequentis
1007 302 1127 350 casus
1151 304 1360 351 narratio.
1405 300 1697 349 Nausimenis
1714 302 1836 349 enim
1860 301 2111 351 Athenien-

117 386 170 434 sis
192 400 337 444 uxor,
372 399 480 430 cum
503 381 587 429 filii
607 398 658 429 ac
677 381 795 429 filiae
813 378 911 427 suae
930 380 1084 445 stupro
1115 379 1444 439 intervenisset,
1482 378 1521 407 88
1542 378 1766 442 inopinati
1797 382 1985 429 monstri
2011 398 2113 446 per-

118 464 237 514 culsa
253 462 524 527 conspeetu3
563 462 604 497 89
623 461 671 508 ἃ
693 462 740 507 in
761 458 959 524 praesens
978 473 1159 524 tempus
1177 460 1233 507 ad
1250 457 1609 523 indignandum,
1645 456 1693 504 &
1719 458 1768 503 in
1792 460 2024 520 posterum
2057 463 2114 511 ad

114 543 395 609 loquendum
418 542 667 590 obmutuit.

736 540 809 587 Illi
829 538 1049 587 nefarium
1071 536 1374 586 concubitum
1407 535 1662 583 voluntaria
1692 547 1842 581 morte
1863 537 2115 598 pensat-unt.

117 627 229 673 Hoc
257 625 398 673 modo
428 623 612 671 fortuna
639 621 828 671 saeviens
861 622 969 669 huic
1002 635 1190 678 vocem,
1226 618 1278 666 iis
1297 617 1439 666 vitam
1458 614 1653 676 ademit,
1688 622 1734 653 90
1754 612 1819 661 illi
1854 620 1890 649 9¹
1917 619 2117 679 propitia,

121 704 273 753 donat.

181 790 220 818 9²
249 781 416 847 Aegles
437 782 610 829 Samius
633 779 802 826 athleta
821 790 1001 837 mutus,
1036 794 1144 825 cum
1163 778 1204 823 ei
1223 776 1440 825 vi&oriae
1460 790 1595 839 quam
1614 772 1801 838 adeptus
1822 781 1939 830 erat,
1959 770 2119 818 titulus
2138 827 2166 858 G
2189 790 2245 857 114.

2099 848 2102 849 ν
2171 836 2185 857 C
2215 852 2223 859 .
2235 837 2263 861 V,
2277 838 2307 862 9.

120 861 168 908 ⁴&
188 862 440 925 praemium
460 860 732 920 eriperetur,
767 856 1081 918 indignatione
1098 855 1303 901 accensus
1319 889 1334 913 ,
1370 855 1538 901 vocalis
1555 853 1706 900 evasit.

184 940 387 1004 Gorgiae
406 951 587 1000 quoque
610 936 853 997 Epirotae,
890 938 929 966 9³
951 930 1082 978 fortis
1105 931 1153 977 δί
1174 931 1282 977 clari
1298 932 1384 978 viri
1409 933 1567 996 origo:
1605 932 1748 994 quiin
1769 929 1925 976 funere
1959 934 2002 967 94
2024 945 2118 975 ma-

119 1150 204 1198 Ego
223 1155 348 1185 tamen
364 1145 511 1194 perculsa
532 1149 677 1179 mutare
694 1152 772 1179 non
799 1139 914 1179 ausim
927 1168 936 1185 ,
964 1147 1096 1189 utpote

120 1198 225 1249 quod
243 1209 287 1234 ex
305 1196 481 1233 sententia
492 1192 801 1231 Doetiffimorum
812 1192 979 1229 virorum
1001 1192 1098 1240 opti·

121 1262 184 1288 me
218 1249 325 1298 hujus
360 1246 522 1284 mulieris
558 1243 845 1282 consternationi
872 1244 1074 1280 conveniat
1085 1258 1096 1286 ;

120 1312 206 1338 cum
233 1298 376 1348 percussa
397 1297 579 1334 diceretur
603 1295 642 1332 in
672 1294 815 1336 leviore
843 1293 990 1331 affeetu.
1042 1294 1096 1331 Ut

118 1352 327 1389 docuerunt
344 1348 525 1386 Graevius
546 1346 593 1383 ad
613 1346 692 1383 Cic.
710 1357 778 1394 pro
800 1346 984 1394 Dejotaro
1005 1345 1048 1382 C.
1060 1344 1095 1383 6.

121 1404 160 1440 ὃς
179 1401 335 1450 Bentlej.
352 1400 399 1438 ad
418 1400 553 1437 Horat.
572 1397 694 1446 Epod.
713 1409 773 1434 xx.
795 1412 828 1433 2.
845 1395 946 1433 Vide
966 1403 1094 1433 tamen

121 1454 159 1490 δε
180 1452 236 1489 Cl.
255 1451 429 1489 Burman.
450 1449 497 1487 ad
512 1449 663 1486 Petron.
685 1448 729 1485 C.
753 1460 833 1485 111.
862 1447 1015 1494 Semper
1038 1447 1094 1483 fe-

120 1514 159 1539 re
189 1501 365 1540 flue'tuant
385 1501 493 1539 MSS.
519 1500 614 1538 inter
631 1500 724 1536 haec
742 1497 831 1536 duo.
883 1496 982 1535 Vide
1000 1498 1096 1536 infra

122 1554 169 1590 L.
197 1566 235 1590 v.
261 1553 295 1590 8.
351 1582 359 1590 .

170 1604 230 1653 89.
260 1606 302 1640 Et
321 1564 358 1640 1321
374 1603 526 1651 praesens
544 1609 668 1647 tempus
683 1598 729 1636 ad
745 1597 988 1649 indignandum
998 1598 1094 1648 effa]

120 1653 350 1693 Gloffemata
370 1654 493 1702 inepta
521 1651 694 1689 videntur
715 1649 762 1687 ad
791 1649 1033 1701 indignandum
1057 1652 1096 1688 ὃς

117 1705 164 1742 ad
181 1703 378 1756 loquendum
391 1730 401 1747 ,
422 1701 748 1754 quemadmodum
768 1701 880 1739 etiam
899 1700 1018 1738 statim
1040 1701 1097 1738 in-

117 1758 196 1801 fra,
223 1758 287 1792 illa
302 1756 448 1805 propitia
475 1753 594 1791 donat.
625 1752 824 1790 GUYET.
876 1751 938 1788 De
958 1751 1097 1800 postre-

118 1820 184 1845 mo
207 1807 325 1844 statim
347 1805 577 1848 videbimus,
600 1804 722 1852 priora
743 1811 783 1841 ut
801 1803 839 1840 in
858 1802 967 1840 MSS.
1000 1803 1094 1840 clare

117 1858 254 1896 exstant
275 1886 285 1903 ‚
321 1857 370 1895 ita
397 1866 551 1907 quoque
576 1855 655 1893 stilo
683 1854 824 1892 Valerii
850 1864 1014 1902 congrua
1040 1854 1095 1892 vi-

115 1909 259 1947 dentur.

165 1972 227 2009 90.
255 1961 315 1996 Illi
331 1958 479 2010 propitia
496 1955 618 2007 donat]
632 1956 673 1995 Id
693 1955 834 2001 est‚alii
851 1955 998 1994 cuidam
1017 1957 1095 1995 for-

115 2018 206 2048 tuna
221 2011 379 2060 propitia
399 2020 537 2047 vocem
559 2009 597 2046 &
616 2009 730 2047 vitam
762 2007 901 2051 donat,
928 2018 1014 2045 cum
1043 2007 1095 2045 al-

115 2062 202 2098 teris
222 2060 286 2098 illis
304 2061 439 2110 partim
458 2070 597 2097 vocem
611 2089 621 2104 ‚
649 2059 781 2108 partim
803 2059 919 2096 vitam
940 2058 1096 2096 ademe-

117 2112 174 2148 rit.
201 2112 397 2150 VORST.
448 2112 541 2148 Non
559 2112 624 2147 alii
643 2110 773 2147 cuidam
799 2109 860 2147 sed
879 2111 1000 2160 <21⁶³in
1025 2114 1090 2146 Sae-

115 2164 195 2198 mio.
246 2161 324 2199 Nisi
345 2162 447 2200 malis
472 2162 596 2210 legere
621 2163 717 2205 illis,
741 2168 781 2198 ut
799 2160 845 2197 de
863 2171 960 2198 voce
981 2161 1019 2198 &
1037 2161 1093 2198 vi-

116 2222 153 2250 ta
175 2212 319 2249 donatis
344 2214 477 2261 pariter
504 2211 735 2260 intelligatur.
789 2211 832 2248 In
862 2211 967 2260 quod
985 2219 1091 2248 tanto

117 2264 234 2312 magis
262 2262 410 2300 inclinat
435 2263 578 2299 animus
599 2289 610 2305 ‚
646 2263 731 2310 quia
758 2260 906 2298 videtur
931 2273 1092 2298 acumen

115 2313 309 2363 quoddam
337 2313 374 2349 in
413 2324 460 2349 eo
487 2310 701 2361 quaesivisse
728 2311 898 2347 Valerius
918 2337 928 2352 ,
964 2310 1094 2358 quod,

114 2374 157 2403 ut
173 2376 286 2402 unam
306 2361 519 2413 proposuit,
547 2361 606 2397 cui
626 2361 776 2397 fortuna
792 2370 930 2396 vocem
944 2386 954 2402 ,
977 2359 1068 2396 duos
1082 2387 1093 2403 ‚

114 2416 246 2466 quibus
264 2414 407 2452 ademit-
423 2413 538 2450 vitam
551 2439 561 2456 ,
587 2412 638 2448 ita
656 2422 773 2447 unum
792 2421 945 2460 quoque
957 2438 967 2454 ‚
979 2421 1093 2459 quem

115 2466 316 2504 reddiderit
342 2463 536 2507 vocalem,
563 2462 682 2511 plures
708 2473 802 2510 quos
830 2461 907 2498 vita
933 2460 1089 2498 donarit.

114 2519 168 2555 Hi
188 2525 314 2555 autem
341 2515 432 2553 solet
450 2514 470 2552 a
490 2513 615 2552 nostro
644 2512 772 2550 referri
799 2511 846 2549 ad
865 2511 1092 2560 praeceden-

110 2576 166 2606 tes
180 2596 190 2612 ,
218 2569 272 2604 illi
291 2567 337 2604 ad
356 2578 420 2604 eos
440 2565 486 2603 de
515 2564 645 2615 quibus
670 2564 841 2611 proxime
868 2561 1012 2600 aeturus
1029 2562 1088 2601 est.

111 2621 171 2657 Sic
192 2619 236 2656 L.
251 2631 336 2654 vm.
361 2631 391 2656 1.
414 2629 469 2655 12.
496 2617 534 2654 in
554 2615 625 2653 abs.
650 2617 733 2651 Tam
753 2614 956 2650 vehementes
976 2614 1011 2650 hi
1032 2618 1086 2658 iu-

108 2670 194 2707 dices
212 2668 371 2717 adversus
401 2659 695 2714 excellehttffimum
718 2667 935 2713 accushssorem
949 2690 958 2704 ‚
985 2678 1085 2714 quam

107 2723 165 2758 ilii
193 2722 289 2757 mites
315 2721 353 2756 in
379 2721 474 2768 longe
500 2717 669 2764 inferioris
684 2718 842 2762 fortunae
867 2730 931 2753 reo.
955 2716 994 2753 δί
1024 2728 1081 2766 13.

111 2770 313 2822 Remtffi'oris
329 2771 406 2813 hoc,
433 2768 520 2806 illud
537 2770 714 2817 aliquanto
727 2768 899 2817 gravioris
926 2769 1086 2804 materiae

111 2824 309 2871 exemplum.
339 2822 396 2858 Sic
410 2821 533 2858 L.v11.
550 2831 625 2858 1.z.
648 2819 865 2866 L.vn.2.5.
886 2818 1085 2864 L.vx.7.2.

115 2875 155 2911 &
172 2874 223 2910 ita
236 2873 314 2921 jam
333 2872 435 2921 supra
455 2870 628 2920 exemplo
646 2869 701 2906 ff).
715 2880 815 2918 quae
826 2868 911 2906 loca
927 2869 966 2906 in
989 2881 1086 2906 mar-

115 2925 201 2972 gine
220 2923 300 2960 libri
318 2922 367 2960 sui
385 2930 579 2961 annotarat
604 2920 661 2958 Cl.
679 2919 914 2963 Perizonius,
940 2928 981 2957 ut
1006 2920 1086 2958 satis

112 2975 277 3024 liqueat,
297 2972 400 3011 adim
418 2975 530 3011 etiarn
542 2972 659 3022 ipsum
679 2971 725 3009 ad
743 2970 914 3019 proxime
932 2970 1086 3021 sequen-

113 3033 169 3065 tes
195 3023 363 3064 retulisse.
413 3024 513 3064 Vide
539 3024 699 3065 omnino
726 3021 809 3061 Lib.
837 3034 873 3061 v.
905 3034 935 3063 1.
959 3035 990 3061 1.
1014 3034 1084 3072 pro

2045 1009 2124 1055 tris

1147 1141 1203 1176 illi
1225 1141 1337 1179 etiam
1358 1140 1405 1179 ali
1434 1147 1502 1179 uot
1522 1139 1631 1178 codd.
1651 1138 1788 1177 habent
1807 1139 1879 1175 illo.
1938 1136 2053 1186 Quafi
2070 1149 2130 1175 re·

1147 1192 1345 1230 ferendum
1378 1204 1396 1229 e
1429 1200 1464 1229 et
1492 1191 1538 1229 ad
1564 1190 1786 1240 praecedens
1813 1188 1916 1226 modo.
1977 1187 2131 1226 Habent

1150 1243 1262 1280 etiam
1280 1246 1336 1279 illi
1357 1257 1444 1280 vero.
1468 1254 1563 1280 unus
1580 1243 1681 1279 alteri
1692 1244 1889 1290 sermonem·
1940 1240 2048 1276 Unus
2057 1239 2128 1277 Ul-

1148 1295 1228 1343 traj.
1253 1293 1389 1332 adimit.

1199 1357 1259 1394 91.
1273 1345 1428 1395 Propitia
1447 1341 1566 1392 donat]
1578 1341 1834 1380 DelentMSS.
1854 1338 1943 1379 duo.
1966 1338 2037 1376 Sed
2048 1338 2127 1377 satis

1145 1393 1283 1444 liquet,
1296 1407 1409 1445 quam
1430 1394 1539 1432 male.
1560 1393 1607 1431 fic
1620 1395 1795 1438 fortunam
1809 1392 1991 1441 propitiam
2009 1397 2121 1428 vocat

1147 1447 1259 1483 etiam
1280 1448 1326 1485 L.
1347 1459 1417 1485 vn.
1438 1458 1468 1483 1.
1496 1445 1574 1483 init.
1596 1446 1635 1482 &
1663 1444 1709 1481 L.
1729 1455 1814 1481 vm.
1840 1455 1871 1480 1.
1894 1453 1927 1489 3.
1954 1452 2048 1490 quae
2067 1440 2124 1478 lo-

1145 1508 1188 1534 ca
1208 1497 1264 1535 Cl.
1285 1497 1499 1535 Perizonius
1518 1495 1649 1534 itidem
1668 1501 1827 1531 notarat.
1864 1493 2016 1530 Tamen
2035 1491 2124 1528 Bar-

1143 1548 1240 1586 thius
1260 1560 1413 1600 quoque
1434 1547 1602 1585 censebat
1616 1546 1710 1584 haec
1731 1542 1802 1582 effe
1824 1542 2013 1594 eujusdam
2026 1542 2121 1592 glos-

1142 1599 1426 1699 satgiffoestegles
1452 1645 1606 1696 Samius]
1636 1645 1744 1684 MSS.
1773 1643 1950 1683 undecim
1975 1640 2128 1681 Echecles.

1144 1702 1254 1739 Unus
1283 1702 1439 1749 chbiles.
1471 1700 1562 1737 item
1590 1695 1755 1734 Chelides.
1779 1694 1915 1733 Cbedes.
1940 1693 2127 1743 Hefiheles.

1145 1752 1252 1790 Ehles.
1281 1749 1497 1800 Quomodo
1517 1751 1555 1787 δε
1573 1748 1642 1786 Ed.
1662 1748 1769 1796 Mog.
1792 1746 1931 1784 Gellius
1952 1757 2042 1783 vero
2062 1757 2126 1782 an-

1147 1812 1184 1840 te
1205 1810 1418 1846 certamen,
1445 1812 1563 1850 quum
1584 1799 1818 1837 sortitionem
1840 1796 1936 1834 mala
1955 1795 2029 1834 fide
2048 1796 2125 1833 fieri

1147 1853 1321 1898 videret,
1357 1852 1475 1902 ipsum
1502 1850 1675 1889 vocalem
1704 1848 1843 1886 fadum
1871 1847 1980 1891 dicit,
2017 1848 2054 1884 &
2082 1847 2127 1884 ad

1146 1904 1251 1943 illum
1271 1905 1398 1942 locum
1430 1903 1583 1952 conjicit
1601 1900 1816 1939 Gronovius
1843 1900 1941 1936 forte
1966 1897 2031 1947 ipfi
2058 1910 2129 1935 no-

1146 1967 1235 1994 men
1263 1954 1368 1993 fuiffe
1395 1954 1581 2002 Ἐξιέόιῷυ.
1645 1953 1718 1990 Pro
1756 1952 1944 2001 eriperetur.
1995 1948 2128 1998 Ultraj.

1144 2008 1252 2056 prim.
1280 2006 1510 2057 denegaretur.

1195 2071 1256 2108 93.
1283 2061 1393 2095 Fortis
1412 2065 1456 2092 ω’
1478 2056 1561 2093 clari
1579 2054 1648 2090 'viri
1667 2050 1772 2103 origo]
1803 2052 1960 2088 Mancus
1982 2049 2030 2086 est
2046 2049 2126 2087 sen—

1143 2108 1228 2147 sus:
1266 2110 1330 2159 qui
1367 2108 1473 2146 unius
1507 2104 1680 2144 vocabuli
1707 2103 1916 2141 mutatione
1943 2100 2128 2138 restaurari

1145 2160 1265 2209 potest
1278 2174 1286 2197 ζ
1299 2159 1324 2197 sl
1342 2159 1440 2208 legas
1453 2188 1463 2204 ‚
1478 2158 1576 2204 fortis
1599 2165 1644 2192 ω’
1663 2157 1753 2192 clara
1766 2156 1838 2201 fuit
1857 2155 1960 2203 origo.
1983 2151 2125 2189 PIGH.

1148 2212 1294 2261 Gorgiae
1321 2224 1449 2259 quoque
1469 2211 1624 2257 Epirotae
1645 2208 1746 2251 fortis
1765 2214 1809 2241 ω’
1831 2206 1911 2239 clari
1931 2205 2001 2238 ‘virt'
2021 2205 2124 2252 origo.

1148 2261 1202 2297 Ita
1220 2269 1362 2297 veteres
1382 2258 1478 2307 ‘typis
1500 2256 1651 2305 expreffi
1665 2286 1675 2302 ,
1704 2258 1741 2293 &
1761 2255 1869 2292 MSS.
1897 2255 2028 2292 Brand.
2074 2254 2127 2291 At

1144 2309 1292 2357 Pighius
1319 2310 1390 2352 ait,
1416 2308 1559 2345 sensum
1591 2304 1675 2344 effe'
1692 2317 1867 2343 mancum
1884 2333 1893 2347 ‚
1931 2305 1993 2354 qui
2021 2305 2126 2342 unius

1146 2358 1319 2396 vocabuli
1348 2358 1558 2396 mutatione
1585 2357 1773 2394 restaurari
1800 2355 1916 2404 poffit.
1999 2353 2123 2392 Edidit

1144 2409 1255 2458 igitur
1267 2439 1276 2454 ‚
1292 2412 1395 2461 Gorg.
1413 2411 1505 2458 Epir.
1519 2409 1623 2454 fortis
1638 2410 1707 2444 viri
1724 2408 1816 2443 clara
1830 2409 1897 2449 suit
1913 2406 2013 2457 origo.
2045 2406 2122 2441 Ve-

1145 2473 1228 2498 rum
1248 2460 1323 2498 fine
1342 2459 1560 2498 auftoritate
1585 2458 1761 2496 codicum
1791 2457 1897 2494 MSS.
1925 2469 2001 2494 non
2027 2456 2121 2492 refe-

1141 2511 1301 2549 rendum
1322 2511 1398 2549 hoc
1416 2518 1492 2548 erat
1510 2510 1548 2548 in
1566 2517 1723 2547 textum.
1769 2507 1943 2556 Agnosco
1971 2509 2008 2544 ἃ*
2030 2506 2115 2552 ipse,

1139 2563 1179 2600 in
1198 2562 1359 2600 leetione
1377 2561 1517 2610 vulgari
1538 2559 1732 2599 defiderari
1749 2559 1888 2608 aliquid
1905 2555 2014 2606 pofl‘e.
2035 2556 2112 2591 Ve-

1141 2625 1223 2651 rum
1249 2615 1364 2654 clara,
1395 2612 1499 2663 quod
1526 2612 1673 2661 Pighius
1701 2611 1856 2660 adjecit,
1893 2613 2111 2655 argumento

1139 2664 1185 2702 de
1212 2677 1289 2714 quo
1315 2664 1434 2713 agitur
1460 2664 1582 2702 minus
1610 2663 1789 2710 congruit.
1850 2660 1981 2706 Neque
2009 2657 2111 2694 enim

1140 2715 1185 2753 de
1208 2715 1369 2754 claritate
1382 2714 1462 2759 ‚sed
1481 2714 1527 2752 de
1547 2714 1728 2752 miraculis
1747 2713 1805 2749 hic
1826 2710 1951 2756 agitur.
1975 2707 2110 2744 Putem

1136 2767 1246 2815 igitur
1264 2766 1464 2815 legendum
1485 2766 1608 2815 potius
1628 2764 1675 2801 fic
1705 2761 1773 2800 effe
1787 2789 1796 2804 ‚
1821 2761 1967 2810 Gorgiae
1983 2772 2113 2808 qaoque

1137 2820 1293 2867 Epirotae
1305 2818 1408 2863 fortis
1427 2826 1473 2853 (θ’
1492 2818 1576 2853 clari
1591 2842 1600 2857 ,
1624 2816 1708 2850 mira
1729 2814 1890 2863 origo3ut
1902 2810 1971 2845 ¹viri
1991 2809 2110 2846 modo

1137 2869 1175 2905 in
1195 2871 1280 2905 mira
1300 2876 1482 2906 mutetur:
1518 2866 1556 2904 id
1583 2864 1687 2915 quod
1712 2870 1932 2912 argumento
1961 2859 2005 2896 de
2033 2870 2111 2907 quo

1138 2920 1278 2967 agitur,
1291 2919 1398 2958 valde
1418 2919 1708 2957 consentaneum
1730 2911 1995 2952 est.VORST.
2010 2909 2110 2946 Cum

1136 2970 1314 3008 Brandeb.
1350 2971 1583 3008 consentiunt
1608 2966 1718 3004 nostri
1735 2965 1792 3002 ad
1820 2974 1936 3001 unum
1966 2970 2110 2998 omnes.

1138 3022 1181 3060 In
1199 3034 1385 3072 novumque
1403 3022 1535 3070 Ultraj.
1554 3014 1775 3105 prim.V(5)ss.
1795 3016 1832 3053 &
1850 3013 1965 3052 Periz,
1985 3010 2110 3049 delent

1753 3079 1772 3103 Ζ
2034 3075 2114 3112 queo

2206 313 2226 353 υ.)

2233 330 2243 340 ι

2218 960 2251 998 ς.
