2516 3509
374 176 474 210 202
609 138 1012 205 VALERII
1085 134 1464 195 MAXIMI
1503 138 1621 196 Lm.
1660 138 1735 197 II.
1787 139 1936 199 Cu».
1978 135 2141 197 VIII.

370 253 464 303 vit?
503 256 539 276 2¹
571 243 812 292 Nimirum
835 255 929 287 non
947 237 1075 304 plura
1096 251 1419 302 praecerpens,
1455 253 1591 301 quam
1621 237 1901 286 acciderunt.
1971 237 2103 284 Nam
2121 245 2176 282 ut
2196 230 2380 281 Urbem

375 324 584 381 intravit,
619 319 842 366 continuo
889 323 931 344 2²
966 312 1058 379 ipse
1088 311 1347 378 quaestione
1379 312 1564 376 publica
1598 313 1790 362 afflietus
1812 349 1829 374 9
1872 311 2012 360 exilio
2041 310 2259 359 multatus
2292 310 2381 365 est:

380 417 430 452 ut
457 408 498 439 ²3
524 399 556 447 fi
582 399 691 464 quid
714 398 945 464 religionis
965 393 1200 442 insolentia
1218 391 1538 453 commisisset,
1574 410 1719 458 poena
1735 394 1952 459 expiaret.

426 480 747 546 Sapientiores
782 478 927 543 igitur
964 482 1007 515 ²4
1030 473 1336 535 QFulvius‚
1372 473 1452 537 qui
1482 471 1644 536 Capua
1669 486 1829 537 capta,
1865 471 1914 519 ὃς
1943 471 2001 518 L.
2022 470 2269 536 Opimius,
2305 469 2385 534 qui

168 535 339 606 Arm-412&-
376 561 652 628 Fregellanis
676 559 731 607 ad
750 558 1031 606 deditionem
1063 552 1338 619 compulsis,
1374 551 1688 616 triumphandi
1718 552 1990 617 potestatem
2013 549 2038 598 a
2061 551 2214 598 senatu
2238 550 2383 614 petie-

165 626 250 688 filiii.
275 655 342 687 urb.
377 655 498 689 runt.
533 642 745 705 Uterque
767 639 897 687 editis
918 636 1129 701 operibus
1154 631 1428 699 magnificus
1441 653 1456 688 3
1473 630 1544 678 sed
1565 642 1725 678 neuter
1746 629 1915 695 petitae
1934 630 1999 675 rei
2019 644 2226 692 compos.
2263 629 2384 676 Non

165 702 357 776 Ξῖἷὲἓῗῖη
379 723 564 786 quidem
592 720 758 768 invidia
784 732 965 784 patrum
997 713 1393 778 conscriptorum,
1429 710 1505 757 cui
1526 725 1760 778 nunquam
1781 708 1956 755 aditum
1980 708 2028 755 in
2053 707 2177 754 curia
2197 707 2283 754 effe
2303 725 2386 756 vo-

168 791 241 817 ζΧνο
267 793 336 821 355.
377 803 388 820 1

377 815 582 850 luerunt:
618 800 691 848 sed
711 799 883 846 summa
905 796 1140 862 diligentia
1174 789 1436 841 observandi
1454 790 1594 854 juris„
1629 805 1724 853 quo
1758 800 1947 835 cautum
1972 796 2092 845 erat,
2125 796 2179 832 ut
2197 801 2282 850 pro
2307 803 2388 834 au-

175 301 253 328 flsin.
276 294 340 326 urb.

173 349 236 375 542.
252 337 320 369 Ll'v'.

173 388 257 410 (mn
284 389 310 412 ς.

377 1012 494 1051 Harl..
517 1008 624 1050 Leid.
652 1010 720 1048 see.
743 1019 830 1046 cum
855 1005 936 1045 trib.
958 1006 1068 1044 Rern.
1096 1003 1147 1040 im
1175 1004 1352 1052 optandum

399 1065 555 1100 raemium
572 1063 669 1111 petiit
683 1059 809 1110 ‚quod
829 1058 940 1096 exstat
952 1067 1105 1107 quoque
1117 1056 1154 1093 in
1165 1053 1354 1102 EdMog.

370 1074 430 1152 ’lit
452 1115 532 1152 MS.
559 1113 643 1161 joh.
662 1109 787 1149 Waffe
812 1110 850 1147 in
881 1107 963 1147 Ind..
984 1107 1066 1145 Sall.
1093 1119 1130 1144 v.
1160 1106 1354 1154 Legitimos.

383 1167 487 1203 Nihil
512 1175 639 1203 tamen
659 1162 806 1200 videtur
839 1158 1074 1197 mutandum.
1127 1158 1261 1204 Dignus
1282 1164 1356 1193 erat

382 1217 545 1266 triumpho
568 1213 756 1257 Valerius,
784 1218 935 1260 propter
953 1210 1130 1247 virtutem
1145 1235 1156 1251 ,
1184 1206 1244 1243 sed
1265 1217 1357 1244 con-

387 1268 468 1305 cedi
486 1278 568 1304 non
590 1272 736 1314 poterat
756 1263 805 1300 illi
824 1262 884 1299 hic
903 1261 1028 1298 honor
1042 1288 1052 1304 ,
1065 1259 1152 1309 quia
1175 1269 1229 1294 res
1248 1255 1363 1306 gesse-

386 1327 441 1356 rat
466 1318 527 1356 sub
547 1316 708 1364 imperio
731 1316 768 1351 &
786 1312 947 1361 auspicio
976 1311 1110 1349 alieno.
1163 1308 1227 1346 An
1247 1319 1365 1358 optan-

387 1368 461 1406 dam
484 1369 553 1406 fuit
572 1375 699 1404 natum
723 1365 743 1403 e
763 1362 889 1402 Gloffa
909 1364 986 1413 ejus
1004 1361 1109 1413 quod
1137 1371 1229 1398 mox
1247 1360 1365 1411 sequi-

383 1430 443 1459 tur
468 1416 706 1470 expetendum?

440 1473 496 1510 18.
524 1475 583 1508 Cn.
619 1470 736 1506 fulvio
765 1464 898 1515 Flacco]
928 1465 1021 1502 Non
1051 1462 1099 1500 est
1124 1470 1290 1505 Certum,
1318 1460 1365 1498 de

386 1535 553 1572 quonam
576 1521 708 1558 Fulvio
728 1519 912 1567 loquatur.
939 1514 1127 1552 Oliverius
1146 1513 1194 1551 de
1212 1514 1266 1550 M.
1280 1512 1364 1549 Ful-

388 1576 452 1612 vio
473 1573 668 1612 Nobiliore
695 1568 888 1617 intelligit,
915 1566 978 1617 qui
1000 1565 1087 1603 Cos.
1107 1565 1224 1602 Anno
1247 1564 1292 1602 ab
1313 1564 1364 1602 U.

392 1627 434 1662 C.
461 1626 540 1674 565·
567 1624 713 1660 Verum
735 1622 763 1658 is
784 1619 867 1656 Lib.
896 1631 948 1656 ix.
977 1619 1142 1666 Quartae
1164 1615 1363 1660 Decados,

391 1670 485 1724 apud
514 1675 668 1713 Livium
697 1671 911 1719 triumphat.
962 1669 1157 1706 Praeterea
1184 1678 1262 1706 non
1293 1667 1364 1705 Cn.

391 1727 451 1764 sed
471 1729 525 1764 M.
554 1733 734 1767 vocatus,
764 1722 862 1759 nulla
884 1721 1061 1757 infamiae
1091 1728 1191 1756 nota.
1245 1719 1364 1755 Porro

390 1778 492 1815 ,idem
513 1776 698 1815 Oliverius
726 1773 870 1811 alterius
891 1771 1009 1808 Fulvii
1028 1769 1149 1807 Flacci
1175 1768 1364 1806 historiam

390 1840 474 1865 eum
495 1827 697 1867 Nobilioris
716 1824 836 1862 Fulvii
856 1822 976 1859 Flacci
998 1821 1102 1858 rebus
1133 1819 1236 1867 gestis
1259 1831 1367 1857 com-

392 1881 535 1917 miscet:
565 1881 667 1925 cuius
696 1876 817 1914 Flacci
845 1873 974 1911 Florus
996 1871 1168 1909 meminit
1198 1869 1280 1907 Lib.
1309 1882 1367 1907 tx.

390 1932 533 1968 Verum
549 1924 617 1967 nec
639 1930 683 1967 de
705 1930 781 1978 ejus
801 1926 912 1963 exilio
934 1924 1135 1973 quicquam
1149 1922 1237 1970 legi.
1260 1920 1367 1959 Idem

392 1983 520 2019 Livius
551 1983 594 2018 L.
615 1994 648 2018 v.
679 1980 724 2016 de
745 1975 905 2016 secundo
936 1974 1032 2012 bello
1053 1974 1197 2010 Punico
1215 1999 1225 2016 ,
1247 1971 1366 2010 statim

391 2034 468 2080 post
487 2033 630 2070 initium
649 2059 658 2076 ‚
673 2031 742 2066 Cn.
761 2028 934 2066 Ful-vium
955 2026 1129 2063 Flaccum
1150 2023 1365 2060 Praetorem

393 2085 529 2121 facium
545 2113 555 2128 ‚
569 2084 605 2121 ἃ
626 2084 664 2119 in
684 2079 819 2128 Apulia
843 2077 939 2115 male
961 2088 1045 2114 cum
1068 2073 1278 2112 Hannibale
1300 2086 1369 2123 pu-

392 2133 512 2182 gnaii'e
535 2135 671 2175 refert,
699 2129 831 2168 deinde
855 2128 965 2166 exilio
989 2126 1187 2164 multatum
1212 2125 1293 2162 Lib.
1317 2137 1367 2163 vr.

393 2186 436 2222 ab
456 2186 574 2222 initio.
628 2183 773 2218 Verum
797 2180 972 2217 Senatum
997 2179 1030 2215 ei
1051 2177 1281 2226 triumphum
1306 2177 1371 2214 de-

396 2233 546 2273 crevisse
566 2245 644 2271 non
665 2233 829 2270 invenio.
856 2230 977 2278 Piguit
996 2229 1192 2265 authorem
1212 2227 1272 2264 vel
1293 2240 1369 2266 uno

396 2287 511 2324 verbo
531 2285 691 2323 indicare
711 2292 866 2330 tempus
922 2279 1013 2317 Inde
1041 2281 1239 2317 Romanae
1258 2278 1370 2316 histo-

398 2339 470 2376 riae
491 2336 695 2375 obscuritas.
724 2331 993 2371 GLAREAN.

451 2402 505 2434 10.
544 2391 628 2423 Tam
655 2383 864 2434 expetendum
897 2383 978 2419 aliis
1015 2380 1172 2429 triumphi
1203 2377 1371 2429 bonorem]

402 2441 480 2487 Qui
495 2440 617 2476 honos
635 2444 829 2484 tantopere
850 2434 894 2470 ab
917 2433 991 2469 aliis
1014 2433 1207 2479 expetitur.
1258 2431 1375 2468 Parti-

401 2492 501 2530 cinio
520 2490 557 2526 in
571 2489 650 2526 Dus
664 2499 740 2523 non
760 2486 901 2532 semper
919 2483 1026 2519 notio
1047 2481 1181 2526 debiti,
1196 2489 1258 2518 aut
1278 2490 1376 2518 tem-

405 2533 502 2590 poris
520 2540 657 2581 futuri,
682 2536 740 2575 sed
759 2534 907 2574 subinde
929 2535 966 2570 ὃς
982 2531 1175 2581 praesentis
1189 2560 1199 2577 ,
1218 2531 1377 2580 subjeeta

404 2594 460 2631 est.
489 2589 684 2629 VORST.

458 2657 514 2681 20.
544 2645 714 2678 Dareium
736 2636 802 2687 fibi
825 2637 844 2673 ἶτ
865 2641 990 2673 Senam
1011 2633 1048 2670 ob
1077 2647 1127 2670 res
1149 2632 1226 2668 hene
1246 2630 1375 2681 gestas]

412 2694 568 2733 Notavit
586 2691 732 2740 Pighius
762 2690 800 2726 in
826 2687 1015 2735 margine,
1042 2696 1143 2722 anno
1172 2682 1268 2720 urbis
1299 2696 1379 2731 541.

410 2747 445 2783 id
477 2745 616 2783 saelum
645 2740 737 2786 effe3
768 2741 805 2777 &
830 2736 996 2786 scripsiffe
1023 2735 1069 2773 de
1089 2747 1136 2772 eo
1160 2734 1312 2771 Livium
1341 2735 1380 2771 in

409 2798 465 2834 lib.
488 2809 571 2833 xxv.
600 2794 716 2843 Atqui
747 2792 783 2828 in
816 2803 863 2828 eo
889 2789 981 2826 libro
1015 2786 1085 2829 est,
1115 2786 1184 2823 Cn.
1207 2785 1379 2822 Fulvium

412 2849 504 2885 circa
526 2846 762 2883 Herdoni-am
793 2843 831 2879 in
850 2840 984 2888 Apulia
1005 2850 1082 2875 rem
1106 2835 1202 2874 male
1221 2834 1379 2884 gessiffe3

381 2932 385 2935 .
413 2902 458 2936 im
481 2900 632 2949 quidcm
654 2906 692 2932 ut
713 2907 757 2932 ex
777 2893 911 2931 XVIII
937 2890 1091 2928 millibus
1113 2886 1210 2926 haud
1229 2887 1382 2936 amplius

413 2951 488 2988 duo
509 2948 619 2986 millia
641 2946 826 2983 evaserint.
853 2942 1048 2981 VORST.
1092 2940 1262 2988 Triumphi
1284 2940 1383 2975 liono-

410 3018 474 3037 rcm
495 3001 651 3037 claretum
663 2998 728 3044 filii
749 2997 769 3032 a
788 3002 924 3033 Senatu.
952 2994 1008 3031 Ex
1027 2991 1156 3042 quibus
1175 2990 1382 3028 auc'toribus

416 3055 486 3090 ‘noc
512 3052 636 3090 scribat
657 3049 843 3093 Valerius,
884 3045 1077 3087 obscurum
1111 3043 1202 3080 milii
1236 3042 1305 3082 est:
1338 3053 1382 3080 ex

2310 866 2390 914 Sto

1407 998 1564 1036 Liviana
1582 997 1728 1036 historia
1741 995 1786 1034 de
1798 995 1990 1045 triumpho
2013 993 2141 1032 oblato
2158 991 2248 1031 nihil
2266 990 2392 1042 poffu-

1406 1062 1488 1087 mus
1509 1049 1692 1098 colligere.
1747 1049 1805 1086 Sic
1823 1047 1940 1085 scribit
1961 1047 2063 1095 Pigh.
2093 1046 2131 1082 in
2152 1045 2252 1082 Ann.
2273 1044 2317 1083 ad
2338 1046 2387 1084 A.

1410 1114 1491 1150 541.
1520 1103 1558 1138 ὃς
1580 1099 1752 1150 profeeco
1772 1099 1975 1137 contrarius
1993 1097 2053 1135 vel
2072 1097 2238 1135 maxime
2257 1095 2304 1133 est
2322 1097 2390 1134 Li—

1408 1153 1512 1195 vius,
1541 1153 1603 1201 qui
1634 1152 1730 1201 prius
1760 1150 1940 1200 pecunia,
1978 1148 2064 1187 dein
2086 1150 2230 1198 capite,
2269 1147 2314 1185 de
2343 1159 2391 1185 eo

1408 1202 1632 1252 anquisitum
1673 1202 1760 1240 dicit
1781 1230 1792 1245 ,
1827 1201 1931 1252 quod
1960 1200 2021 1238 sua
2049 1199 2156 1249 culpa
2185 1199 2392 1236 exercitum

1415 1253 1584 1291 amiserat
1596 1269 1607 1298 3
1621 1253 1683 1291 sed
1707 1253 1897 1290 exulatum
1910 1251 2138 1301 Tarquinios
2160 1248 2281 1287 abiisle
2296 1278 2305 1293 ‚
2329 1262 2393 1287 an—

1414 1312 1568 1353 tequam
1591 1304 1837 1341 comitiorum
1870 1302 1946 1340 dies
1967 1300 2114 1340 adesset.
2167 1301 2204 1338 Si
2225 1301 2393 1338 attenda-

1417 1366 1499 1392 mus
1518 1355 1631 1392 etiam
1653 1354 1699 1391 ad
1717 1355 1810 1391 haec
1836 1354 1970 1399 verba,
2001 1362 2044 1390 Ut
2065 1353 2098 1400 fi
2119 1350 2202 1402 quid
2221 1353 2397 1403 religionis

1415 1407 1593 1454 insolentia
1613 1405 1832 1453 commtfiffi’t,
1854 1415 1960 1455 poena
1983 1406 2141 1454 expiaret.
2197 1402 2328 1440 Statim
2355 1404 2395 1440 in

1417 1465 1586 1495 mentem
1606 1457 1732 1495 veniet
1751 1456 1934 1505 1uspicari,
1948 1456 2090 1493 crimen
2107 1454 2215 1504 hujus
2227 1453 2296 1491 Cn.
2311 1453 2397 1492 Ful-

1416 1509 1468 1547 vii
1487 1507 1533 1546 ad
1555 1508 1740 1558 publicam
1764 1505 1970 1556 pertinuiffe
1992 1506 2234 1555 religionem,
2258 1504 2304 1542 de
2318 1517 2396 1556 quo

1416 1560 1476 1598 ille
1497 1560 1685 1597 accusatus
1715 1571 1794 1596 non
1822 1559 1913 1603 fuit,
1941 1569 2056 1607 quem
2089 1556 2266 1605 designari
2296 1564 2401 1606 putat

1416 1612 1575 1661 Pighius.
1629 1611 1815 1648 Oliverius
1836 1610 1949 1647 refert
1966 1609 2013 1646 ad
2035 1611 2095 1645 M.
2121 1609 2273 1645 Fal-oium
2291 1607 2400 1644 Nobi„

1417 1665 1530 1701 liorem
1544 1691 1554 1707 ‚
1584 1663 1622 1700 δε
1642 1670 1745 1710 putat
1767 1673 1854 1699 eum
1873 1658 2052 1709 intelligi,
2071 1659 2136 1708 qui
2155 1658 2316 1697 Aetolos
2335 1658 2399 1696 dem

1419 1716 1531 1758 vicit,
1560 1715 1599 1751 &
1619 1712 1859 1750 Ambraciam
1884 1712 2004 1760 cepit,
2033 1721 2159 1748 errore
2190 1709 2400 1748 admodum

1417 1764 1570 1814 insigni,
1598 1772 1638 1802 ut
1658 1764 1753 1801 bene
1773 1764 1977 1801 Glareanus
1998 1761 2208 1800 admonuit.

1469 1829 1527 1854 21.
1558 1818 1728 1852 Nimirum
1748 1830 1813 1851 non
1827 1816 1925 1864 plura
1939 1823 2148 1863 praecerpens
2162 1842 2173 1859 ,
2198 1826 2299 1864 quam
2316 1814 2405 1849 acci-²

1418 1865 1556 1916 derunt]
1588 1866 1694 1915 Quid
1722 1866 1782 1904 hic
1807 1866 1960 1914 intelligi
1988 1864 2119 1903 debeat
2138 1894 2149 1910 ,
2186 1862 2402 1914 perspexiffe

1420 1918 1567 1956 videtur
1597 1917 1785 1956 Oliverius
1813 1916 2020 1965 explic-inm
2061 1916 2160 1964 quafi
2191 1927 2297 1953 mens
2325 1917 2402 1965 ejus

1418 1970 1591 2019 praesaga
1612 1966 1698 2006 esset
1720 1968 1853 2011 futuri,
1866 1968 1952 2017 quia
1975 1965 2149 2004 videlicet
2169 1967 2249 2015 post
2267 1967 2402 2004 trium-2

1419 2021 1537 2070 phum
1556 2019 1767 2058 multandus
1790 2026 1865 2055 erat
1888 2018 2011 2055 exilio.
2068 2016 2138 2054 Sed
2163 2028 2235 2065 qua
2255 2017 2402 2057 ratione

1420 2084 1464 2109 ex
1484 2072 1524 2110 iis
1543 2072 1663 2109 verbis
1684 2072 1776 2109 haec
1800 2069 1979 2107 sententia
2011 2069 2089 2106 erui
2107 2067 2214 2117 possit
2243 2078 2323 2105 non
2345 2068 2403 2104 vi-

1420 2123 1506 2161 deo.
1559 2123 1708 2161 Tacent
1732 2121 1899 2158 Vorstius
1930 2122 1968 2158 &
1997 2118 2151 2169 reliqui,
2190 2117 2290 2168 quasi
2312 2118 2405 2157 nihil

1422 2175 1460 2212 in
1492 2186 1538 2211 eo
1562 2172 1649 2212 effet
1682 2172 1912 2211 difficultatis.
1966 2171 2137 2219 Guyetus
2164 2169 2409 2218 adscripscrat.

1423 2223 1691 2266 wammam·
1707 2249 1717 2265 ,
1732 2225 1947 2273 praecipiens.
2000 2221 2132 2270 Quid?
2161 2220 2187 2258 fi
2209 2221 2409 2260 statuamus

1428 2273 1596 2313 excidisse
1617 2277 1663 2314 ἴα
1684 2275 1722 2312 id
1743 2275 1791 2312 est
1809 2278 1920 2311 animo
1941 2280 2092 2322 propter
2109 2272 2263 2322 sequens
2284 2271 2321 2312 ἦ
2335 2301 2345 2318 ,
2367 2281 2408 2311 ut

1424 2335 1627 2377 utrumque
1645 2326 1748 2376 saepe
1768 2326 1931 2363 scribitur
1952 2326 1990 2362 in
2000 2324 2105 2362 MSS.
2116 2323 2406 2375 Aueloremque

1423 2377 1605 2427 scripfisse.
1648 2379 1818 2414 Nimirum
1836 2378 1946 2414 animo
1973 2391 2039 2412 non
2062 2377 2165 2425 plura
2191 2379 2412 2425 praecipiens,

1425 2443 1528 2479 quam
1546 2426 1742 2467 acciderunt.
1760 2429 1784 2465 i.
1804 2440 1835 2465 e.
1862 2428 2008 2466 Animo
2029 2426 2195 2465 divinans
2215 2427 2253 2465 id
2272 2427 2406 2476 ipsum,

1428 2480 1533 2530 quod
1554 2482 1690 2518 evenit.
1746 2479 1945 2527 Eleganter
1960 2480 2144 2527 praecipere
2164 2490 2233 2528 pro
2263 2487 2419 2516 antem--

1429 2543 1528 2579 pere.
1580 2531 1680 2568 Vide
1712 2530 1839 2567 Heins.
1867 2529 1914 2567 ad
1944 2530 2028 2567 Val.
2055 2529 2152 2567 Flac.
2184 2530 2230 2567 L.
2249 2542 2302 2567 rv.
2325 2542 2409 2580 341.

1430 2582 1594 2620 Broukh.
1615 2580 1661 2619 ad
1679 2581 1789 2629 Prop.
1812 2581 1857 2618 L.
1879 2593 1978 2618 1v.2.
1995 2594 2050 2619 11.
2078 2580 2151 2619 Sed
2167 2593 2215 2618 ne
2231 2581 2306 2618 hoc
2326 2581 2407 2631 qui-2

1432 2633 1519 2690 dein
1539 2634 1619 2691 satis
1638 2631 1770 2682 probO.
1824 2632 1986 2670 Doftior
2007 2633 2136 2683 aliquis
2168 2632 2297 2670 melius
2317 2629 2407 2680 quid

1431 2693 1606 2722 inveniat.

1483 2748 1540 2773 22.
1569 2737 1639 2784 Ipft
1666 2735 1854 2784 quaestione
1878 2735 2012 2784 publica
2043 2730 2203 2783 afflifft'us]
2234 2733 2304 2784 Ipsb
2329 2742 2410 2769 non

1434 2787 1543 2823 exstat
1563 2787 1601 2823 in
1631 2785 1737 2823 MSS.
1764 2786 2041 2835 septemdecim.
2066 2785 2176 2821 habet
2205 2783 2274 2821 Ed.
2300 2783 2408 2831 Mog,

1435 2845 1578 2874 ceterae
1601 2837 1781 2875 omittunt
1794 2853 1803 2880 ;
1834 2849 1904 2875 nec
1925 2835 2102 2874 desideres
2123 2833 2147 2871 fi
2170 2833 2268 2872 absit.

1484 2900 1544 2938 23.
1570 2892 1607 2924 Si
1637 2887 1719 2938 quid
1745 2890 1917 2938 religionis
1947 2884 2139 2934 insolentia]
2170 2887 2232 2922 An
2254 2885 2409 2922 scribem

1435 2938 1523 2976 dum
1539 2940 1571 2986 fi
1582 2938 1663 2989 quid
1681 2940 1892 2989 religionibus
1911 2940 2108 2974 contrarium
2130 2938 2302 2984 insolentia
2325 2951 2407 2972 coma

1433 2990 1589 3038 mifisset?
1617 2993 1679 3029 An
1698 2993 1851 3042 religioni
1874 2987 1974 3027 &c.?
2004 2988 2204 3026 GUYET.

1485 3054 1542 3089 24.
1569 3045 1614 3093 Q.
1639 3042 1875 3094 Fulvins‚:qtoi
1896 3043 2010 3091 Capua
2030 3039 2144 3091 sapie]
2180 3039 2238 3080 Est
2254 3038 2315 3076 hic
2336 3035 2411 3093 ἱῖῙθἶ

2348 3100 2413 3139 (Ξῖὲῷ
