<?xml version="1.0" encoding="UTF-8"?>
<!DOCTYPE html PUBLIC "-//W3C//DTD XHTML 1.0 Transitional//EN"
    "http://www.w3.org/TR/xhtml1/DTD/xhtml1-transitional.dtd">
<html xmlns="http://www.w3.org/1999/xhtml" xml:lang="en" lang="en">
 <head>
  <title>
</title>
<meta http-equiv="Content-Type" content="text/html;charset=utf-8" />
  <meta name='ocr-system' content='tesseract 3.04.00' />
  <meta name='ocr-capabilities' content='ocr_page ocr_carea ocr_par ocr_line ocrx_word'/>
</head>
<body>
  <div class='ocr_page' id='page_1' title='image "./librinovemfactor00valeuoft_0881.png"; bbox 0 0 2516 3509; ppageno 0'>
   <div class='ocr_carea' id='block_1_1' title="bbox 555 110 730 166">
    <p class='ocr_par' dir='ltr' id='par_1_1' title="bbox 555 110 730 166">
     <span class='ocr_line' id='line_1_1' title="bbox 555 110 730 166; baseline 0.017 -3"><span class='ocrx_word' id='word_1_1' title='bbox 555 110 730 166; x_wconf 91' lang='lat' dir='ltr'>DE</span> 
     </span>
    </p>
   </div>
   <div class='ocr_carea' id='block_1_2' title="bbox 891 115 1776 185">
    <p class='ocr_par' dir='ltr' id='par_1_2' title="bbox 891 115 1776 185">
     <span class='ocr_line' id='line_1_2' title="bbox 891 115 1776 185; baseline 0.016 -14"><span class='ocrx_word' id='word_1_2' title='bbox 891 115 1776 185; x_wconf 88' lang='lat' dir='ltr'>PERFIDIA.</span> 
     </span>
    </p>
   </div>
   <div class='ocr_carea' id='block_1_3' title="bbox 2045 137 2158 209">
    <p class='ocr_par' dir='ltr' id='par_1_3' title="bbox 2045 137 2158 209">
     <span class='ocr_line' id='line_1_3' title="bbox 2045 137 2158 209; baseline 0 -18"><span class='ocrx_word' id='word_1_3' title='bbox 2045 137 2158 209; x_wconf 82' lang='lat'>827</span> 
     </span>
    </p>
   </div>
   <div class='ocr_carea' id='block_1_4' title="bbox 143 207 2146 770">
    <p class='ocr_par' dir='ltr' id='par_1_4' title="bbox 148 207 2146 536">
     <span class='ocr_line' id='line_1_4' title="bbox 148 207 2145 294; baseline 0.011 -34"><span class='ocrx_word' id='word_1_4' title='bbox 148 225 196 260; x_wconf 88' lang='lat' dir='ltr'>re</span> <span class='ocrx_word' id='word_1_5' title='bbox 225 209 432 257; x_wconf 80' lang='lat' dir='ltr'>hortatus</span> <span class='ocrx_word' id='word_1_6' title='bbox 458 207 592 268; x_wconf 85' lang='lat' dir='ltr'>esset,</span> <span class='ocrx_word' id='word_1_7' title='bbox 628 225 709 273; x_wconf 89' lang='lat' dir='ltr'>per</span> <span class='ocrx_word' id='word_1_8' title='bbox 743 210 963 277; x_wconf 83' lang='lat' dir='ltr'>colloquii</span> <span class='ocrx_word' id='word_1_9' title='bbox 998 214 1333 264; x_wconf 72' lang='lat' dir='ltr'>simulationem</span> <span class='ocrx_word' id='word_1_10' title='bbox 1368 221 1649 284; x_wconf 83' lang='lat' dir='ltr'>arceffitum‚</span> <span class='ocrx_word' id='word_1_11' title='bbox 1682 226 1975 294; x_wconf 87' lang='lat' dir='ltr'>hospitioque</span> <span class='ocrx_word' id='word_1_12' title='bbox 2007 247 2145 281; x_wconf 83' lang='lat' dir='ltr'>exce-</span> 
     </span>
     <span class='ocr_line' id='line_1_5' title="bbox 148 288 2146 369; baseline 0.014 -35"><span class='ocrx_word' id='word_1_13' title='bbox 148 307 284 358; x_wconf 80' lang='lat' dir='ltr'>ptum</span> <span class='ocrx_word' id='word_1_14' title='bbox 317 288 499 348; x_wconf 82' lang='lat' dir='ltr'>vinxit,</span> <span class='ocrx_word' id='word_1_15' title='bbox 533 305 585 336; x_wconf 86' lang='lat' dir='ltr'>ac</span> <span class='ocrx_word' id='word_1_16' title='bbox 620 290 823 339; x_wconf 81' lang='lat' dir='ltr'>Romam</span> <span class='ocrx_word' id='word_1_17' title='bbox 859 309 970 342; x_wconf 85' lang='lat' dir='ltr'>nave</span> <span class='ocrx_word' id='word_1_18' title='bbox 1003 295 1337 361; x_wconf 83' lang='lat' dir='ltr'>deportandum</span> <span class='ocrx_word' id='word_1_19' title='bbox 1372 302 1563 349; x_wconf 88' lang='lat' dir='ltr'>curavit.</span> <span class='ocrx_word' id='word_1_20' title='bbox 1631 305 1777 369; x_wconf 84' lang='lat' dir='ltr'>Cujus</span> <span class='ocrx_word' id='word_1_21' title='bbox 1821 307 1993 358; x_wconf 63' lang='lat' dir='ltr'>faenum</span> <span class='ocrx_word' id='word_1_22' title='bbox 2027 312 2146 360; x_wconf 81' lang='lat' dir='ltr'>sena-</span> 
     </span>
     <span class='ocr_line' id='line_1_6' title="bbox 149 368 2145 454; baseline 0.012 -38"><span class='ocrx_word' id='word_1_23' title='bbox 149 382 222 417; x_wconf 93' lang='lat' dir='ltr'>tus</span> <span class='ocrx_word' id='word_1_24' title='bbox 256 384 403 433; x_wconf 88' lang='lat' dir='ltr'>neque</span> <span class='ocrx_word' id='word_1_25' title='bbox 438 368 629 432; x_wconf 88' lang='lat' dir='ltr'>probare</span> <span class='ocrx_word' id='word_1_26' title='bbox 658 372 848 434; x_wconf 82' lang='lat' dir='ltr'>potuit,</span> <span class='ocrx_word' id='word_1_27' title='bbox 884 389 1030 438; x_wconf 84' lang='lat' dir='ltr'>neque</span> <span class='ocrx_word' id='word_1_28' title='bbox 1065 375 1312 425; x_wconf 81' lang='lat' dir='ltr'><strong>rescindere</strong></span> <span class='ocrx_word' id='word_1_29' title='bbox 1346 379 1519 440; x_wconf 86' lang='lat' dir='ltr'>voluit,</span> <span class='ocrx_word' id='word_1_30' title='bbox 1554 398 1611 428; x_wconf 92' lang='lat' dir='ltr'>ne</span> <span class='ocrx_word' id='word_1_31' title='bbox 1644 387 1843 435; x_wconf 84' lang='lat' dir='ltr'>remiffus</span> <span class='ocrx_word' id='word_1_32' title='bbox 1878 390 1924 436; x_wconf 92' lang='lat' dir='ltr'>in</span> <span class='ocrx_word' id='word_1_33' title='bbox 1954 394 2145 454; x_wconf 83' lang='lat' dir='ltr'>patriam</span> 
     </span>
     <span class='ocr_line' id='line_1_7' title="bbox 150 449 2113 536; baseline 0.01 -37"><span class='ocrx_word' id='word_1_34' title='bbox 150 452 353 499; x_wconf 86' lang='lat' dir='ltr'>Bituitus</span> <span class='ocrx_word' id='word_1_35' title='bbox 387 449 559 497; x_wconf 89' lang='lat' dir='ltr'>bellum</span> <span class='ocrx_word' id='word_1_36' title='bbox 594 465 842 515; x_wconf 83' lang='lat' dir='ltr'>renovaret.</span> <span class='ocrx_word' id='word_1_37' title='bbox 912 455 1065 518; x_wconf 84' lang='lat' dir='ltr'>Igitur</span> <span class='ocrx_word' id='word_1_38' title='bbox 1097 473 1201 505; x_wconf 89' lang='lat' dir='ltr'>eum</span> <span class='ocrx_word' id='word_1_39' title='bbox 1240 459 1405 507; x_wconf 82' lang='lat' dir='ltr'>Albam</span> <span class='ocrx_word' id='word_1_40' title='bbox 1441 461 1671 510; x_wconf 88' lang='lat' dir='ltr'>custodiae</span> <span class='ocrx_word' id='word_1_41' title='bbox 1706 467 1850 514; x_wconf 79' lang='lat' dir='ltr'>caussa</span> <span class='ocrx_word' id='word_1_42' title='bbox 1884 471 2113 536; x_wconf 81' lang='lat' dir='ltr'>relegavit.</span> 
     </span>
    </p>

    <p class='ocr_par' dir='ltr' id='par_1_5' title="bbox 143 532 2146 770">
     <span class='ocr_line' id='line_1_8' title="bbox 215 532 2146 613; baseline 0.01 -31"><span class='ocrx_word' id='word_1_43' title='bbox 215 533 385 582; x_wconf 85' lang='lat' dir='ltr'>Viriati</span> <span class='ocrx_word' id='word_1_44' title='bbox 419 533 555 579; x_wconf 81' lang='lat' dir='ltr'>etiam</span> <span class='ocrx_word' id='word_1_45' title='bbox 590 532 742 580; x_wconf 82' lang='lat' dir='ltr'>caedes</span> <span class='ocrx_word' id='word_1_46' title='bbox 779 542 800 571; x_wconf 89' lang='lat'>9</span> <span class='ocrx_word' id='word_1_47' title='bbox 834 534 1065 599; x_wconf 80' lang='lat' dir='ltr'>duplicem</span> <span class='ocrx_word' id='word_1_48' title='bbox 1101 539 1316 604; x_wconf 88' lang='lat' dir='ltr'>perfidiae</span> <span class='ocrx_word' id='word_1_49' title='bbox 1354 543 1685 592; x_wconf 83' lang='lat' dir='ltr'>accusationem</span> <span class='ocrx_word' id='word_1_50' title='bbox 1721 551 1919 613; x_wconf 88' lang='lat' dir='ltr'>recepit:</span> <span class='ocrx_word' id='word_1_51' title='bbox 1957 554 2002 599; x_wconf 85' lang='lat' dir='ltr'>in</span> <span class='ocrx_word' id='word_1_52' title='bbox 2037 557 2146 601; x_wconf 85' lang='lat' dir='ltr'>ami-</span> 
     </span>
     <span class='ocr_line' id='line_1_9' title="bbox 143 613 2141 697; baseline 0.012 -37"><span class='ocrx_word' id='word_1_53' title='bbox 143 615 237 672; x_wconf 78' lang='lat' dir='ltr'>cis,</span> <span class='ocrx_word' id='word_1_54' title='bbox 271 613 396 678; x_wconf 87' lang='lat' dir='ltr'>quod</span> <span class='ocrx_word' id='word_1_55' title='bbox 430 630 589 661; x_wconf 88' lang='lat' dir='ltr'>eorum</span> <span class='ocrx_word' id='word_1_56' title='bbox 625 614 829 662; x_wconf 82' lang='lat' dir='ltr'>manibus</span> <span class='ocrx_word' id='word_1_57' title='bbox 864 617 1160 685; x_wconf 87' lang='lat' dir='ltr'>interemptus</span> <span class='ocrx_word' id='word_1_58' title='bbox 1194 621 1280 670; x_wconf 87' lang='lat' dir='ltr'>est:</span> <span class='ocrx_word' id='word_1_59' title='bbox 1316 625 1364 672; x_wconf 91' lang='lat' dir='ltr'>in</span> <span class='ocrx_word' id='word_1_60' title='bbox 1392 632 1434 652; x_wconf 89' lang='lat'>¹0</span> <span class='ocrx_word' id='word_1_61' title='bbox 1459 625 1525 686; x_wconf 78' lang='lat' dir='ltr'>Q</span> <span class='ocrx_word' id='word_1_62' title='bbox 1548 628 1740 676; x_wconf 82' lang='lat' dir='ltr'>Servilio</span> <span class='ocrx_word' id='word_1_63' title='bbox 1766 632 2000 697; x_wconf 82' lang='lat' dir='ltr'>Caepione</span> <span class='ocrx_word' id='word_1_64' title='bbox 2034 653 2141 684; x_wconf 89' lang='lat' dir='ltr'>con-</span> 
     </span>
     <span class='ocr_line' id='line_1_10' title="bbox 148 692 2138 770; baseline 0.013 -31"><span class='ocrx_word' id='word_1_65' title='bbox 148 693 265 751; x_wconf 77' lang='lat' dir='ltr'>sule3</span> <span class='ocrx_word' id='word_1_66' title='bbox 299 695 403 758; x_wconf 83' lang='lat' dir='ltr'>quia</span> <span class='ocrx_word' id='word_1_67' title='bbox 439 694 473 740; x_wconf 89' lang='lat' dir='ltr'>is</span> <span class='ocrx_word' id='word_1_68' title='bbox 507 692 680 742; x_wconf 90' lang='lat' dir='ltr'>sceleris</span> <span class='ocrx_word' id='word_1_69' title='bbox 715 695 850 759; x_wconf 87' lang='lat' dir='ltr'>hujus</span> <span class='ocrx_word' id='word_1_70' title='bbox 886 698 1069 760; x_wconf 67' lang='lat' dir='ltr'>austor,</span> <span class='ocrx_word' id='word_1_71' title='bbox 1106 702 1380 766; x_wconf 80' lang='lat' dir='ltr'>impunitate</span> <span class='ocrx_word' id='word_1_72' title='bbox 1416 707 1626 770; x_wconf 80' lang='lat' dir='ltr'>promiffa</span> <span class='ocrx_word' id='word_1_73' title='bbox 1650 743 1665 768; x_wconf 82' lang='grc'>,</span> <span class='ocrx_word' id='word_1_74' title='bbox 1709 709 1832 759; x_wconf 83' lang='lat' dir='ltr'>fuit:</span> <span class='ocrx_word' id='word_1_75' title='bbox 1883 714 2138 764; x_wconf 66' lang='lat' dir='ltr'>vietoriam-</span> 
     </span>
    </p>
   </div>
   <div class='ocr_carea' id='block_1_5' title="bbox 149 775 942 836">
    <p class='ocr_par' dir='ltr' id='par_1_6' title="bbox 149 775 942 836">
     <span class='ocr_line' id='line_1_11' title="bbox 149 775 942 836; baseline 0.006 -18"><span class='ocrx_word' id='word_1_76' title='bbox 149 789 238 836; x_wconf 86' lang='lat' dir='ltr'>que</span> <span class='ocrx_word' id='word_1_77' title='bbox 273 789 368 821; x_wconf 92' lang='lat' dir='ltr'>non</span> <span class='ocrx_word' id='word_1_78' title='bbox 401 775 595 834; x_wconf 83' lang='lat' dir='ltr'>meruit,</span> <span class='ocrx_word' id='word_1_79' title='bbox 635 782 670 802; x_wconf 88' lang='lat'>¹¹</span> <span class='ocrx_word' id='word_1_80' title='bbox 711 775 783 821; x_wconf 90' lang='lat' dir='ltr'>sed</span> <span class='ocrx_word' id='word_1_81' title='bbox 817 777 942 824; x_wconf 90' lang='lat' dir='ltr'>emit.</span> 
     </span>
    </p>
   </div>
   <div class='ocr_carea' id='block_1_6' title="bbox 909 921 1380 974">
    <p class='ocr_par' dir='ltr' id='par_1_7' title="bbox 909 921 1380 974">
     <span class='ocr_line' id='line_1_12' title="bbox 909 921 1380 974; baseline 0.017 -8"><span class='ocrx_word' id='word_1_82' title='bbox 909 921 1380 974; x_wconf 83' lang='lat' dir='ltr'>EXTERNA.</span> 
     </span>
    </p>
   </div>
   <div class='ocr_carea' id='block_1_7' title="bbox 147 1045 2331 1199">
    <p class='ocr_par' dir='ltr' id='par_1_8' title="bbox 147 1045 2331 1199">
     <span class='ocr_line' id='line_1_13' title="bbox 214 1045 2275 1128; baseline 0.007 -36"><span class='ocrx_word' id='word_1_83' title='bbox 214 1047 391 1093; x_wconf 83' lang='lat' dir='ltr'>Verum</span> <span class='ocrx_word' id='word_1_84' title='bbox 418 1059 469 1093; x_wconf 93' lang='lat' dir='ltr'>ut</span> <span class='ocrx_word' id='word_1_85' title='bbox 493 1045 639 1111; x_wconf 86' lang='lat' dir='ltr'>ipsum</span> <span class='ocrx_word' id='word_1_86' title='bbox 663 1045 838 1094; x_wconf 89' lang='lat' dir='ltr'>fontem</span> <span class='ocrx_word' id='word_1_87' title='bbox 863 1049 1079 1112; x_wconf 73' lang='lat' dir='ltr'>perfidiae</span> <span class='ocrx_word' id='word_1_88' title='bbox 1111 1055 1504 1119; x_wconf 86' lang='lat' dir='ltr'>contemplemur,</span> <span class='ocrx_word' id='word_1_89' title='bbox 1530 1058 1919 1124; x_wconf 73' lang='lat' dir='ltr'>Carthaginienses</span> <span class='ocrx_word' id='word_1_90' title='bbox 1946 1066 1985 1085; x_wconf 80' lang='lat'>¹²</span> <span class='ocrx_word' id='word_1_91' title='bbox 2012 1060 2137 1107; x_wconf 85' lang='lat' dir='ltr'>Xan·</span> <span class='ocrx_word' id='word_1_92' title='bbox 2269 1121 2275 1128; x_wconf 26' lang='grc' dir='ltr'>ι</span> 
     </span>
     <span class='ocr_line' id='line_1_14' title="bbox 147 1127 2331 1199; baseline 0.006 -26"><span class='ocrx_word' id='word_1_93' title='bbox 147 1127 366 1190; x_wconf 88' lang='lat' dir='ltr'>thippum</span> <span class='ocrx_word' id='word_1_94' title='bbox 388 1127 804 1175; x_wconf 85' lang='lat' dir='ltr'>Lacedaemonium</span> <span class='ocrx_word' id='word_1_95' title='bbox 822 1162 837 1187; x_wconf 76' lang='lat'>‚</span> <span class='ocrx_word' id='word_1_96' title='bbox 868 1132 997 1195; x_wconf 77' lang='lat' dir='ltr'>cujus</span> <span class='ocrx_word' id='word_1_97' title='bbox 1022 1133 1199 1193; x_wconf 86' lang='lat' dir='ltr'>optima</span> <span class='ocrx_word' id='word_1_98' title='bbox 1231 1151 1367 1198; x_wconf 88' lang='lat' dir='ltr'>opera</span> <span class='ocrx_word' id='word_1_99' title='bbox 1402 1138 1551 1199; x_wconf 89' lang='lat' dir='ltr'>primo</span> <span class='ocrx_word' id='word_1_100' title='bbox 1574 1139 1752 1185; x_wconf 90' lang='lat' dir='ltr'>Punico</span> <span class='ocrx_word' id='word_1_101' title='bbox 1786 1139 1906 1186; x_wconf 85' lang='lat' dir='ltr'>bello</span> <span class='ocrx_word' id='word_1_102' title='bbox 1943 1139 2006 1185; x_wconf 82' lang='lat' dir='ltr'>ufi</span> <span class='ocrx_word' id='word_1_103' title='bbox 2044 1140 2137 1186; x_wconf 84' lang='lat' dir='ltr'>fue-</span> <span class='ocrx_word' id='word_1_104' title='bbox 2157 1147 2238 1175; x_wconf 69' lang='lat' dir='ltr'>Ann-</span> <span class='ocrx_word' id='word_1_105' title='bbox 2263 1142 2331 1172; x_wconf 53' lang='lat' dir='ltr'>urb·</span> 
     </span>
    </p>
   </div>
   <div class='ocr_carea' id='block_1_8' title="bbox 147 1203 1792 1354">
    <p class='ocr_par' dir='ltr' id='par_1_9' title="bbox 147 1203 1792 1354">
     <span class='ocr_line' id='line_1_15' title="bbox 147 1203 1444 1276; baseline 0.008 -28"><span class='ocrx_word' id='word_1_106' title='bbox 147 1216 274 1261; x_wconf 80' lang='lat' dir='ltr'>rant,</span> <span class='ocrx_word' id='word_1_107' title='bbox 297 1203 345 1250; x_wconf 79' lang='lat'>&amp;</span> <span class='ocrx_word' id='word_1_108' title='bbox 367 1219 459 1267; x_wconf 88' lang='lat' dir='ltr'>quo</span> <span class='ocrx_word' id='word_1_109' title='bbox 490 1206 679 1268; x_wconf 75' lang='lat' dir='ltr'>juvante</span> <span class='ocrx_word' id='word_1_110' title='bbox 705 1206 901 1253; x_wconf 76' lang='lat' dir='ltr'>Atilium</span> <span class='ocrx_word' id='word_1_111' title='bbox 930 1209 1168 1272; x_wconf 85' lang='lat' dir='ltr'>Regulum</span> <span class='ocrx_word' id='word_1_112' title='bbox 1203 1226 1444 1276; x_wconf 73' lang='lat' dir='ltr'>ceperant,</span> 
     </span>
     <span class='ocr_line' id='line_1_16' title="bbox 147 1281 1792 1354; baseline 0.007 -29"><span class='ocrx_word' id='word_1_113' title='bbox 147 1281 386 1340; x_wconf 72' lang='lat' dir='ltr'>revehere,</span> <span class='ocrx_word' id='word_1_114' title='bbox 427 1287 467 1329; x_wconf 54' lang='lat'>¹5³</span> <span class='ocrx_word' id='word_1_115' title='bbox 488 1282 535 1326; x_wconf 89' lang='lat' dir='ltr'>in</span> <span class='ocrx_word' id='word_1_116' title='bbox 568 1281 662 1327; x_wconf 87' lang='lat' dir='ltr'>alto</span> <span class='ocrx_word' id='word_1_117' title='bbox 697 1281 958 1330; x_wconf 89' lang='lat' dir='ltr'>merserunt.</span> <span class='ocrx_word' id='word_1_118' title='bbox 996 1285 1127 1348; x_wconf 77' lang='lat' dir='ltr'>Qud</span> <span class='ocrx_word' id='word_1_119' title='bbox 1161 1301 1291 1335; x_wconf 78' lang='lat' dir='ltr'>tanto</span> <span class='ocrx_word' id='word_1_120' title='bbox 1327 1288 1526 1337; x_wconf 88' lang='lat' dir='ltr'>facinore</span> <span class='ocrx_word' id='word_1_121' title='bbox 1561 1291 1792 1354; x_wconf 86' lang='lat' dir='ltr'>petentes?</span> 
     </span>
    </p>
   </div>
   <div class='ocr_carea' id='block_1_9' title="bbox 1480 1213 2141 1263">
    <p class='ocr_par' dir='ltr' id='par_1_10' title="bbox 1480 1213 2141 1263">
     <span class='ocr_line' id='line_1_17' title="bbox 1480 1213 2141 1263; baseline 0.005 -3"><span class='ocrx_word' id='word_1_122' title='bbox 1480 1220 1518 1250; x_wconf 72' lang='lat'>¹3</span> <span class='ocrx_word' id='word_1_123' title='bbox 1547 1213 1802 1262; x_wconf 75' lang='lat' dir='ltr'>simulantes</span> <span class='ocrx_word' id='word_1_124' title='bbox 1834 1215 1917 1262; x_wconf 92' lang='lat' dir='ltr'>sese</span> <span class='ocrx_word' id='word_1_125' title='bbox 1952 1217 2141 1263; x_wconf 87' lang='lat' dir='ltr'>domum</span> 
     </span>
    </p>
   </div>
   <div class='ocr_carea' id='block_1_10' title="bbox 147 1358 2141 1433">
    <p class='ocr_par' dir='ltr' id='par_1_11' title="bbox 147 1358 2141 1433">
     <span class='ocr_line' id='line_1_18' title="bbox 147 1358 2141 1433; baseline 0.007 -28"><span class='ocrx_word' id='word_1_126' title='bbox 147 1359 236 1406; x_wconf 86' lang='lat' dir='ltr'>riae</span> <span class='ocrx_word' id='word_1_127' title='bbox 270 1376 430 1406; x_wconf 88' lang='lat' dir='ltr'>eorum</span> <span class='ocrx_word' id='word_1_128' title='bbox 466 1358 611 1407; x_wconf 89' lang='lat' dir='ltr'>socius</span> <span class='ocrx_word' id='word_1_129' title='bbox 645 1359 911 1424; x_wconf 83' lang='lat' dir='ltr'>supereffet?</span> <span class='ocrx_word' id='word_1_130' title='bbox 947 1364 1107 1413; x_wconf 82' lang='lat' dir='ltr'>Exstat</span> <span class='ocrx_word' id='word_1_131' title='bbox 1141 1367 1435 1415; x_wconf 85' lang='lat' dir='ltr'>nihilominus</span> <span class='ocrx_word' id='word_1_132' title='bbox 1456 1403 1471 1428; x_wconf 82' lang='lat'>‚</span> <span class='ocrx_word' id='word_1_133' title='bbox 1523 1368 1568 1416; x_wconf 67' lang='grc' dir='ltr'>ὅ(</span> <span class='ocrx_word' id='word_1_134' title='bbox 1600 1368 1782 1433; x_wconf 87' lang='lat' dir='ltr'>quidem</span> <span class='ocrx_word' id='word_1_135' title='bbox 1817 1387 1923 1418; x_wconf 91' lang='lat' dir='ltr'>cum</span> <span class='ocrx_word' id='word_1_136' title='bbox 1957 1372 2141 1418; x_wconf 88' lang='lat' dir='ltr'>illorum</span> 
     </span>
    </p>
   </div>
   <div class='ocr_carea' id='block_1_11' title="bbox 2061 1469 2145 1515">
    <p class='ocr_par' dir='ltr' id='par_1_12' title="bbox 2061 1469 2145 1515">
     <span class='ocr_line' id='line_1_19' title="bbox 2061 1469 2145 1515; baseline 0 -17"><span class='ocrx_word' id='word_1_137' title='bbox 2061 1469 2145 1515; x_wconf 81' lang='lat' dir='ltr'>op·</span> 
     </span>
    </p>
   </div>
   <div class='ocr_carea' id='block_1_12' title="bbox 149 1569 2139 1627">
    <p class='ocr_par' dir='ltr' id='par_1_13' title="bbox 149 1569 2139 1627">
     <span class='ocr_line' id='line_1_20' title="bbox 149 1569 2139 1627; baseline 0.005 -21"><span class='ocrx_word' id='word_1_138' title='bbox 149 1569 196 1606; x_wconf 90' lang='lat' dir='ltr'>de</span> <span class='ocrx_word' id='word_1_139' title='bbox 225 1569 375 1607; x_wconf 41' lang='lat' dir='ltr'>Fabio*</span> <span class='ocrx_word' id='word_1_140' title='bbox 404 1569 493 1606; x_wconf 59' lang='lat' dir='ltr'>fecit</span> <span class='ocrx_word' id='word_1_141' title='bbox 516 1570 650 1614; x_wconf 70' lang='lat' dir='ltr'>facinus</span> <span class='ocrx_word' id='word_1_142' title='bbox 678 1569 780 1606; x_wconf 78' lang='lat' dir='ltr'>etiam</span> <span class='ocrx_word' id='word_1_143' title='bbox 810 1571 941 1608; x_wconf 77' lang='lat' dir='ltr'>ultimis</span> <span class='ocrx_word' id='word_1_144' title='bbox 970 1572 1124 1611; x_wconf 77' lang='lat' dir='ltr'>barbaris</span> <span class='ocrx_word' id='word_1_145' title='bbox 1174 1576 1308 1624; x_wconf 85' lang='lat' dir='ltr'>prodit.</span> <span class='ocrx_word' id='word_1_146' title='bbox 1362 1577 1424 1615; x_wconf 86' lang='lat' dir='ltr'>Ad</span> <span class='ocrx_word' id='word_1_147' title='bbox 1453 1578 1521 1616; x_wconf 83' lang='lat' dir='ltr'>alia</span> <span class='ocrx_word' id='word_1_148' title='bbox 1550 1579 1843 1627; x_wconf 79' lang='lat' dir='ltr'>progrediamur.</span> <span class='ocrx_word' id='word_1_149' title='bbox 1866 1579 2139 1617; x_wconf 68' lang='lat' dir='ltr'>GLAREAN„</span> 
     </span>
    </p>
   </div>
   <div class='ocr_carea' id='block_1_13' title="bbox 131 1620 1121 3051">
    <p class='ocr_par' dir='ltr' id='par_1_14' title="bbox 137 1620 1121 2330">
     <span class='ocr_line' id='line_1_21' title="bbox 143 1620 1121 1669; baseline 0.005 -12"><span class='ocrx_word' id='word_1_150' title='bbox 143 1621 298 1669; x_wconf 78' lang='lat' dir='ltr'>Scythiae</span> <span class='ocrx_word' id='word_1_151' title='bbox 321 1648 331 1664; x_wconf 92' lang='lat'>‚</span> <span class='ocrx_word' id='word_1_152' title='bbox 368 1635 431 1656; x_wconf 88' lang='lat' dir='ltr'>non</span> <span class='ocrx_word' id='word_1_153' title='bbox 460 1620 568 1656; x_wconf 78' lang='lat' dir='ltr'>dicam</span> <span class='ocrx_word' id='word_1_154' title='bbox 602 1623 773 1669; x_wconf 74' lang='lat' dir='ltr'>Romanae</span> <span class='ocrx_word' id='word_1_155' title='bbox 795 1620 878 1666; x_wconf 67' lang='lat' dir='ltr'>fidei</span> <span class='ocrx_word' id='word_1_156' title='bbox 905 1630 950 1659; x_wconf 74' lang='lat'>&lt;9¹</span> <span class='ocrx_word' id='word_1_157' title='bbox 971 1624 1121 1662; x_wconf 73' lang='lat' dir='ltr'>modera-</span> 
     </span>
     <span class='ocr_line' id='line_1_22' title="bbox 145 1671 1120 1723; baseline 0.006 -16"><span class='ocrx_word' id='word_1_158' title='bbox 145 1673 230 1708; x_wconf 78' lang='lat' dir='ltr'>tioni</span> <span class='ocrx_word' id='word_1_159' title='bbox 256 1671 465 1719; x_wconf 79' lang='lat' dir='ltr'>exsecrahtle.</span> <span class='ocrx_word' id='word_1_160' title='bbox 518 1673 717 1722; x_wconf 68' lang='lat' dir='ltr'>Quingentis</span> <span class='ocrx_word' id='word_1_161' title='bbox 745 1674 831 1708; x_wconf 83' lang='lat' dir='ltr'>enim</span> <span class='ocrx_word' id='word_1_162' title='bbox 849 1675 1051 1723; x_wconf 78' lang='lat' dir='ltr'>principibus</span> <span class='ocrx_word' id='word_1_163' title='bbox 1070 1692 1120 1713; x_wconf 84' lang='lat' dir='ltr'>eo-</span> 
     </span>
     <span class='ocr_line' id='line_1_23' title="bbox 146 1721 1120 1774; baseline 0.005 -16"><span class='ocrx_word' id='word_1_164' title='bbox 146 1736 219 1758; x_wconf 86' lang='lat' dir='ltr'>rum</span> <span class='ocrx_word' id='word_1_165' title='bbox 233 1750 243 1765; x_wconf 93' lang='lat'><em>‚</em></span> <span class='ocrx_word' id='word_1_166' title='bbox 271 1736 350 1772; x_wconf 75' lang='lat' dir='ltr'>quos</span> <span class='ocrx_word' id='word_1_167' title='bbox 365 1724 524 1769; x_wconf 79' lang='lat' dir='ltr'>societate</span> <span class='ocrx_word' id='word_1_168' title='bbox 544 1725 708 1760; x_wconf 59' lang='lat' dir='ltr'>inauratos</span> <span class='ocrx_word' id='word_1_169' title='bbox 728 1721 909 1759; x_wconf 81' lang='lat' dir='ltr'>deditionis</span> <span class='ocrx_word' id='word_1_170' title='bbox 925 1730 999 1768; x_wconf 84' lang='lat' dir='ltr'>jure</span> <span class='ocrx_word' id='word_1_171' title='bbox 1010 1729 1120 1774; x_wconf 85' lang='lat' dir='ltr'>susce·</span> 
     </span>
     <span class='ocr_line' id='line_1_24' title="bbox 140 1773 1119 1822; baseline 0.007 -14"><span class='ocrx_word' id='word_1_172' title='bbox 140 1784 262 1822; x_wconf 81' lang='lat' dir='ltr'>perat,</span> <span class='ocrx_word' id='word_1_173' title='bbox 290 1787 407 1809; x_wconf 80' lang='lat' dir='ltr'>manus</span> <span class='ocrx_word' id='word_1_174' title='bbox 435 1773 608 1822; x_wconf 58' lang='lat' dir='ltr'>praecidit.</span> <span class='ocrx_word' id='word_1_175' title='bbox 664 1773 735 1812; x_wconf 88' lang='lat' dir='ltr'>Sed</span> <span class='ocrx_word' id='word_1_176' title='bbox 757 1786 870 1822; x_wconf 87' lang='lat' dir='ltr'>quam</span> <span class='ocrx_word' id='word_1_177' title='bbox 893 1775 967 1812; x_wconf 90' lang='lat' dir='ltr'>hoc</span> <span class='ocrx_word' id='word_1_178' title='bbox 987 1776 1119 1815; x_wconf 87' lang='lat' dir='ltr'>leniter</span> 
     </span>
     <span class='ocr_line' id='line_1_25' title="bbox 146 1823 1118 1875; baseline 0.003 -14"><span class='ocrx_word' id='word_1_179' title='bbox 146 1824 327 1862; x_wconf 83' lang='lat' dir='ltr'>Valerius.</span> <span class='ocrx_word' id='word_1_180' title='bbox 362 1823 438 1861; x_wconf 86' lang='lat' dir='ltr'>Vix</span> <span class='ocrx_word' id='word_1_181' title='bbox 468 1825 682 1873; x_wconf 84' lang='lat' dir='ltr'>perstringit.</span> <span class='ocrx_word' id='word_1_182' title='bbox 713 1824 909 1863; x_wconf 89' lang='lat' dir='ltr'>COLER.</span> <span class='ocrx_word' id='word_1_183' title='bbox 946 1829 1118 1875; x_wconf 83' lang='lat' dir='ltr'>Duplicem</span> 
     </span>
     <span class='ocr_line' id='line_1_26' title="bbox 139 1874 1119 1929; baseline 0.008 -19"><span class='ocrx_word' id='word_1_184' title='bbox 139 1874 299 1922; x_wconf 78' lang='lat' dir='ltr'>perfidiae</span> <span class='ocrx_word' id='word_1_185' title='bbox 328 1878 565 1922; x_wconf 78' lang='lat' dir='ltr'>accusationem</span> <span class='ocrx_word' id='word_1_186' title='bbox 593 1877 736 1924; x_wconf 80' lang='lat' dir='ltr'>recepit:</span> <span class='ocrx_word' id='word_1_187' title='bbox 763 1877 799 1912; x_wconf 81' lang='lat' dir='ltr'>in</span> <span class='ocrx_word' id='word_1_188' title='bbox 822 1878 947 1914; x_wconf 83' lang='lat' dir='ltr'>amicis.</span> <span class='ocrx_word' id='word_1_189' title='bbox 976 1879 1119 1929; x_wconf 77' lang='lat' dir='ltr'>Aequis</span> 
     </span>
     <span class='ocr_line' id='line_1_27' title="bbox 144 1925 1112 1975; baseline 0.007 -13"><span class='ocrx_word' id='word_1_190' title='bbox 144 1925 419 1969; x_wconf 65' lang='lat' dir='ltr'>conditionibus</span> <span class='ocrx_word' id='word_1_191' title='bbox 450 1938 536 1964; x_wconf 88' lang='lat' dir='ltr'>cum</span> <span class='ocrx_word' id='word_1_192' title='bbox 556 1927 704 1964; x_wconf 88' lang='lat' dir='ltr'>Viriato</span> <span class='ocrx_word' id='word_1_193' title='bbox 732 1938 803 1974; x_wconf 82' lang='lat' dir='ltr'>pax</span> <span class='ocrx_word' id='word_1_194' title='bbox 825 1927 922 1965; x_wconf 61' lang='lat' dir='ltr'>facia</span> <span class='ocrx_word' id='word_1_195' title='bbox 943 1938 1044 1975; x_wconf 83' lang='lat' dir='ltr'>erat,</span> <span class='ocrx_word' id='word_1_196' title='bbox 1072 1940 1112 1969; x_wconf 83' lang='lat' dir='ltr'>ut</span> 
     </span>
     <span class='ocr_line' id='line_1_28' title="bbox 145 1976 1112 2027; baseline 0.008 -15"><span class='ocrx_word' id='word_1_197' title='bbox 145 1976 194 2013; x_wconf 91' lang='lat' dir='ltr'>est</span> <span class='ocrx_word' id='word_1_198' title='bbox 221 1976 259 2013; x_wconf 90' lang='lat' dir='ltr'>in</span> <span class='ocrx_word' id='word_1_199' title='bbox 288 1977 454 2024; x_wconf 86' lang='lat' dir='ltr'>epitome</span> <span class='ocrx_word' id='word_1_200' title='bbox 492 1977 574 2014; x_wconf 88' lang='lat' dir='ltr'>Lib.</span> <span class='ocrx_word' id='word_1_201' title='bbox 601 1990 686 2015; x_wconf 78' lang='lat' dir='ltr'>L1v.</span> <span class='ocrx_word' id='word_1_202' title='bbox 723 1977 834 2015; x_wconf 92' lang='lat' dir='ltr'>Livii.</span> <span class='ocrx_word' id='word_1_203' title='bbox 893 1979 1112 2027; x_wconf 82' lang='lat' dir='ltr'>Agnoscunt</span> 
     </span>
     <span class='ocr_line' id='line_1_29' title="bbox 139 2027 1109 2077; baseline 0.007 -14"><span class='ocrx_word' id='word_1_204' title='bbox 139 2027 250 2075; x_wconf 85' lang='lat' dir='ltr'>igitur</span> <span class='ocrx_word' id='word_1_205' title='bbox 277 2028 441 2064; x_wconf 88' lang='lat' dir='ltr'>Romani</span> <span class='ocrx_word' id='word_1_206' title='bbox 468 2027 684 2074; x_wconf 81' lang='lat' dir='ltr'>scriptores,</span> <span class='ocrx_word' id='word_1_207' title='bbox 715 2039 799 2065; x_wconf 89' lang='lat' dir='ltr'>eam</span> <span class='ocrx_word' id='word_1_208' title='bbox 830 2040 963 2077; x_wconf 81' lang='lat' dir='ltr'>pacem</span> <span class='ocrx_word' id='word_1_209' title='bbox 988 2032 1109 2071; x_wconf 84' lang='lat' dir='ltr'>serva-</span> 
     </span>
     <span class='ocr_line' id='line_1_30' title="bbox 141 2076 1108 2126; baseline 0.008 -12"><span class='ocrx_word' id='word_1_210' title='bbox 141 2079 172 2115; x_wconf 86' lang='lat' dir='ltr'>ri</span> <span class='ocrx_word' id='word_1_211' title='bbox 200 2076 381 2122; x_wconf 76' lang='lat' dir='ltr'>debuisse,</span> <span class='ocrx_word' id='word_1_212' title='bbox 407 2088 478 2114; x_wconf 89' lang='lat' dir='ltr'>nec</span> <span class='ocrx_word' id='word_1_213' title='bbox 499 2078 688 2115; x_wconf 85' lang='lat' dir='ltr'>Viriatum</span> <span class='ocrx_word' id='word_1_214' title='bbox 717 2090 782 2126; x_wconf 88' lang='lat' dir='ltr'>per</span> <span class='ocrx_word' id='word_1_215' title='bbox 810 2079 953 2118; x_wconf 86' lang='lat' dir='ltr'>infidias</span> <span class='ocrx_word' id='word_1_216' title='bbox 976 2084 1108 2122; x_wconf 89' lang='lat' dir='ltr'>occidi.</span> 
     </span>
     <span class='ocr_line' id='line_1_31' title="bbox 143 2128 1106 2180; baseline 0.007 -15"><span class='ocrx_word' id='word_1_217' title='bbox 143 2130 279 2179; x_wconf 87' lang='lat' dir='ltr'>Neque</span> <span class='ocrx_word' id='word_1_218' title='bbox 308 2141 398 2167; x_wconf 85' lang='lat' dir='ltr'>vero</span> <span class='ocrx_word' id='word_1_219' title='bbox 419 2128 504 2166; x_wconf 77' lang='lat' dir='ltr'>talia</span> <span class='ocrx_word' id='word_1_220' title='bbox 525 2130 609 2177; x_wconf 90' lang='lat' dir='ltr'>jure</span> <span class='ocrx_word' id='word_1_221' title='bbox 630 2140 822 2166; x_wconf 89' lang='lat' dir='ltr'>armorum</span> <span class='ocrx_word' id='word_1_222' title='bbox 842 2131 918 2178; x_wconf 82' lang='lat' dir='ltr'>regi</span> <span class='ocrx_word' id='word_1_223' title='bbox 937 2131 1106 2180; x_wconf 76' lang='lat' dir='ltr'>possunt,</span> 
     </span>
     <span class='ocr_line' id='line_1_32' title="bbox 138 2179 1105 2233; baseline 0.002 -16"><span class='ocrx_word' id='word_1_224' title='bbox 138 2180 200 2218; x_wconf 85' lang='lat' dir='ltr'>sed</span> <span class='ocrx_word' id='word_1_225' title='bbox 228 2181 322 2218; x_wconf 84' lang='lat' dir='ltr'>inter</span> <span class='ocrx_word' id='word_1_226' title='bbox 349 2180 483 2228; x_wconf 83' lang='lat' dir='ltr'>flagitia</span> <span class='ocrx_word' id='word_1_227' title='bbox 507 2179 590 2216; x_wconf 88' lang='lat' dir='ltr'>belli</span> <span class='ocrx_word' id='word_1_228' title='bbox 616 2179 844 2217; x_wconf 87' lang='lat' dir='ltr'>numeranda</span> <span class='ocrx_word' id='word_1_229' title='bbox 874 2181 966 2219; x_wconf 89' lang='lat' dir='ltr'>sunt.</span> <span class='ocrx_word' id='word_1_230' title='bbox 1018 2187 1105 2233; x_wconf 83' lang='lat' dir='ltr'>Qua</span> 
     </span>
     <span class='ocr_line' id='line_1_33' title="bbox 141 2230 1102 2280; baseline 0.005 -11"><span class='ocrx_word' id='word_1_231' title='bbox 141 2231 188 2269; x_wconf 90' lang='lat' dir='ltr'>de</span> <span class='ocrx_word' id='word_1_232' title='bbox 212 2243 250 2268; x_wconf 88' lang='lat' dir='ltr'>re</span> <span class='ocrx_word' id='word_1_233' title='bbox 270 2232 387 2280; x_wconf 85' lang='lat' dir='ltr'>Hugo</span> <span class='ocrx_word' id='word_1_234' title='bbox 410 2230 563 2267; x_wconf 87' lang='lat' dir='ltr'>Grotius</span> <span class='ocrx_word' id='word_1_235' title='bbox 583 2230 627 2267; x_wconf 87' lang='lat' dir='ltr'>de</span> <span class='ocrx_word' id='word_1_236' title='bbox 650 2231 734 2280; x_wconf 89' lang='lat' dir='ltr'>jure</span> <span class='ocrx_word' id='word_1_237' title='bbox 763 2231 860 2279; x_wconf 80' lang='lat' dir='ltr'>pacis</span> <span class='ocrx_word' id='word_1_238' title='bbox 881 2233 919 2269; x_wconf 88' lang='lat'>&amp;</span> <span class='ocrx_word' id='word_1_239' title='bbox 939 2234 1022 2272; x_wconf 88' lang='lat' dir='ltr'>belli</span> <span class='ocrx_word' id='word_1_240' title='bbox 1041 2249 1102 2274; x_wconf 88' lang='lat'>111.</span> 
     </span>
     <span class='ocr_line' id='line_1_34' title="bbox 137 2281 594 2330; baseline -0.004 -10"><span class='ocrx_word' id='word_1_241' title='bbox 137 2294 171 2328; x_wconf 71' lang='lat'>4.</span> <span class='ocrx_word' id='word_1_242' title='bbox 202 2283 260 2320; x_wconf 87' lang='lat'>18.</span> <span class='ocrx_word' id='word_1_243' title='bbox 287 2284 371 2330; x_wconf 85' lang='lat' dir='ltr'>agit.</span> <span class='ocrx_word' id='word_1_244' title='bbox 397 2281 594 2319; x_wconf 85' lang='lat' dir='ltr'><strong>VORST.</strong></span> 
     </span>
    </p>

    <p class='ocr_par' dir='ltr' id='par_1_15' title="bbox 131 2330 1103 3051">
     <span class='ocr_line' id='line_1_35' title="bbox 192 2330 1100 2382; baseline 0.006 -12"><span class='ocrx_word' id='word_1_245' title='bbox 192 2345 249 2370; x_wconf 91' lang='lat'>10.</span> <span class='ocrx_word' id='word_1_246' title='bbox 285 2335 327 2381; x_wconf 60' lang='lat'>2</span> <span class='ocrx_word' id='word_1_247' title='bbox 363 2334 509 2370; x_wconf 62' lang='lat' dir='ltr'>Servilio</span> <span class='ocrx_word' id='word_1_248' title='bbox 540 2330 720 2382; x_wconf 72' lang='lat' dir='ltr'>Caepione]</span> <span class='ocrx_word' id='word_1_249' title='bbox 765 2332 882 2381; x_wconf 91' lang='lat' dir='ltr'>Quod</span> <span class='ocrx_word' id='word_1_250' title='bbox 910 2334 984 2372; x_wconf 89' lang='lat' dir='ltr'>hoc</span> <span class='ocrx_word' id='word_1_251' title='bbox 1012 2336 1100 2376; x_wconf 86' lang='lat' dir='ltr'>loco</span> 
     </span>
     <span class='ocr_line' id='line_1_36' title="bbox 139 2382 1102 2427; baseline 0.006 -6"><span class='ocrx_word' id='word_1_252' title='bbox 139 2384 272 2421; x_wconf 85' lang='lat' dir='ltr'>author</span> <span class='ocrx_word' id='word_1_253' title='bbox 294 2384 450 2421; x_wconf 85' lang='lat' dir='ltr'>Servilio</span> <span class='ocrx_word' id='word_1_254' title='bbox 480 2384 572 2421; x_wconf 89' lang='lat' dir='ltr'>vitio</span> <span class='ocrx_word' id='word_1_255' title='bbox 603 2382 792 2426; x_wconf 85' lang='lat' dir='ltr'>adscribit,</span> <span class='ocrx_word' id='word_1_256' title='bbox 820 2384 895 2421; x_wconf 88' lang='lat' dir='ltr'>hoc</span> <span class='ocrx_word' id='word_1_257' title='bbox 922 2385 1019 2425; x_wconf 87' lang='lat' dir='ltr'>laudi</span> <span class='ocrx_word' id='word_1_258' title='bbox 1041 2388 1102 2427; x_wconf 88' lang='lat' dir='ltr'>dat</span> 
     </span>
     <span class='ocr_line' id='line_1_37' title="bbox 139 2433 1103 2485; baseline 0.007 -15"><span class='ocrx_word' id='word_1_259' title='bbox 139 2433 220 2471; x_wconf 84' lang='lat' dir='ltr'>Sall.</span> <span class='ocrx_word' id='word_1_260' title='bbox 247 2435 284 2471; x_wconf 88' lang='lat' dir='ltr'>in</span> <span class='ocrx_word' id='word_1_261' title='bbox 314 2435 496 2479; x_wconf 84' lang='lat' dir='ltr'>Metello,</span> <span class='ocrx_word' id='word_1_262' title='bbox 534 2434 598 2484; x_wconf 89' lang='lat' dir='ltr'>qui</span> <span class='ocrx_word' id='word_1_263' title='bbox 624 2435 662 2471; x_wconf 88' lang='lat' dir='ltr'>in</span> <span class='ocrx_word' id='word_1_264' title='bbox 692 2435 910 2482; x_wconf 84' lang='lat' dir='ltr'>Jugurtham</span> <span class='ocrx_word' id='word_1_265' title='bbox 937 2449 1000 2485; x_wconf 90' lang='lat' dir='ltr'>per</span> <span class='ocrx_word' id='word_1_266' title='bbox 1022 2440 1103 2477; x_wconf 89' lang='lat' dir='ltr'>Nu·</span> 
     </span>
     <span class='ocr_line' id='line_1_38' title="bbox 140 2484 1102 2537; baseline 0.007 -16"><span class='ocrx_word' id='word_1_267' title='bbox 140 2485 258 2523; x_wconf 86' lang='lat' dir='ltr'>midas</span> <span class='ocrx_word' id='word_1_268' title='bbox 278 2487 316 2522; x_wconf 87' lang='lat'>&amp;</span> <span class='ocrx_word' id='word_1_269' title='bbox 339 2486 503 2524; x_wconf 83' lang='lat' dir='ltr'>maxime</span> <span class='ocrx_word' id='word_1_270' title='bbox 523 2484 772 2523; x_wconf 86' lang='lat' dir='ltr'>Bomilcarem</span> <span class='ocrx_word' id='word_1_271' title='bbox 791 2485 877 2524; x_wconf 85' lang='lat' dir='ltr'>talia</span> <span class='ocrx_word' id='word_1_272' title='bbox 908 2488 1013 2537; x_wconf 87' lang='lat' dir='ltr'>saepe</span> <span class='ocrx_word' id='word_1_273' title='bbox 1041 2502 1102 2528; x_wconf 89' lang='lat' dir='ltr'>co-</span> 
     </span>
     <span class='ocr_line' id='line_1_39' title="bbox 135 2535 1103 2587; baseline 0.006 -14"><span class='ocrx_word' id='word_1_274' title='bbox 135 2543 242 2573; x_wconf 78' lang='lat' dir='ltr'>natus</span> <span class='ocrx_word' id='word_1_275' title='bbox 272 2548 464 2587; x_wconf 85' lang='lat' dir='ltr'>nunquam</span> <span class='ocrx_word' id='word_1_276' title='bbox 494 2545 623 2574; x_wconf 86' lang='lat' dir='ltr'>tamen</span> <span class='ocrx_word' id='word_1_277' title='bbox 644 2536 690 2574; x_wconf 83' lang='lat' dir='ltr'>ad</span> <span class='ocrx_word' id='word_1_278' title='bbox 717 2535 893 2575; x_wconf 64' lang='lat' dir='ltr'>effectum</span> <span class='ocrx_word' id='word_1_279' title='bbox 924 2539 1103 2579; x_wconf 84' lang='lat' dir='ltr'>deducere</span> 
     </span>
     <span class='ocr_line' id='line_1_40' title="bbox 136 2587 1102 2636; baseline 0.008 -13"><span class='ocrx_word' id='word_1_280' title='bbox 136 2587 270 2634; x_wconf 80' lang='lat' dir='ltr'>potuit.</span> <span class='ocrx_word' id='word_1_281' title='bbox 318 2589 438 2626; x_wconf 88' lang='lat' dir='ltr'>Multa</span> <span class='ocrx_word' id='word_1_282' title='bbox 470 2588 508 2625; x_wconf 90' lang='lat' dir='ltr'>in</span> <span class='ocrx_word' id='word_1_283' title='bbox 537 2589 592 2625; x_wconf 88' lang='lat' dir='ltr'>his</span> <span class='ocrx_word' id='word_1_284' title='bbox 620 2588 798 2636; x_wconf 84' lang='lat' dir='ltr'>exemplis</span> <span class='ocrx_word' id='word_1_285' title='bbox 827 2589 1102 2632; x_wconf 79' lang='lat' dir='ltr'>cavillationem</span> 
     </span>
     <span class='ocr_line' id='line_1_41' title="bbox 131 2637 1103 2688; baseline 0.007 -14"><span class='ocrx_word' id='word_1_286' title='bbox 131 2637 357 2685; x_wconf 84' lang='lat' dir='ltr'>suscipiunt,</span> <span class='ocrx_word' id='word_1_287' title='bbox 406 2647 447 2676; x_wconf 88' lang='lat' dir='ltr'>ut</span> <span class='ocrx_word' id='word_1_288' title='bbox 476 2638 587 2688; x_wconf 85' lang='lat' dir='ltr'>paulo</span> <span class='ocrx_word' id='word_1_289' title='bbox 614 2647 700 2676; x_wconf 86' lang='lat' dir='ltr'>ante</span> <span class='ocrx_word' id='word_1_290' title='bbox 728 2639 774 2676; x_wconf 87' lang='lat' dir='ltr'>de</span> <span class='ocrx_word' id='word_1_291' title='bbox 803 2641 1019 2681; x_wconf 80' lang='lat' dir='ltr'>Hannibalis</span> <span class='ocrx_word' id='word_1_292' title='bbox 1047 2644 1103 2681; x_wconf 86' lang='lat' dir='ltr'>su-</span> 
     </span>
     <span class='ocr_line' id='line_1_42' title="bbox 132 2688 1102 2740; baseline 0.008 -16"><span class='ocrx_word' id='word_1_293' title='bbox 132 2688 258 2736; x_wconf 84' lang='lat' dir='ltr'>perbia</span> <span class='ocrx_word' id='word_1_294' title='bbox 287 2690 366 2736; x_wconf 89' lang='lat' dir='ltr'>post</span> <span class='ocrx_word' id='word_1_295' title='bbox 386 2689 627 2727; x_wconf 80' lang='lat' dir='ltr'>Cannensem</span> <span class='ocrx_word' id='word_1_296' title='bbox 660 2701 847 2738; x_wconf 80' lang='lat' dir='ltr'>pugnam,</span> <span class='ocrx_word' id='word_1_297' title='bbox 873 2693 975 2740; x_wconf 87' lang='lat' dir='ltr'>cujus</span> <span class='ocrx_word' id='word_1_298' title='bbox 1004 2703 1102 2732; x_wconf 81' lang='lat' dir='ltr'>certe</span> 
     </span>
     <span class='ocr_line' id='line_1_43' title="bbox 136 2740 1100 2790; baseline 0.008 -14"><span class='ocrx_word' id='word_1_299' title='bbox 136 2740 267 2776; x_wconf 88' lang='lat' dir='ltr'>Livius</span> <span class='ocrx_word' id='word_1_300' title='bbox 292 2750 372 2776; x_wconf 91' lang='grc'><strong>11011</strong></span> <span class='ocrx_word' id='word_1_301' title='bbox 405 2741 577 2777; x_wconf 87' lang='lat' dir='ltr'>meminit</span> <span class='ocrx_word' id='word_1_302' title='bbox 599 2768 609 2783; x_wconf 91' lang='lat'>‚</span> <span class='ocrx_word' id='word_1_303' title='bbox 656 2752 726 2777; x_wconf 86' lang='lat' dir='ltr'>nec</span> <span class='ocrx_word' id='word_1_304' title='bbox 757 2741 832 2789; x_wconf 86' lang='lat' dir='ltr'>ejus</span> <span class='ocrx_word' id='word_1_305' title='bbox 863 2743 1036 2790; x_wconf 83' lang='lat' dir='ltr'>perfidiae</span> <span class='ocrx_word' id='word_1_306' title='bbox 1062 2747 1100 2784; x_wconf 90' lang='lat' dir='ltr'>in</span> 
     </span>
     <span class='ocr_line' id='line_1_44' title="bbox 134 2791 1101 2838; baseline 0.007 -11"><span class='ocrx_word' id='word_1_307' title='bbox 134 2791 357 2827; x_wconf 85' lang='lat' dir='ltr'>Nucerinos.</span> <span class='ocrx_word' id='word_1_308' title='bbox 392 2791 452 2827; x_wconf 91' lang='lat' dir='ltr'>De</span> <span class='ocrx_word' id='word_1_309' title='bbox 473 2791 688 2838; x_wconf 87' lang='lat' dir='ltr'>Xanthippo</span> <span class='ocrx_word' id='word_1_310' title='bbox 711 2792 822 2828; x_wconf 82' lang='lat' dir='ltr'>etiam</span> <span class='ocrx_word' id='word_1_311' title='bbox 845 2793 1101 2834; x_wconf 85' lang='lat' dir='ltr'>Lacedaemo-</span> 
     </span>
     <span class='ocr_line' id='line_1_45' title="bbox 135 2841 1099 2890; baseline 0.008 -12"><span class='ocrx_word' id='word_1_312' title='bbox 135 2842 200 2878; x_wconf 88' lang='lat' dir='ltr'>nio</span> <span class='ocrx_word' id='word_1_313' title='bbox 232 2841 458 2878; x_wconf 80' lang='lat' dir='ltr'>contrarium</span> <span class='ocrx_word' id='word_1_314' title='bbox 495 2841 613 2878; x_wconf 82' lang='lat' dir='ltr'>scribit</span> <span class='ocrx_word' id='word_1_315' title='bbox 642 2841 828 2890; x_wconf 85' lang='lat' dir='ltr'>Polybius.</span> <span class='ocrx_word' id='word_1_316' title='bbox 882 2845 933 2882; x_wconf 84' lang='lat' dir='ltr'>At</span> <span class='ocrx_word' id='word_1_317' title='bbox 962 2858 1029 2884; x_wconf 83' lang='lat' dir='ltr'>nos</span> <span class='ocrx_word' id='word_1_318' title='bbox 1057 2860 1099 2886; x_wconf 81' lang='lat' dir='ltr'>ea</span> 
     </span>
     <span class='ocr_line' id='line_1_46' title="bbox 131 2891 1100 2944; baseline 0.007 -15"><span class='ocrx_word' id='word_1_319' title='bbox 131 2892 237 2929; x_wconf 87' lang='lat' dir='ltr'>latius</span> <span class='ocrx_word' id='word_1_320' title='bbox 275 2892 441 2941; x_wconf 85' lang='lat' dir='ltr'>persequi</span> <span class='ocrx_word' id='word_1_321' title='bbox 486 2891 661 2930; x_wconf 53' lang='lat' dir='ltr'>nolumus</span> <span class='ocrx_word' id='word_1_322' title='bbox 702 2904 813 2940; x_wconf 84' lang='lat' dir='ltr'>quam</span> <span class='ocrx_word' id='word_1_323' title='bbox 853 2893 958 2944; x_wconf 81' lang='lat' dir='ltr'>saepe</span> <span class='ocrx_word' id='word_1_324' title='bbox 995 2897 1100 2937; x_wconf 88' lang='lat' dir='ltr'>rebus</span> 
     </span>
     <span class='ocr_line' id='line_1_47' title="bbox 132 2942 1097 2998; baseline -0.001 -18"><span class='ocrx_word' id='word_1_325' title='bbox 132 2943 315 2981; x_wconf 85' lang='lat' dir='ltr'>variatum</span> <span class='ocrx_word' id='word_1_326' title='bbox 345 2942 386 2980; x_wconf 78' lang='lat' dir='ltr'>fit</span> <span class='ocrx_word' id='word_1_327' title='bbox 425 2944 462 2980; x_wconf 92' lang='lat' dir='ltr'>in</span> <span class='ocrx_word' id='word_1_328' title='bbox 493 2944 665 2981; x_wconf 84' lang='lat' dir='ltr'>Romana</span> <span class='ocrx_word' id='word_1_329' title='bbox 695 2943 841 2981; x_wconf 82' lang='lat' dir='ltr'>historia</span> <span class='ocrx_word' id='word_1_330' title='bbox 861 2973 872 2987; x_wconf 92' lang='lat'><strong>,</strong></span> <span class='ocrx_word' id='word_1_331' title='bbox 916 2959 958 2986; x_wconf 82' lang='lat' dir='ltr'>ac</span> <span class='ocrx_word' id='word_1_332' title='bbox 986 2949 1097 2998; x_wconf 62' lang='lat' dir='ltr'>negli-</span> 
     </span>
     <span class='ocr_line' id='line_1_48' title="bbox 132 2995 1099 3051; baseline 0.006 -18"><span class='ocrx_word' id='word_1_333' title='bbox 132 2995 255 3044; x_wconf 76' lang='lat' dir='ltr'>genua</span> <span class='ocrx_word' id='word_1_334' title='bbox 277 2997 542 3033; x_wconf 87' lang='lat' dir='ltr'>Romanorum</span> <span class='ocrx_word' id='word_1_335' title='bbox 562 2995 781 3044; x_wconf 88' lang='lat' dir='ltr'>scriptorum</span> <span class='ocrx_word' id='word_1_336' title='bbox 804 2995 839 3033; x_wconf 90' lang='lat' dir='ltr'>se</span> <span class='ocrx_word' id='word_1_337' title='bbox 858 2996 931 3046; x_wconf 83' lang='lat' dir='ltr'>ipsa</span> <span class='ocrx_word' id='word_1_338' title='bbox 963 3000 1099 3051; x_wconf 87' lang='lat' dir='ltr'>ubique</span> 
     </span>
    </p>
   </div>
   <div class='ocr_carea' id='block_1_14' title="bbox 1144 1628 2140 3090">
    <p class='ocr_par' dir='ltr' id='par_1_16' title="bbox 1158 1628 2140 1971">
     <span class='ocr_line' id='line_1_49' title="bbox 1227 1628 2138 1680; baseline 0.003 -15"><span class='ocrx_word' id='word_1_339' title='bbox 1227 1641 1283 1666; x_wconf 91' lang='lat'>11.</span> <span class='ocrx_word' id='word_1_340' title='bbox 1311 1628 1373 1665; x_wconf 84' lang='lat' dir='ltr'>Sed</span> <span class='ocrx_word' id='word_1_341' title='bbox 1390 1630 1487 1680; x_wconf 83' lang='lat' dir='ltr'>emit]</span> <span class='ocrx_word' id='word_1_342' title='bbox 1516 1629 1684 1668; x_wconf 86' lang='lat' dir='ltr'>Praemia</span> <span class='ocrx_word' id='word_1_343' title='bbox 1715 1640 1842 1668; x_wconf 90' lang='lat' dir='ltr'>tamen</span> <span class='ocrx_word' id='word_1_344' title='bbox 1874 1629 2138 1678; x_wconf 75' lang='lat' dir='ltr'>percussoribus</span> 
     </span>
     <span class='ocr_line' id='line_1_50' title="bbox 1171 1680 2139 1729; baseline 0.004 -15"><span class='ocrx_word' id='word_1_345' title='bbox 1171 1687 1321 1726; x_wconf 82' lang='lat' dir='ltr'>negata.</span> <span class='ocrx_word' id='word_1_346' title='bbox 1343 1680 1496 1718; x_wconf 86' lang='lat' dir='ltr'>Orofius</span> <span class='ocrx_word' id='word_1_347' title='bbox 1514 1681 1622 1719; x_wconf 86' lang='lat' dir='ltr'>inibi:</span> <span class='ocrx_word' id='word_1_348' title='bbox 1656 1682 1836 1718; x_wconf 77' lang='lat' dir='ltr'>Viriathus</span> <span class='ocrx_word' id='word_1_349' title='bbox 1864 1692 1975 1717; x_wconf 82' lang='lat' dir='ltr'>autem</span> <span class='ocrx_word' id='word_1_350' title='bbox 1995 1696 2064 1718; x_wconf 87' lang='lat' dir='ltr'>cum</span> <span class='ocrx_word' id='word_1_351' title='bbox 2082 1693 2139 1729; x_wconf 79' lang='lat' dir='ltr'>per</span> 
     </span>
     <span class='ocr_line' id='line_1_51' title="bbox 1171 1734 2140 1781; baseline 0.004 -17"><span class='ocrx_word' id='word_1_352' title='bbox 1171 1739 1249 1765; x_wconf 82' lang='lat' dir='ltr'>XIV.</span> <span class='ocrx_word' id='word_1_353' title='bbox 1284 1744 1387 1766; x_wconf 66' lang='lat' dir='ltr'><em>anno-5</em></span> <span class='ocrx_word' id='word_1_354' title='bbox 1413 1736 1577 1781; x_wconf 70' lang='lat' dir='ltr'>RomanOS</span> <span class='ocrx_word' id='word_1_355' title='bbox 1608 1735 1720 1768; x_wconf 65' lang='lat' dir='ltr'>Duces</span> <span class='ocrx_word' id='word_1_356' title='bbox 1749 1743 1851 1781; x_wconf 69' lang='lat' dir='ltr'>atque</span> <span class='ocrx_word' id='word_1_357' title='bbox 1879 1734 2039 1768; x_wconf 69' lang='lat' dir='ltr'>exercilus</span> <span class='ocrx_word' id='word_1_358' title='bbox 2061 1744 2140 1781; x_wconf 69' lang='lat' dir='ltr'>pro-</span> 
     </span>
     <span class='ocr_line' id='line_1_52' title="bbox 1168 1779 2135 1830; baseline 0.004 -16"><span class='ocrx_word' id='word_1_359' title='bbox 1168 1779 1337 1826; x_wconf 63' lang='lat' dir='ltr'>trivisset,</span> <span class='ocrx_word' id='word_1_360' title='bbox 1372 1782 1504 1828; x_wconf 75' lang='lat' dir='ltr'>infidiis</span> <span class='ocrx_word' id='word_1_361' title='bbox 1526 1785 1662 1830; x_wconf 80' lang='lat' dir='ltr'>suorum</span> <span class='ocrx_word' id='word_1_362' title='bbox 1689 1784 1883 1829; x_wconf 61' lang='lat' dir='ltr'>imerfeflus</span> <span class='ocrx_word' id='word_1_363' title='bbox 1911 1786 1956 1828; x_wconf 71' lang='lat' dir='ltr'>est</span> <span class='ocrx_word' id='word_1_364' title='bbox 1976 1812 1987 1826; x_wconf 93' lang='lat'><em>‚</em></span> <span class='ocrx_word' id='word_1_365' title='bbox 2018 1785 2053 1820; x_wconf 81' lang='lat' dir='ltr'>in</span> <span class='ocrx_word' id='word_1_366' title='bbox 2080 1783 2135 1819; x_wconf 82' lang='lat' dir='ltr'>hoc</span> 
     </span>
     <span class='ocr_line' id='line_1_53' title="bbox 1158 1832 2134 1885; baseline 0.004 -20"><span class='ocrx_word' id='word_1_367' title='bbox 1158 1832 1232 1876; x_wconf 88' lang='lat' dir='ltr'>solo</span> <span class='ocrx_word' id='word_1_368' title='bbox 1258 1835 1414 1881; x_wconf 67' lang='lat' dir='ltr'>Romanis</span> <span class='ocrx_word' id='word_1_369' title='bbox 1436 1837 1519 1870; x_wconf 75' lang='lat' dir='ltr'>circa</span> <span class='ocrx_word' id='word_1_370' title='bbox 1550 1847 1622 1869; x_wconf 80' lang='lat' dir='ltr'>eum</span> <span class='ocrx_word' id='word_1_371' title='bbox 1642 1835 1781 1879; x_wconf 82' lang='lat' dir='ltr'>fortiter</span> <span class='ocrx_word' id='word_1_372' title='bbox 1806 1834 1981 1885; x_wconf 68' lang='lat' dir='ltr'>agentibus</span> <span class='ocrx_word' id='word_1_373' title='bbox 1999 1849 2010 1869; x_wconf 90' lang='lat'>.·</span> <span class='ocrx_word' id='word_1_374' title='bbox 2046 1834 2134 1884; x_wconf 79' lang='lat' dir='ltr'>quod</span> 
     </span>
     <span class='ocr_line' id='line_1_54' title="bbox 1161 1882 2131 1936; baseline 0.007 -21"><span class='ocrx_word' id='word_1_375' title='bbox 1161 1883 1358 1929; x_wconf 75' lang='lat' dir='ltr'>persuffores</span> <span class='ocrx_word' id='word_1_376' title='bbox 1416 1889 1488 1933; x_wconf 87' lang='lat' dir='ltr'>ejus</span> <span class='ocrx_word' id='word_1_377' title='bbox 1533 1882 1687 1936; x_wconf 78' lang='lat' dir='ltr'>indignos</span> <span class='ocrx_word' id='word_1_378' title='bbox 1730 1887 1877 1934; x_wconf 80' lang='lat' dir='ltr'>praemio</span> <span class='ocrx_word' id='word_1_379' title='bbox 1931 1884 2131 1929; x_wconf 75' lang='lat' dir='ltr'>judicarunt.</span> 
     </span>
     <span class='ocr_line' id='line_1_55' title="bbox 1168 1932 1364 1971; baseline 0.015 -3"><span class='ocrx_word' id='word_1_380' title='bbox 1168 1932 1364 1971; x_wconf 78' lang='lat' dir='ltr'>COLER.</span> 
     </span>
    </p>

    <p class='ocr_par' dir='ltr' id='par_1_17' title="bbox 1154 1983 2129 2184">
     <span class='ocr_line' id='line_1_56' title="bbox 1214 1983 2129 2035; baseline 0.003 -15"><span class='ocrx_word' id='word_1_381' title='bbox 1214 1995 1269 2020; x_wconf 89' lang='lat'>12.</span> <span class='ocrx_word' id='word_1_382' title='bbox 1296 1984 1525 2035; x_wconf 73' lang='lat' dir='ltr'>Xanthippum</span> <span class='ocrx_word' id='word_1_383' title='bbox 1546 1983 1853 2034; x_wconf 76' lang='lat' dir='ltr'>Lacedaemonium]</span> <span class='ocrx_word' id='word_1_384' title='bbox 1892 1986 2039 2023; x_wconf 77' lang='lat' dir='ltr'>Mentio</span> <span class='ocrx_word' id='word_1_385' title='bbox 2059 1986 2129 2023; x_wconf 77' lang='lat' dir='ltr'>hu-</span> 
     </span>
     <span class='ocr_line' id='line_1_57' title="bbox 1154 2034 2123 2085; baseline 0.003 -14"><span class='ocrx_word' id='word_1_386' title='bbox 1154 2034 1215 2081; x_wconf 83' lang='lat' dir='ltr'>jus</span> <span class='ocrx_word' id='word_1_387' title='bbox 1235 2036 1272 2072; x_wconf 90' lang='lat'>&amp;</span> <span class='ocrx_word' id='word_1_388' title='bbox 1289 2036 1400 2084; x_wconf 75' lang='lat' dir='ltr'>jsupra</span> <span class='ocrx_word' id='word_1_389' title='bbox 1428 2036 1522 2073; x_wconf 63' lang='lat' dir='ltr'>faeta</span> <span class='ocrx_word' id='word_1_390' title='bbox 1548 2050 1577 2074; x_wconf 86' lang='lat'>1.</span> <span class='ocrx_word' id='word_1_391' title='bbox 1612 2050 1642 2074; x_wconf 92' lang='lat'>1.</span> <span class='ocrx_word' id='word_1_392' title='bbox 1669 2050 1723 2083; x_wconf 74' lang='lat'>14.</span> <span class='ocrx_word' id='word_1_393' title='bbox 1750 2037 1852 2085; x_wconf 88' lang='lat' dir='ltr'>quod</span> <span class='ocrx_word' id='word_1_394' title='bbox 1880 2037 2013 2074; x_wconf 87' lang='lat' dir='ltr'>scilicet</span> <span class='ocrx_word' id='word_1_395' title='bbox 2040 2038 2123 2074; x_wconf 78' lang='lat' dir='ltr'>inli—</span> 
     </span>
     <span class='ocr_line' id='line_1_58' title="bbox 1160 2083 2119 2136; baseline 0.004 -15"><span class='ocrx_word' id='word_1_396' title='bbox 1160 2083 1225 2121; x_wconf 90' lang='lat' dir='ltr'>diis</span> <span class='ocrx_word' id='word_1_397' title='bbox 1255 2087 1331 2134; x_wconf 85' lang='lat' dir='ltr'>ejus</span> <span class='ocrx_word' id='word_1_398' title='bbox 1350 2086 1452 2124; x_wconf 86' lang='lat' dir='ltr'>ducis</span> <span class='ocrx_word' id='word_1_399' title='bbox 1474 2087 1609 2124; x_wconf 87' lang='lat' dir='ltr'>Atilius</span> <span class='ocrx_word' id='word_1_400' title='bbox 1631 2087 1792 2136; x_wconf 84' lang='lat' dir='ltr'>Regulus</span> <span class='ocrx_word' id='word_1_401' title='bbox 1813 2087 1859 2124; x_wconf 83' lang='lat' dir='ltr'>ad</span> <span class='ocrx_word' id='word_1_402' title='bbox 1879 2088 2119 2126; x_wconf 87' lang='lat' dir='ltr'>miserabilem</span> 
     </span>
     <span class='ocr_line' id='line_1_59' title="bbox 1159 2136 2099 2184; baseline 0.003 -11"><span class='ocrx_word' id='word_1_403' title='bbox 1159 2136 1294 2184; x_wconf 84' lang='lat' dir='ltr'>captivi</span> <span class='ocrx_word' id='word_1_404' title='bbox 1321 2138 1514 2176; x_wconf 87' lang='lat' dir='ltr'>fortunam</span> <span class='ocrx_word' id='word_1_405' title='bbox 1549 2138 1727 2176; x_wconf 60' lang='lat' dir='ltr'>deductus</span> <span class='ocrx_word' id='word_1_406' title='bbox 1757 2139 1876 2175; x_wconf 85' lang='lat' dir='ltr'>fuerit.</span> <span class='ocrx_word' id='word_1_407' title='bbox 1904 2139 2099 2177; x_wconf 83' lang='lat' dir='ltr'><strong>VORST.</strong></span> 
     </span>
    </p>

    <p class='ocr_par' dir='ltr' id='par_1_18' title="bbox 1155 2188 2124 2339">
     <span class='ocr_line' id='line_1_60' title="bbox 1210 2188 2124 2238; baseline 0.003 -14"><span class='ocrx_word' id='word_1_408' title='bbox 1210 2199 1267 2236; x_wconf 73' lang='lat'>13.</span> <span class='ocrx_word' id='word_1_409' title='bbox 1295 2189 1498 2225; x_wconf 74' lang='lat' dir='ltr'>Simulantes</span> <span class='ocrx_word' id='word_1_410' title='bbox 1519 2190 1589 2236; x_wconf 73' lang='lat' dir='ltr'>sefiz</span> <span class='ocrx_word' id='word_1_411' title='bbox 1615 2188 1764 2238; x_wconf 64' lang='lat' dir='ltr'>domum]</span> <span class='ocrx_word' id='word_1_412' title='bbox 1804 2191 1977 2227; x_wconf 89' lang='lat' dir='ltr'>Domum</span> <span class='ocrx_word' id='word_1_413' title='bbox 1999 2198 2124 2227; x_wconf 84' lang='lat' dir='ltr'>tamen</span> 
     </span>
     <span class='ocr_line' id='line_1_61' title="bbox 1155 2236 2123 2288; baseline 0.004 -14"><span class='ocrx_word' id='word_1_414' title='bbox 1155 2236 1295 2275; x_wconf 86' lang='lat' dir='ltr'>rediisse</span> <span class='ocrx_word' id='word_1_415' title='bbox 1321 2239 1479 2278; x_wconf 90' lang='lat' dir='ltr'>scribunt</span> <span class='ocrx_word' id='word_1_416' title='bbox 1506 2239 1681 2288; x_wconf 77' lang='lat' dir='ltr'>Polybius</span> <span class='ocrx_word' id='word_1_417' title='bbox 1700 2240 1781 2276; x_wconf 84' lang='lat' dir='ltr'>Lib.</span> <span class='ocrx_word' id='word_1_418' title='bbox 1801 2254 1829 2278; x_wconf 87' lang='grc'>1.</span> <span class='ocrx_word' id='word_1_419' title='bbox 1860 2240 2012 2278; x_wconf 81' lang='lat' dir='ltr'>Orosius</span> <span class='ocrx_word' id='word_1_420' title='bbox 2040 2242 2123 2279; x_wconf 75' lang='lat' dir='ltr'>Lib,</span> 
     </span>
     <span class='ocr_line' id='line_1_62' title="bbox 1159 2290 1797 2339; baseline 0.005 -14"><span class='ocrx_word' id='word_1_421' title='bbox 1159 2301 1189 2326; x_wconf 88' lang='lat'>1.</span> <span class='ocrx_word' id='word_1_422' title='bbox 1218 2290 1256 2326; x_wconf 88' lang='lat'>&amp;</span> <span class='ocrx_word' id='word_1_423' title='bbox 1276 2301 1361 2327; x_wconf 72' lang='lat' dir='ltr'>vir.</span> <span class='ocrx_word' id='word_1_424' title='bbox 1389 2301 1466 2339; x_wconf 82' lang='lat' dir='ltr'>cap.</span> <span class='ocrx_word' id='word_1_425' title='bbox 1488 2302 1523 2338; x_wconf 68' lang='lat'>9,</span> <span class='ocrx_word' id='word_1_426' title='bbox 1561 2291 1797 2328; x_wconf 82' lang='lat' dir='ltr'>CORRAD.</span> 
     </span>
    </p>

    <p class='ocr_par' dir='ltr' id='par_1_19' title="bbox 1144 2341 2119 2844">
     <span class='ocr_line' id='line_1_63' title="bbox 1206 2341 2119 2389; baseline 0.003 -13"><span class='ocrx_word' id='word_1_427' title='bbox 1206 2351 1260 2385; x_wconf 78' lang='lat'>14.</span> <span class='ocrx_word' id='word_1_428' title='bbox 1284 2342 1324 2376; x_wconf 85' lang='lat' dir='ltr'>In</span> <span class='ocrx_word' id='word_1_429' title='bbox 1346 2342 1417 2377; x_wconf 81' lang='lat' dir='ltr'>alto</span> <span class='ocrx_word' id='word_1_430' title='bbox 1445 2343 1634 2389; x_wconf 83' lang='lat' dir='ltr'>merserunt.</span> <span class='ocrx_word' id='word_1_431' title='bbox 1681 2341 1926 2380; x_wconf 74' lang='lat' dir='ltr'>Atrebatensis</span> <span class='ocrx_word' id='word_1_432' title='bbox 1955 2343 1991 2379; x_wconf 67' lang='grc' dir='ltr'>ὃς</span> <span class='ocrx_word' id='word_1_433' title='bbox 2012 2344 2119 2379; x_wconf 79' lang='lat' dir='ltr'>Win—</span> 
     </span>
     <span class='ocr_line' id='line_1_64' title="bbox 1153 2389 2117 2441; baseline 0.004 -15"><span class='ocrx_word' id='word_1_434' title='bbox 1153 2389 1339 2428; x_wconf 76' lang='lat' dir='ltr'>chelianus</span> <span class='ocrx_word' id='word_1_435' title='bbox 1356 2392 1514 2436; x_wconf 77' lang='lat' dir='ltr'>habent,</span> <span class='ocrx_word' id='word_1_436' title='bbox 1531 2395 1569 2428; x_wconf 80' lang='lat' dir='ltr'>In</span> <span class='ocrx_word' id='word_1_437' title='bbox 1588 2394 1658 2429; x_wconf 81' lang='lat' dir='ltr'>alto</span> <span class='ocrx_word' id='word_1_438' title='bbox 1679 2396 1765 2429; x_wconf 80' lang='lat' dir='ltr'>mari</span> <span class='ocrx_word' id='word_1_439' title='bbox 1784 2393 2117 2441; x_wconf 69' lang='lat' dir='ltr'>merfhrunt.PIGH‚</span> 
     </span>
     <span class='ocr_line' id='line_1_65' title="bbox 1153 2441 2118 2490; baseline 0.004 -15"><span class='ocrx_word' id='word_1_440' title='bbox 1153 2441 1355 2478; x_wconf 64' lang='lat' dir='ltr'>simulantes</span> <span class='ocrx_word' id='word_1_441' title='bbox 1379 2445 1449 2490; x_wconf 84' lang='lat' dir='ltr'>sese</span> <span class='ocrx_word' id='word_1_442' title='bbox 1477 2443 1607 2480; x_wconf 78' lang='lat' dir='ltr'>domum</span> <span class='ocrx_word' id='word_1_443' title='bbox 1644 2445 1795 2481; x_wconf 62' lang='lat' dir='ltr'>revehere</span> <span class='ocrx_word' id='word_1_444' title='bbox 1816 2473 1825 2489; x_wconf 85' lang='lat'><strong>,</strong></span> <span class='ocrx_word' id='word_1_445' title='bbox 1867 2447 1903 2479; x_wconf 81' lang='lat' dir='ltr'>in</span> <span class='ocrx_word' id='word_1_446' title='bbox 1935 2446 2003 2478; x_wconf 84' lang='lat' dir='ltr'>alto</span> <span class='ocrx_word' id='word_1_447' title='bbox 2037 2458 2118 2479; x_wconf 84' lang='lat' dir='ltr'>mer-</span> 
     </span>
     <span class='ocr_line' id='line_1_66' title="bbox 1144 2493 2113 2542; baseline 0.003 -15"><span class='ocrx_word' id='word_1_448' title='bbox 1144 2493 1272 2538; x_wconf 83' lang='lat' dir='ltr'>serunt.</span> <span class='ocrx_word' id='word_1_449' title='bbox 1307 2493 1482 2542; x_wconf 87' lang='lat' dir='ltr'>Polybius</span> <span class='ocrx_word' id='word_1_450' title='bbox 1511 2495 1593 2532; x_wconf 86' lang='lat' dir='ltr'>Lib.</span> <span class='ocrx_word' id='word_1_451' title='bbox 1625 2508 1654 2533; x_wconf 84' lang='lat'>1.</span> <span class='ocrx_word' id='word_1_452' title='bbox 1686 2497 1723 2533; x_wconf 83' lang='lat'>&amp;</span> <span class='ocrx_word' id='word_1_453' title='bbox 1745 2496 1850 2532; x_wconf 86' lang='lat' dir='ltr'>Oros.</span> <span class='ocrx_word' id='word_1_454' title='bbox 1877 2506 1944 2530; x_wconf 81' lang='lat' dir='ltr'>vn.</span> <span class='ocrx_word' id='word_1_455' title='bbox 1972 2506 2005 2539; x_wconf 87' lang='lat'>9.</span> <span class='ocrx_word' id='word_1_456' title='bbox 2032 2493 2113 2530; x_wconf 83' lang='lat' dir='ltr'>scri-</span> 
     </span>
     <span class='ocr_line' id='line_1_67' title="bbox 1154 2541 2114 2588; baseline 0.004 -10"><span class='ocrx_word' id='word_1_457' title='bbox 1154 2541 1267 2588; x_wconf 87' lang='lat' dir='ltr'>bunt,</span> <span class='ocrx_word' id='word_1_458' title='bbox 1295 2543 1454 2583; x_wconf 90' lang='lat' dir='ltr'>domum</span> <span class='ocrx_word' id='word_1_459' title='bbox 1477 2545 1579 2583; x_wconf 86' lang='lat' dir='ltr'>illum</span> <span class='ocrx_word' id='word_1_460' title='bbox 1603 2545 1753 2583; x_wconf 75' lang='lat' dir='ltr'>rediisse.</span> <span class='ocrx_word' id='word_1_461' title='bbox 1783 2545 1970 2582; x_wconf 68' lang='lat' dir='ltr'>VORST.</span> <span class='ocrx_word' id='word_1_462' title='bbox 1999 2544 2114 2582; x_wconf 81' lang='lat' dir='ltr'>Addit</span> 
     </span>
     <span class='ocr_line' id='line_1_68' title="bbox 1153 2593 2111 2647; baseline 0.002 -17"><span class='ocrx_word' id='word_1_463' title='bbox 1153 2600 1278 2632; x_wconf 84' lang='lat' dir='ltr'>tamen</span> <span class='ocrx_word' id='word_1_464' title='bbox 1299 2595 1473 2645; x_wconf 89' lang='lat' dir='ltr'>Polybius</span> <span class='ocrx_word' id='word_1_465' title='bbox 1494 2597 1540 2634; x_wconf 86' lang='lat' dir='ltr'>L.</span> <span class='ocrx_word' id='word_1_466' title='bbox 1571 2610 1602 2635; x_wconf 93' lang='lat'>1.</span> <span class='ocrx_word' id='word_1_467' title='bbox 1634 2599 1691 2647; x_wconf 84' lang='lat'>36.</span> <span class='ocrx_word' id='word_1_468' title='bbox 1735 2595 1804 2633; x_wconf 77' lang='lat' dir='ltr'>effe</span> <span class='ocrx_word' id='word_1_469' title='bbox 1835 2595 1896 2643; x_wconf 79' lang='lat' dir='ltr'>qui</span> <span class='ocrx_word' id='word_1_470' title='bbox 1925 2593 2111 2632; x_wconf 76' lang='lat' dir='ltr'>discess&#39;uxn</span> 
     </span>
     <span class='ocr_line' id='line_1_69' title="bbox 1154 2644 2114 2695; baseline 0.007 -14"><span class='ocrx_word' id='word_1_471' title='bbox 1154 2644 1355 2695; x_wconf 82' lang='lat' dir='ltr'>Xanthippi</span> <span class='ocrx_word' id='word_1_472' title='bbox 1377 2648 1480 2686; x_wconf 85' lang='lat' dir='ltr'>aliter</span> <span class='ocrx_word' id='word_1_473' title='bbox 1500 2658 1657 2686; x_wconf 82' lang='lat' dir='ltr'>narrent.</span> <span class='ocrx_word' id='word_1_474' title='bbox 1708 2648 1846 2687; x_wconf 83' lang='lat' dir='ltr'>Porro,</span> <span class='ocrx_word' id='word_1_475' title='bbox 1869 2647 1909 2679; x_wconf 81' lang='lat' dir='ltr'>Jn</span> <span class='ocrx_word' id='word_1_476' title='bbox 1931 2646 2002 2679; x_wconf 77' lang='lat' dir='ltr'>alto</span> <span class='ocrx_word' id='word_1_477' title='bbox 2028 2647 2114 2681; x_wconf 65' lang='lat' dir='ltr'>mari</span> 
     </span>
     <span class='ocr_line' id='line_1_70' title="bbox 1153 2695 2112 2748; baseline 0 -15"><span class='ocrx_word' id='word_1_478' title='bbox 1153 2695 1263 2734; x_wconf 88' lang='lat' dir='ltr'>habet</span> <span class='ocrx_word' id='word_1_479' title='bbox 1284 2698 1391 2735; x_wconf 89' lang='lat' dir='ltr'>Leid.</span> <span class='ocrx_word' id='word_1_480' title='bbox 1419 2709 1534 2748; x_wconf 82' lang='lat' dir='ltr'>quart.</span> <span class='ocrx_word' id='word_1_481' title='bbox 1569 2699 1746 2736; x_wconf 86' lang='lat' dir='ltr'>Nonnulli</span> <span class='ocrx_word' id='word_1_482' title='bbox 1768 2699 1806 2732; x_wconf 74' lang='lat' dir='ltr'>In</span> <span class='ocrx_word' id='word_1_483' title='bbox 1830 2697 1956 2738; x_wconf 75' lang='lat' dir='ltr'>altum,</span> <span class='ocrx_word' id='word_1_484' title='bbox 1983 2695 2043 2732; x_wconf 84' lang='lat' dir='ltr'>scd</span> <span class='ocrx_word' id='word_1_485' title='bbox 2069 2697 2112 2733; x_wconf 74' lang='lat' dir='ltr'>ii-</span> 
     </span>
     <span class='ocr_line' id='line_1_71' title="bbox 1154 2746 2108 2798; baseline 0 -14"><span class='ocrx_word' id='word_1_486' title='bbox 1154 2746 1240 2784; x_wconf 82' lang='lat' dir='ltr'>dem</span> <span class='ocrx_word' id='word_1_487' title='bbox 1271 2750 1349 2785; x_wconf 84' lang='lat' dir='ltr'>fere</span> <span class='ocrx_word' id='word_1_488' title='bbox 1378 2752 1534 2798; x_wconf 77' lang='lat' dir='ltr'>miserunt</span> <span class='ocrx_word' id='word_1_489' title='bbox 1564 2750 1721 2791; x_wconf 64' lang='lat' dir='ltr'>habent,</span> <span class='ocrx_word' id='word_1_490' title='bbox 1750 2746 1942 2784; x_wconf 77' lang='lat' dir='ltr'>manifesto</span> <span class='ocrx_word' id='word_1_491' title='bbox 1974 2758 2108 2785; x_wconf 85' lang='lat' dir='ltr'>errore.</span> 
     </span>
     <span class='ocr_line' id='line_1_72' title="bbox 1154 2798 1832 2844; baseline -0.003 -10"><span class='ocrx_word' id='word_1_492' title='bbox 1154 2798 1262 2835; x_wconf 84' lang='lat' dir='ltr'>Unus</span> <span class='ocrx_word' id='word_1_493' title='bbox 1290 2800 1408 2838; x_wconf 80' lang='lat' dir='ltr'>Duae.</span> <span class='ocrx_word' id='word_1_494' title='bbox 1436 2801 1564 2836; x_wconf 72' lang='lat' dir='ltr'>domum</span> <span class='ocrx_word' id='word_1_495' title='bbox 1591 2802 1717 2844; x_wconf 60' lang='lat' dir='ltr'>referre.</span> <span class='ocrx_word' id='word_1_496' title='bbox 1828 2829 1832 2832; x_wconf 76' lang='grc'>,</span> 
     </span>
    </p>

    <p class='ocr_par' dir='ltr' id='par_1_20' title="bbox 1153 2847 2111 2940">
     <span class='ocr_line' id='line_1_73' title="bbox 1206 2847 2111 2900; baseline 0 -14"><span class='ocrx_word' id='word_1_497' title='bbox 1206 2862 1261 2896; x_wconf 79' lang='lat'>15.</span> <span class='ocrx_word' id='word_1_498' title='bbox 1295 2851 1473 2888; x_wconf 70' lang='lat' dir='ltr'>Hannibal</span> <span class='ocrx_word' id='word_1_499' title='bbox 1488 2849 1599 2900; x_wconf 78' lang='lat' dir='ltr'>porro]</span> <span class='ocrx_word' id='word_1_500' title='bbox 1625 2849 1742 2886; x_wconf 75' lang='lat' dir='ltr'>Aliter</span> <span class='ocrx_word' id='word_1_501' title='bbox 1759 2847 1885 2885; x_wconf 74' lang='lat' dir='ltr'>Livius</span> <span class='ocrx_word' id='word_1_502' title='bbox 1906 2847 1986 2884; x_wconf 89' lang='lat' dir='ltr'>Lib.</span> <span class='ocrx_word' id='word_1_503' title='bbox 2002 2860 2111 2886; x_wconf 76' lang='lat' dir='ltr'>xxiii.</span> 
     </span>
     <span class='ocr_line' id='line_1_74' title="bbox 1153 2899 1387 2940; baseline 0.017 -4"><span class='ocrx_word' id='word_1_504' title='bbox 1153 2899 1387 2940; x_wconf 81' lang='lat' dir='ltr'>CORRAD</span> 
     </span>
    </p>

    <p class='ocr_par' dir='ltr' id='par_1_21' title="bbox 1151 2947 2109 3055">
     <span class='ocr_line' id='line_1_75' title="bbox 1204 2947 2109 2999; baseline -0.004 -10"><span class='ocrx_word' id='word_1_505' title='bbox 1204 2952 1260 2989; x_wconf 86' lang='lat'>16.</span> <span class='ocrx_word' id='word_1_506' title='bbox 1287 2955 1369 2989; x_wconf 81' lang='lat' dir='ltr'>Cum</span> <span class='ocrx_word' id='word_1_507' title='bbox 1396 2953 1482 2989; x_wconf 75' lang='lat' dir='ltr'>binis</span> <span class='ocrx_word' id='word_1_508' title='bbox 1509 2951 1710 2998; x_wconf 65' lang='lat' dir='ltr'>vestimentis</span> <span class='ocrx_word' id='word_1_509' title='bbox 1736 2949 1845 2986; x_wconf 76' lang='lat' dir='ltr'>urbem</span> <span class='ocrx_word' id='word_1_510' title='bbox 1875 2947 2027 2999; x_wconf 69' lang='lat' dir='ltr'>egreffin]</span> <span class='ocrx_word' id='word_1_511' title='bbox 2056 2948 2109 2985; x_wconf 81' lang='lat' dir='ltr'>At</span> 
     </span>
     <span class='ocr_line' id='line_1_76' title="bbox 1151 3001 2108 3055; baseline -0.005 -16"><span class='ocrx_word' id='word_1_512' title='bbox 1151 3002 1190 3040; x_wconf 85' lang='lat' dir='ltr'>in</span> <span class='ocrx_word' id='word_1_513' title='bbox 1211 3003 1326 3042; x_wconf 87' lang='lat' dir='ltr'>Livio</span> <span class='ocrx_word' id='word_1_514' title='bbox 1353 3005 1444 3042; x_wconf 66' lang='lat' dir='ltr'>haec</span> <span class='ocrx_word' id='word_1_515' title='bbox 1463 3004 1533 3052; x_wconf 80' lang='lat' dir='ltr'>ipsa</span> <span class='ocrx_word' id='word_1_516' title='bbox 1555 3011 1743 3045; x_wconf 69' lang='lat' dir='ltr'>narrante,</span> <span class='ocrx_word' id='word_1_517' title='bbox 1763 3001 1911 3051; x_wconf 74' lang='lat' dir='ltr'>singulis</span> <span class='ocrx_word' id='word_1_518' title='bbox 1936 3003 2108 3055; x_wconf 22' lang='lat' dir='ltr'>westmunt-</span> 
     </span>
    </p>

    <p class='ocr_par' dir='ltr' id='par_1_22' title="bbox 1505 3055 2111 3090">
     <span class='ocr_line' id='line_1_77' title="bbox 1505 3055 2111 3090; baseline -0.002 0"><span class='ocrx_word' id='word_1_519' title='bbox 1505 3055 1646 3090; x_wconf 85' lang='lat' dir='ltr'>Mmm</span> <span class='ocrx_word' id='word_1_520' title='bbox 1684 3064 1771 3090; x_wconf 87' lang='lat' dir='ltr'>mm</span> <span class='ocrx_word' id='word_1_521' title='bbox 1808 3064 1828 3088; x_wconf 82' lang='lat'>2</span> <span class='ocrx_word' id='word_1_522' title='bbox 2063 3061 2111 3085; x_wconf 76' lang='lat' dir='ltr'>m</span> 
     </span>
    </p>
   </div>
   <div class='ocr_carea' id='block_1_15' title="bbox 2247 590 2270 624">
    <p class='ocr_par' dir='ltr' id='par_1_23' title="bbox 2247 590 2270 624">
     <span class='ocr_line' id='line_1_78' title="bbox 2247 590 2270 624; baseline 0 -10"><span class='ocrx_word' id='word_1_523' title='bbox 2247 590 2270 624; x_wconf 80' lang='lat'><strong>4</strong></span> 
     </span>
    </p>
   </div>
   <div class='ocr_carea' id='block_1_16' title="bbox 2159 628 2359 837">
    <p class='ocr_par' dir='ltr' id='par_1_24' title="bbox 2159 628 2359 837">
     <span class='ocr_line' id='line_1_79' title="bbox 2159 628 2335 660; baseline 0 -1"><span class='ocrx_word' id='word_1_524' title='bbox 2159 631 2244 660; x_wconf 87' lang='lat' dir='ltr'>Ann.</span> <span class='ocrx_word' id='word_1_525' title='bbox 2265 628 2335 659; x_wconf 82' lang='lat' dir='ltr'>urb.</span> 
     </span>
     <span class='ocr_line' id='line_1_80' title="bbox 2161 671 2356 706; baseline 0.015 -6"><span class='ocrx_word' id='word_1_526' title='bbox 2161 676 2229 706; x_wconf 82' lang='lat'>613.</span> <span class='ocrx_word' id='word_1_527' title='bbox 2248 671 2356 702; x_wconf 79' lang='lat' dir='ltr'>Livius</span> 
     </span>
     <span class='ocr_line' id='line_1_81' title="bbox 2161 712 2336 744; baseline 0.011 -2"><span class='ocrx_word' id='word_1_528' title='bbox 2161 722 2228 742; x_wconf 75' lang='lat' dir='ltr'>mv.</span> <span class='ocrx_word' id='word_1_529' title='bbox 2249 712 2336 744; x_wconf 82' lang='lat' dir='ltr'>Flor.</span> 
     </span>
     <span class='ocr_line' id='line_1_82' title="bbox 2163 764 2278 788; baseline 0.009 -5"><span class='ocrx_word' id='word_1_530' title='bbox 2163 764 2207 783; x_wconf 85' lang='lat'>11.</span> <span class='ocrx_word' id='word_1_531' title='bbox 2233 764 2278 788; x_wconf 87' lang='lat'>17.</span> 
     </span>
     <span class='ocr_line' id='line_1_83' title="bbox 2159 795 2359 837; baseline 0.005 -9"><span class='ocrx_word' id='word_1_532' title='bbox 2159 799 2229 837; x_wconf 81' lang='lat' dir='ltr'>App</span> <span class='ocrx_word' id='word_1_533' title='bbox 2244 795 2359 829; x_wconf 54' lang='lat' dir='ltr'>iberico</span> 
     </span>
    </p>
   </div>
   <div class='ocr_carea' id='block_1_17' title="bbox 2245 1105 2259 1129">
    <p class='ocr_par' dir='ltr' id='par_1_25' title="bbox 2245 1105 2259 1129">
     <span class='ocr_line' id='line_1_84' title="bbox 2245 1105 2259 1129; baseline 0 0"><span class='ocrx_word' id='word_1_534' title='bbox 2245 1105 2259 1129; x_wconf 84' lang='lat'>1</span> 
     </span>
    </p>
   </div>
   <div class='ocr_carea' id='block_1_18' title="bbox 2157 1188 2326 1309">
    <p class='ocr_par' dir='ltr' id='par_1_26' title="bbox 2157 1188 2326 1309">
     <span class='ocr_line' id='line_1_85' title="bbox 2158 1188 2326 1224; baseline -0.006 -9"><span class='ocrx_word' id='word_1_535' title='bbox 2158 1191 2226 1224; x_wconf 71' lang='lat'>498.</span> <span class='ocrx_word' id='word_1_536' title='bbox 2242 1188 2326 1215; x_wconf 62' lang='lat' dir='ltr'>Zosss</span> 
     </span>
     <span class='ocr_line' id='line_1_86' title="bbox 2157 1226 2282 1268; baseline 0 -11"><span class='ocrx_word' id='word_1_537' title='bbox 2157 1226 2282 1268; x_wconf 76' lang='lat' dir='ltr'>pulchr-</span> 
     </span>
     <span class='ocr_line' id='line_1_87' title="bbox 2157 1269 2291 1309; baseline -0.015 -8"><span class='ocrx_word' id='word_1_538' title='bbox 2157 1269 2291 1309; x_wconf 78' lang='lat' dir='ltr'>Appian.</span> 
     </span>
    </p>
   </div>
   <div class='ocr_carea' id='block_1_19' title="bbox 1827 1293 2308 1352">
    <p class='ocr_par' dir='ltr' id='par_1_27' title="bbox 1827 1293 2308 1352">
     <span class='ocr_line' id='line_1_88' title="bbox 1827 1293 2308 1352; baseline 0.008 -15"><span class='ocrx_word' id='word_1_539' title='bbox 1827 1309 1881 1338; x_wconf 87' lang='lat' dir='ltr'>an</span> <span class='ocrx_word' id='word_1_540' title='bbox 1916 1308 1970 1338; x_wconf 90' lang='lat' dir='ltr'>ne</span> <span class='ocrx_word' id='word_1_541' title='bbox 1992 1293 2135 1341; x_wconf 65' lang='lat' dir='ltr'>vieto·</span> <span class='ocrx_word' id='word_1_542' title='bbox 2154 1312 2263 1352; x_wconf 82' lang='lat' dir='ltr'>Libye.</span> <span class='ocrx_word' id='word_1_543' title='bbox 2277 1322 2308 1349; x_wconf 74' lang='lat'>4.</span> 
     </span>
    </p>
   </div>
  </div>
 </body>
</html>
