2516 3509
199 492 228 518 1.

109 631 176 662 Cic.
199 631 238 662 de

108 676 162 704 Or.
189 684 236 706 11.

110 719 221 746 Horat.
250 725 260 746 1
270 725 294 747 x.
327 703 681 765 acqlllGsCCbstnt.

109 759 170 788 Sat.
195 767 220 788 x.

326 149 429 204 742

327 241 415 272 tur.

328 302 555 349 interdum
590 301 899 365 appetendum
934 300 1012 346 est.

525 122 928 182 VALERII
1003 119 1389 178 MAXIMI
1465 117 2172 182 L1n.V111.CAp.VIII.

487 230 501 260 3
542 223 754 269 Alterum
789 221 912 267 enim
947 220 1086 266 etiam
1122 219 1342 267 inertibus
1375 218 1650 266 vitandum:
1705 218 1897 266 alterurn
1931 217 2118 264 strenuis
2153 231 2340 281 quoque

1082 301 1204 359 Illis,
1241 307 1262 338 4
1296 315 1354 345 ne
1386 301 1573 364 proprie
1607 300 1749 348 vitam
1784 300 1976 347 inertem
2011 301 2221 364 exigant:
2263 299 2334 346 his

332 397 384 428 ut
419 384 683 447 tempestiva
717 383 881 430 laboris
915 383 1239 431 intermistione
1274 381 1329 428 ad
1362 381 1662 430 laborandum
1698 382 1811 430 fiant
1844 383 2113 445 vegetiores.

394 463 480 508 Par
512 478 642 508 verae
676 463 903 509 amicitiae
937 461 1227 510 clarissimum
1264 461 1423 524 Scipio
1457 461 1506 508 ὃς
1529 461 1742 520 Laelius,
1779 476 1886 507 cum
1921 461 2084 506 amoris
2119 461 2334 527 vinculo,

330 557 431 591 tum
466 544 601 590 etiam
638 545 845 590 omnium
879 545 1105 591 virtutum
1141 544 1258 589 inter
1293 541 1334 587 se
1362 541 1512 606 juntffi
1547 541 1785 601 societate,
1820 554 1873 588 ut
1907 540 2107 588 aetuosae
2141 543 2258 589 vitae
2297 542 2336 586 i-

328 631 397 665 ter
432 623 602 685 aequali
638 622 780 685 gradu
814 621 1187 685 exequebantur,
1222 629 1235 658 5
1263 623 1325 667 ita
1359 621 1498 667 animi
1531 637 1718 685 quoque
1752 619 1996 668 remiffioni
2027 623 2337 668 communiter

751 702 944 749 Constat
980 718 1176 765 namque
1210 718 1286 748 eos
1322 702 1506 765 Cajetae
1541 702 1588 749 &
1622 703 1844 749 Laurenti
1879 698 1902 729 ⁶
1929 717 2068 766 vagos
2103 703 2337 756 littoribus

332 784 577 830 conchulas
624 784 673 830 ὃς
719 782 917 829 calculos
961 780 1210 829 lectitafl'e:
1274 780 1412 844 idque
1455 779 1496 826 se
1553 788 1571 820 7
1626 782 1683 828 L.
1728 779 1907 827 Craffus
1949 795 2008 827 ex
2057 779 2213 827 socero
2256 779 2336 827 suo

383 1003 415 1032 2,
440 993 519 1026 Non
536 1005 599 1040 quo
618 990 783 1039 evanescit
804 990 913 1026 virtus
927 1017 937 1033 ‚
957 988 1018 1037 sed
1039 1003 1100 1039 quo
1121 986 1304 1036 recreatur]

331 1042 393 1077 An
422 1041 650 1078 scribendum
671 1041 685 1076 ἓ
716 1043 793 1076 Non
812 1055 876 1090 quo
896 1044 1069 1089 evanescat
1088 1044 1198 1078 virtus
1217 1069 1226 1085 ,
1244 1039 1308 1088 sed

330 1106 394 1141 quo
420 1104 589 1130 recreetur.
616 1092 817 1129 GUYET.

383 1153 415 1191 3.
450 1146 625 1181 ,Alterum
663 1145 747 1178 enim
778 1141 898 1190 etiam]
949 1141 992 1178 In
1021 1141 1165 1191 aliquot
1193 1139 1302 1177 MSS.

330 1191 426 1230 deest
455 1208 551 1229 emm.

380 1256 413 1289 4.
451 1249 507 1279 Ne
534 1244 666 1293 proprie
697 1245 807 1278 vitam
834 1244 971 1278 inertem
1002 1241 1163 1292 exigant]
1214 1243 1303 1280 Vox

322 1297 480 1343 proprie,
516 1295 610 1332 abest
636 1295 673 1331 in
695 1293 959 1331 Wincheliano
976 1321 986 1335 ‚
1022 1293 1240 1330 Coloniensi
1269 1295 1306 1330 ὃς

333 1344 577 1388 Cauchiano,
604 1346 642 1381 in
673 1345 804 1394 quibus
831 1345 900 1388 ita,
929 1349 988 1380 Ne
1017 1346 1128 1379 vitam
1156 1358 1306 1380 enervem

330 1408 483 1445 exigant.
510 1397 650 1433 PIGH.
691 1399 802 1433 Vitam
833 1394 1001 1442 enervem]
1055 1395 1153 1432 Nam
1186 1403 1226 1432 ut
1258 1396 1307 1432 ait

330 1445 503 1484 Eusebius
531 1449 639 1490 Σῶμκ
672 1447 771 1491 α’ργίη
804 1447 897 1487 τήκςί.
928 1446 1119 1483 COLER.
1159 1448 1236 1481 Illis
1267 1461 1307 1481 ne

327 1508 456 1545 proprie
483 1499 593 1532 vitam
632 1498 771 1533 inertem
798 1500 949 1546 exigant.
1002 1497 1057 1533 lta
1083 1496 1198 1534 Aldus
1228 1497 1304 1534 edi-

333 1546 444 1585 derat.
484 1549 566 1585 Nec
587 1548 748 1585 multum
769 1548 971 1596 discrepant
992 1547 1174 1585 editiones
1194 1549 1303 1584 Mart.

334 1599 489 1646 Hei-bip.
517 1601 555 1636 ὅ(
577 1598 753 1635 Chalcoc.
781 1599 950 1636 Tantum
971 1599 1071 1635 enim
1093 1611 1160 1647 pro
1175 1601 1306 1647 proprie

335 1649 471 1686 habent
495 1651 674 1697 propriam.
712 1650 763 1686 At
781 1649 930 1697 Pighius
954 1651 1083 1697 proprie
1109 1650 1215 1698 plane
1245 1661 1307 1685 ex-

336 1700 488 1748 punxit;
516 1712 660 1748 proque
682 1702 818 1736 inertem
844 1700 975 1748 scripsit
996 1713 1165 1735 enervem:
1201 1700 1304 1748 quod

335 1751 373 1787 in
393 1751 504 1787 tribus
525 1749 632 1787 codd.
651 1750 701 1787 ita
721 1748 915 1798 reperisset.
967 1751 1112 1786 Verum
1138 1750 1211 1786 sive
1227 1763 1305 1795 pro-

332 1802 429 1849 prie,
461 1801 535 1838 five
564 1804 730 1848 propriam
757 1801 950 1844 scribatur,
987 1800 1065 1836 satis
1100 1799 1305 1837 commoda

338 1863 413 1888 vox
441 1852 499 1888 est.
556 1852 703 1888 Notum
736 1852 835 1888 enirn
861 1853 1027 1899 proprium
1049 1852 1086 1887 &
1108 1863 1176 1899 pro
1195 1862 1308 1898 perpe-

338 1915 393 1938 tuo
422 1903 535 1950 poni:
564 1915 636 1951 qua
668 1902 714 1938 de
747 1914 785 1938 re
805 1903 842 1939 ὃς
864 1901 966 1949 supra
998 1901 1127 1939 alicubi
1161 1902 1308 1938 monui-

340 1964 432 1990 mus.
462 1952 647 1990 Codicum
678 1952 810 1989 Brand.
837 1961 995 2001 uterque
1023 1952 1133 1989 habet
1159 1954 1313 2000 proprie3

341 2005 378 2040 ὃς
402 2016 470 2051 pto
498 2008 635 2040 inertem
664 2015 756 2040 unus
783 2017 950 2039 enervam.
977 2003 1172 2041 VORST.
1205 2003 1313 2039 Leid.

340 2056 447 2102 prim.
484 2055 570 2091 sext.
607 2055 693 2101 sept.
743 2058 802 2088 Ne
836 2055 988 2102 propriae
1023 2064 1117 2088 *ottae
1154 2056 1313 2089 inertiam

340 2108 492 2154 exigant.
527 2105 584 2141 sec
645 2109 704 2139 Ne
732 2107 863 2153 proprie
900 2106 979 2140 ‘vita
1007 2105 1153 2140 inlzertta
1191 2104 1314 2151 tranfi-

336 2168 437 2206 gant.
467 2156 570 2191 Harl.
597 2163 752 2203 uterque
773 2154 878 2191 Paris.
910 2158 962 2190 Ne
979 2165 1077 2203 prope
1096 2166 1204 2191 vitam
1226 2158 1312 2190 iner-

342 2218 408 2242 tem
435 2209 589 2255 exigant.
613 2205 709 2253 Cop.
738 2205 871 2254 Ultraj.
898 2205 1008 2253 prim.
1035 2221 1074 2241 ne
1098 2217 1227 2253 proprie
1260 2207 1313 2241 νέ-

343 2267 415 2292 tam
451 2259 588 2292 inertem
622 2256 822 2305 transigant.
882 2256 954 2293 Sed
987 2257 1117 2305 Ultraj.
1166 2259 1312 2292 inervem

346 2307 456 2344 habet
494 2319 562 2355 pro
599 2309 746 2343 inertem.
789 2306 923 2356 Ultraj.
956 2308 1024 2344 sec.
1065 2307 1167 2344 Barb.
1204 2307 1312 2355 prim.

346 2359 455 2406 Mog.
488 2357 556 2395 Ed.
599 2373 638 2393 ne
661 2360 827 2405 propriam
855 2361 966 2395 vitam
989 2360 1126 2395 inertem
1159 2362 1313 2407 exigant.

346 2408 415 2445 Bit.
438 2409 543 2456 prim.
574 2423 613 2445 ne
632 2420 729 2458 prope
747 2411 855 2443 *vitam
874 2422 1024 2445 enervem
1040 2411 1183 2458 erigant.
1206 2408 1313 2446 Leid.

347 2459 466 2507 quint.
498 2474 539 2496 ne
566 2462 732 2508 propriam
759 2461 867 2494 vitam
893 2473 1041 2494 enervem
1068 2463 1218 2509 exigant.
1246 2459 1314 2497 Ed.

348 2510 509 2547 Mediol.
536 2510 681 2546 Ascens.
717 2523 755 2544 ne
772 2511 939 2557 propriam
957 2511 1066 2545 ‘vitam
1087 2512 1223 2545 inertem
1244 2525 1316 2544 exi-

341 2563 555 2611 gant.Ven.
583 2560 667 2597 Ald.
692 2559 814 2596 Colin.
845 2573 884 2594 ne
901 2573 1028 2607 proprie
1049 2562 1159 2594 vitam
1181 2562 1318 2595 inertem

349 2615 505 2662 exigant.
530 2611 674 2659 Gryph.
701 2610 824 2658 Steph.
852 2623 892 2645 ne
919 2621 1017 2657 prope
1045 2614 1154 2645 vitam
1185 2622 1319 2646 inertem

350 2665 503 2712 exigant.
557 2662 741 2711 Equidem
774 2661 894 2698 fateor
924 2672 985 2696 me
1014 2672 1090 2696 non
1118 2660 1321 2709 intelligere

354 2721 479 2750 totum
503 2714 576 2750 hoc
590 2742 600 2757 ,
619 2714 794 2752 Alterum
810 2709 987 2748 vitandum
1005 2713 1049 2758 est
1071 2711 1231 2747 inertibus
1245 2741 1256 2754 ,
1284 2727 1322 2747 ne

350 2775 484 2813 proprie
503 2777 612 2800 vitam
634 2768 770 2799 inertem
799 2763 1001 2814 transigant.
1052 2762 1099 2798 Et
1122 2774 1253 2810 proprie
1273 2763 1321 2799 ita

357 2815 518 2861 politum
555 2827 621 2862 pro
645 2825 799 2865 perpetuo
828 2813 945 2861 accipi
973 2809 1074 2861 poffe
1098 2840 1108 2856 ‚
1158 2814 1321 2855 nemini,

357 2865 499 2909 credo,
539 2865 705 2902 Vorstius
746 2864 964 2914 persuaserit.
1024 2863 1146 2900 Placet
1182 2865 1323 2912 magis,

351 2919 413 2951 Ne
445 2918 576 2964 proprie
614 2919 722 2951 vitam
759 2930 907 2952 enervem
943 2915 1082 2965 exigant
1105 2939 1115 2955 ,
1163 2914 1184 2951 i.
1215 2927 1244 2951 e.
1283 2930 1323 2950 ne

349 2978 489 3015 exigant
515 2969 650 3008 vitam,
676 2981 762 3015 quae
786 2967 916 3015 proprio
946 2967 1074 3002 nomine
1101 2968 1230 3000 enervis
1260 2980 1320 3000 νο-

349 3017 455 3055 canda
473 3017 523 3066 fit
542 3046 554 3064 ,
588 3029 666 3055 non
695 3020 782 3056 iners
809 3026 968 3057 tantum.
1018 3016 1079 3055 Est
1111 3016 1211 3053 enim
1243 3016 1320 3065 plus

2047 856 2067 886 3
2104 862 2168 922 Q.
2203 862 2335 909 Scae-

1359 989 1514 1030 enervis,
1543 999 1679 1038 quam,
1701 987 1802 1026 iners.
1855 988 1938 1026 Sen.
1969 987 2124 1037 Thyest.
2165 989 2248 1027 126.

1408 1043 1561 1090 Ignave,
1586 1043 1694 1081 iners,
1722 1040 1874 1081 enervis,
1905 1047 1950 1074 ω’
1974 1038 2080 1088 (quod
2098 1043 2285 1077 maximnm

1407 1089 1566 1128 Probrum
1597 1102 1738 1137 tyranno
1761 1092 1902 1140 summis
1931 1091 1968 1126 in
1994 1090 2088 1126 rebus
2114 1093 2199 1139 reor)

1409 1144 1531 1177 Inulte.

1357 1192 1405 1229 Et
1423 1191 1626 1229 credibilius
1648 1190 1696 1228 est
1714 1205 1886 1235 enervem,
1912 1191 1949 1228 in
1984 1192 2121 1227 inertem
2149 1202 2168 1227 a
2188 1190 2338 1231 librariis

1358 1251 1543 1280 mutatum
1576 1239 1646 1278 effe
1666 1254 1779 1290 quam
1804 1250 1945 1279 contra.
1968 1241 2015 1279 de
2046 1243 2110 1279 usu
2128 1243 2233 1279 vocis
2258 1255 2336 1291 pro-

1354 1297 1425 1341 prie
1451 1294 1521 1331 hac
1541 1291 1830 1341 fignificatione,
1860 1293 1946 1331 vide
1973 1305 2070 1342 quae
2096 1294 2190 1330 infra
2221 1293 2332 1330 habet

1359 1345 1532 1382 Perizon.
1556 1345 1698 1380 L.vr11.
1725 1357 1760 1393 9.
1788 1356 1824 1381 2.

1412 1410 1444 1444 ς.
1478 1399 1531 1432 Ita
1553 1396 1660 1430 animi
1687 1409 1818 1445 quoque
1845 1393 2013 1442 remiffioni
2042 1396 2254 1430 communiter
2282 1408 2338 1429 ac-

1359 1445 1590 1495 quiescebant]
1622 1445 1725 1483 MSS.
1754 1443 1927 1491 remiffione
1992 1446 2081 1482 HOC
2112 1445 2185 1488 est,
2214 1445 2256 1481 ln
2280 1457 2338 1482 re-

1361 1498 1531 1535 miffione
1551 1496 1691 1541 animi,
1718 1496 1872 1546 quando
1892 1497 2060 1532 animum
2082 1496 2335 1533 remittebant.

1357 1547 1404 1585 fic
1423 1562 1509 1586 vm.
1534 1560 1592 1596 13.
1628 1557 1700 1585 ext.
1735 1561 1765 1586 1.
1789 1547 1958 1596 senec-”luse
1983 1558 2050 1594 pro
2074 1547 2112 1582 in
2132 1546 2331 1584 senectute.

1358 1599 1429 1637 Sed
1462 1602 1499 1636 ὅ(
1519 1611 1608 1636 viix.
1630 1611 1665 1647 9.
1713 1608 1786 1636 ext.
1820 1611 1853 1636 2.
1893 1600 2042 1635 oratione
2065 1609 2133 1645 pro
2165 1597 2339 1635 orationi.

1356 1650 1601 1687 PERIZON.

1408 1702 1443 1736 6.
1484 1703 1591 1751 Wgas
1619 1699 1793 1736 littoribus
1822 1699 1994 1736 conchulas
2015 1706 2059 1734 <9⁹
2083 1699 2224 1735 calculos
2248 1697 2341 1734 ler‘li-

1358 1751 1456 1800 taffe]
1492 1752 1533 1787 ln
1558 1750 1844 1794 Wincheliano,
1881 1750 2051 1785 conchulas
2086 1757 2130 1783 Ψ
2156 1747 2339 1785 umbilicos.

1360 1801 1443 1838 Nec
1475 1800 1571 1837 male
1600 1813 1688 1838 meo
1714 1802 1883 1849 judicio,
1911 1812 1997 1836 nam
2029 1798 2140 1835 altera
2170 1811 2246 1836 vox
2266 1798 2337 1836 hu-

1355 1852 1415 1899 jus
1447 1852 1495 1889 est
1523 1849 1699 1899 glossema
1722 1862 1916 1900 perperam
1950 1849 2124 1886 insertum
2146 1851 2339 1888 contextui

1365 1902 1578 1939 Valeriano.
1631 1902 1787 1939 Linrarii
1822 1913 1900 1938 non
1938 1899 2183 1948 intelligentes
2224 1912 2340 1938 voca·

1363 1952 1491 1989 bulum
1512 1981 1522 1995 ,
1569 1954 1646 2001 ejus
1686 1952 1773 1989 loco
1804 1951 2150 1999 interpretationem
2182 1951 2337 1989 scribere

1365 2003 1587 2040 maluerunt.
1647 2003 1896 2050 Desumptum
1935 2002 2034 2038 enim
2067 2014 2111 2038 ex
2153 2001 2340 2040 Cicerone

1363 2053 1438 2091 hoc
1471 2053 1685 2102 exemplum
1709 2082 1719 2096 ‚
1766 2054 1829 2102 qui
1863 2053 1908 2089 de
1937 2053 2043 2089 Orat.
2084 2051 2145 2088 lib.
2178 2065 2233 2090 11.
2267 2054 2341 2098 ait,

1364 2108 1420 2140 Ita
1437 2107 1523 2151 solet
1543 2118 1683 2141 narrare
1701 2106 1862 2139 §caerula
1880 2103 2013 2139 conchas
2032 2117 2083 2138 eos
2106 2111 2151 2138 <7
2172 2103 2344 2141 umbilicos

1363 2154 1408 2190 ad
1428 2158 1581 2204 Cajetam
1604 2164 1648 2191 (θ’
1674 2157 1851 2190 Lucrinum
1870 2156 1975 2205 legere
1990 2153 2197 2201 consuevisse.
2228 2154 2344 2191 Umbi-

1363 2208 1441 2241 liros
1459 2217 1479 2243 a
1499 2207 1622 2243 forma
1647 2214 1760 2242 vocat
1787 2217 1921 2254 parvos
1950 2215 1993 2241 ac
2014 2205 2196 2242 rotundos
2217 2205 2339 2243 calcu-

1364 2256 1418 2294 los
1447 2258 1483 2293 in
1508 2256 1634 2294 littore
1663 2256 1812 2305 sparsos.
1852 2256 1902 2293 .Si
1931 2254 2158 2293 credendum
2192 2255 2338 2305 collegii

1365 2307 1614 2344 Atrebatensis
1647 2307 1874 2354 exemplari,
1919 2306 2088 2349 Valerius
2117 2321 2180 2342 non
2210 2309 2344 2344 umbili-

1364 2374 1414 2394 cos
1436 2388 1445 2401 ,
1481 2358 1541 2395 sed
1571 2359 1723 2404 obeliscos
1755 2358 1877 2400 dixit3
1923 2366 2035 2405 atque
2066 2357 2109 2394 ab
2143 2356 2340 2397 obelorum

1366 2409 1601 2446 similitudine
1636 2408 1683 2445 sic
1721 2406 1914 2457 appellaffe
1954 2407 2100 2445 videtur
2138 2416 2269 2446 teretes
2301 2411 2339 2447 δε

1367 2461 1552 2508 oblongos
1578 2459 1744 2506 lapillos,
1772 2472 1851 2496 non
1880 2459 1979 2496 secus
2005 2469 2048 2495 ac
2077 2458 2257 2497 rotundos
2276 2460 2344 2497 Ci-

1368 2523 1455 2549 cero
1486 2511 1668 2547 ambiza-os.
1721 2512 1831 2557 Quae
1857 2508 1968 2546 leffio
1996 2521 2074 2546 non
2104 2510 2226 2547 minus
2255 2512 2343 2549 arri·

1370 2563 1430 2599 det
1453 2591 1463 2606 ‚
1505 2573 1618 2610 quam
1643 2561 1913 2598 Wincheliana.
1969 2559 2187 2608 Discrepant
2214 2561 2251 2597 in
2279 2574 2346 2600 no-

1374 2613 1557 2650 minandis
1589 2612 1680 2650 locis
1708 2612 1746 2648 hi
1781 2612 1971 2654 auctores,
2007 2609 2070 2647 nifi
2098 2611 2137 2647 in
2166 2610 2344 2650 alterutro

1373 2664 1413 2701 fit
1444 2676 1567 2707 error,
1601 2666 1753 2709 Cajetam
1782 2664 1820 2700 ὃ(
1842 2667 2045 2698 Laurentum
2076 2661 2199 2710 prodit
2230 2663 2344 2700 Vale-

1373 2715 1463 2751 rius:
1492 2726 1559 2761 pro
1583 2717 1746 2749 Laurento
1767 2714 1940 2749 Lucrinum
1963 2713 2110 2749 Cicero.
2145 2714 2223 2762 Qui
2239 2713 2342 2751 locus

1375 2768 1511 2806 Caietae
1540 2765 1695 2802 vicinior
1726 2764 1783 2801 est.
1806 2764 1947 2800 PIGH.
1984 2767 2026 2800 Et
2052 2762 2233 2802 umbilicos.
2262 2764 2344 2801 Lib.

1375 2816 1461 2853 Dan
1505 2816 1648 2852 obditos.
1676 2815 1770 2852 Edit.
1800 2816 1937 2852 Vellet.
1971 2815 2122 2851 calculos.
2178 2813 2246 2852 Sed
2279 2825 2344 2851 ve-

1376 2879 1411 2904 ra
1441 2867 1601 2903 omnino
1630 2866 1739 2903 letftio
1768 2866 1935 2914 vulgata:
1960 2865 2141 2902 Umbilici
2171 2867 2250 2903 sunt
2272 2864 2344 2901 cal-

1376 2916 1446 2954 culi
1474 2917 1624 2966 quidam
1660 2917 1864 2954 nitidiores.
1890 2915 1986 2953 unde
2006 2915 2169 2953 &libros
2189 2915 2279 2954 olim
2300 2915 2341 2952 iis

1375 2968 1654 3005 decorabantur.
1678 2968 1856 3005 Martialis
1877 2967 1937 3004 lib.
1968 2979 1998 3004 1.

1425 3020 1496 3055 Nec
1524 3018 1685 3055 umbilicis
1710 3020 1818 3057 cultus
1845 3029 1948 3069 atque
1970 3015 2169 3054 membrana.

2299 3065 2348 3103 Et

1833 3144 1850 3158 Q
