2516 3509
359 117 476 173 DE
535 111 1207 173 MILITARIBUS
1258 108 1878 169 INSTITU'TIS.
2031 127 2132 186 145

132 228 184 277 δί
208 222 350 274 rursus
371 233 515 269 artem
532 219 694 268 virtuti
716 216 925 275 miscuit,
955 229 1009 264 ut
1027 216 1101 265 illa
1119 217 1295 282 impetu
1317 217 1454 280 hujus
1472 213 1659 276 fortior,
1684 215 1795 264 haec
1814 215 1933 263 illius
1949 213 2135 267 scientia

128 303 306 353 cautior
331 298 475 346 fieret.

191 390 214 422 9
236 380 447 428 Velitum
467 376 566 425 usus
586 393 641 423 eo
661 376 782 424 bello
803 377 1003 442 primum
1025 387 1227 439 repertus
1248 372 1341 432 est,
1374 387 1468 436 quo
1490 369 1698 434 Capuam
1737 379 1779 401 ¹0
1800 373 1987 422 Fulvius
1997 376 2036 423 F
2038 374 2130 423 lac·
2220 389 2240 428 3

124 474 204 505 cus
225 457 472 520 imperator
493 451 682 500 obsedit.
739 452 869 499 Nam
890 466 997 497 cum
1015 448 1237 514 equitatui
1255 447 1601 510 Campanorum
1623 442 1789 491 crebris
1807 449 2128 498 excursationi-
2142 427 2338 510 ffzff'tiii’nis

122 532 206 582 bus
233 539 266 559 ..1
293 531 466 595 equites
489 528 650 587 nostri,
685 529 790 592 quia
807 543 996 575 numero
1017 527 1252 590 pauciores
1270 534 1424 582 erant,
1456 520 1652 568 resistere
1675 537 1768 568 non
1784 524 1986 586 poffent,
2001 535 2039 555 ¹2
2063 522 2255 591 Q’fflssn
2272 564 2321 592 n,

123 611 329 660 Naevius
348 609 556 656 centurio
597 614 634 645 ¹3
659 606 683 653 e
709 606 936 671 peditibus
955 606 1094 654 leetos
1113 601 1318 668 expediti
1341 600 1575 665 corporis,
1612 606 1653 635 ¹⁴
1676 598 1889 649 brevibus
1909 601 1958 649 &
1980 604 2131 654 incur-
2142 605 2174 633 ⁷·

123 690 190 737 vis
216 686 404 752 septenis
432 700 626 734 armatos
655 685 815 745 hastis,
856 692 890 720 ¹⁵
913 701 1053 750 parvo
1071 683 1275 747 tegmine
1305 681 1532 740 munitos,
1567 678 1717 728 veloci
1737 680 1851 728 saltu
1890 682 1927 709 '⁶
1939 684 2134 748 jungere

114 772 165 832 se
185 767 489 832 equitantibus
503 801 518 825 ,
533 766 586 812 &
607 764 750 813 rursus
771 764 905 811 celeri
926 777 1059 811 motu
1080 761 1225 809 delabi
1250 761 1468 809 instituit:
1484 777 1577 824 quo
1598 759 1771 808 facilius
1790 762 1982 826 equestri
2000 781 2135 829 proe-

121 846 184 895 lio
209 843 395 910 subjeAE‘ci
415 843 612 908 pedites,
653 848 688 874 ¹⁷
707 841 833 889 ‚viros
854 840 1022 902 pariter
1040 851 1175 900 atque
1194 853 1335 900 equos
1356 835 1558 883 hostium
1580 835 1680 882 telis
1700 836 1976 885 incesserent.
2044 841 2133 888 Ea-

2045 936 2134 983 que

122 1050 251 1099 hastis,
282 1060 390 1099 parvo
419 1046 558 1097 tegmine
583 1041 744 1093 munitos]
788 1042 940 1092 Insignis
965 1043 1028 1082 hic
1055 1042 1102 1082 de
1154 1044 1251 1093 gruit
1270 1055 1356 1082 cum
1376 1043 1478 1089 hoc,
1497 1042 1600 1094 quod
1616 1043 1744 1083 velites
1764 1043 1954 1096 &expediti
1965 1045 2132 1087 dicuntur

125 1101 352 1139 institutione
363 1099 503 1135 velitum
519 1095 719 1139 locus;sed
741 1107 856 1145 quem
877 1094 1013 1133 menda
1036 1095 1104 1134 ob-
1156 1096 1303 1133 Caesari
1329 1097 1367 1133 δε
1398 1095 1484 1133 aliis.
1538 1096 1718 1144 Vegetius
1751 1108 1815 1140 111,
1852 1097 1906 1135 16.
1934 1097 2051 1146 lisdem
2070 1104 2133 1136 mi«

125 1151 216 1189 fidet
240 1162 318 1188 non
347 1161 430 1187 una.
481 1148 648 1185 Primum
680 1145 857 1195 legimus,
884 1146 1036 1183 brevibus
1055 1155 1101 1183 (φ’
1146 1146 1257 1196 scendi
1267 1149 1372 1195 fimt,
1398 1161 1481 1197 quos
1499 1144 1665 1196 expeditos
1693 1148 1837 1191 velites,
1865 1150 1960 1198 quast
1984 1152 2134 1187 volitan-

123 1203 272 1238 mcurvis
293 1201 407 1248 hastis.
433 1211 481 1236 an
502 1197 626 1236 reffite?
654 1206 717 1235 aut
738 1198 905 1235 censesne
927 1198 1039 1246 hastas
1060 1198 1102 1235 il-
1152 1210 1223 1242 tes,
1251 1197 1474 1234 nominabant.
1529 1199 1645 1246 Super
1667 1209 1743 1247 quo
1766 1197 1854 1235 loco
1874 1209 2034 1238 monent
2054 1203 2133 1241 Viri

122 1252 172 1290 las
199 1251 245 1289 ad
265 1251 405 1300 jacium
428 1254 582 1286 incurvas
606 1246 739 1286 fuisse?
768 1261 840 1298 ego
862 1249 935 1286 scio
956 1249 1102 1288 reeiiffi-
1153 1249 1278 1293 doen,
1305 1248 1398 1286 illud
1425 1248 1520 1299 quast
1549 1250 1729 1285 volitantes
1753 1248 1773 1286 a
1799 1249 1907 1287 codd.
1937 1250 2042 1289 MSS.
2070 1254 2132 1297 ab-

124 1314 201 1340 mas
218 1330 228 1346 ,
252 1302 316 1339 nifi
338 1301 363 1339 fi
387 1302 484 1350 capis
506 1301 553 1337 de
576 1301 686 1337 ferro.
731 1300 850 1338 Vetus
867 1299 978 1337 leffio
993 1328 1002 1344 ‚
1029 1299 1100 1337 bre-
1153 1298 1245 1337 effe:
1274 1301 1313 1337 ὅ(
1333 1299 1353 1337 a
1372 1298 1557 1337 nonnullis
1577 1311 1730 1350 quoque
1750 1300 1789 1336 τί
1809 1302 1938 1338 velites.
1986 1303 2129 1343 Videfis

121 1353 220 1390 «vibus
243 1362 288 1388 etc·
318 1355 482 1390 inturmis.
535 1351 732 1400 Eleganter
754 1353 792 1389 ὅ(
810 1350 946 1388 utiliter
968 1362 1099 1389 emen-
1149 1351 1322 1389 Lexicon
1344 1350 1513 1399 Etymol.
1534 1351 1675 1395 Vossii,
1703 1363 1736 1389 v.
1756 1352 1867 1388 Veles.
1895 1352 2089 1393 VORST.

125 1405 176 1442 do
191 1432 201 1449 ,
228 1404 378 1451 infirmis.
429 1402 608 1441 Describit
626 1401 735 1439 videl.
766 1404 924 1438 velitares
946 1401 1020 1439 illas
1037 1403 1099 1439 lia-

110 1459 211 1503 stas3
242 1456 279 1492 ὃ(
308 1455 470 1504 primum
500 1454 550 1491 ait
576 1454 688 1490 bre-ves
711 1451 814 1490 fuisse
850 1452 1096 1503 (quaternum

123 1508 225 1544 enim
246 1513 390 1543 tantum
410 1505 548 1554 pedum
561 1513 622 1547 ,ut
635 1504 763 1540 Livius
783 1503 881 1541 vult:
896 1504 969 1541 five
978 1504 1095 1543 duum

122 1558 332 1595 cubitorum
345 1585 355 1601 ,
383 1565 423 1593 ut
443 1553 643 1604 Polybius)
673 1553 806 1591 deinde
824 1553 925 1592 addit
947 1554 1097 1603 &infir-

121 1622 195 1644 mas
209 1637 219 1653 ,
241 1606 279 1645 id
299 1608 346 1645 est
359 1606 481 1654 ,ligno
500 1606 603 1643 tenui
623 1607 661 1643 &
684 1606 840 1642 minime
863 1604 987 1644 crasso.
1014 1607 1094 1645 Ad-

120 1659 243 1696 firmat
270 1658 468 1707 Polybius,
502 1657 565 1707 qui
589 1656 731 1705 lignum
763 1656 837 1694 hoc
866 1659 914 1703 τῷ
933 1655 990 1705 (ἂρ’
1010 1658 1097 1701 μῆκᾴ

121 1710 161 1750 dg
183 1707 316 1745 ἐπίπαν
341 1708 473 1752 δίπηχυ
488 1733 498 1752 ,
525 1710 573 1753 τῷ
593 1707 610 1755 5
631 1706 737 1752 ποίχᾴ
755 1706 966 1749 δοιιίῖυλιαῖἷον
987 1708 1094 1747 facit:

120 1758 159 1797 id
179 1759 227 1797 est
241 1788 251 1804 ,
277 1757 482 1811 longitudine
503 1756 632 1808 quidem
654 1760 778 1794 omnim
799 1757 972 1795 bicubitali
986 1764 1096 1809 ‚cras-

111 1811 192 1858 sitie
207 1812 326 1859 sizltem
347 1810 495 1859 digitali.
520 1809 607 1856 Jure
625 1809 735 1858 igitur
754 1810 874 1847 noster
887 1837 897 1853 ,
916 1810 1090 1857 infirmum.

119 1860 191 1899 Sed
212 1861 367 1910 amplius
384 1860 447 1897 hic
474 1860 669 1908 scriptum,
690 1870 797 1910 parvo
823 1862 961 1912 tegmine
982 1865 1091 1898 muni-

117 1923 179 1950 tos.
232 1912 348 1961 Quod
372 1918 497 1949 autem
518 1911 593 1948 hOC
624 1923 750 1962 tegmen
764 1911 935 1962 par-mm?
959 1913 1090 1952 indefi-

115 1964 192 2001 nita
219 1963 363 2012 scriptio
379 1991 389 2007 ‚
416 1963 496 1999 imo
521 1962 654 2011 inepta.
707 1963 839 2012 Lego,
871 1974 1008 2013 parmae
1038 1976 1088 2000 te-

111 2015 235 2063 gmine.
255 2015 384 2052 Livius
394 2014 494 2051 enim
509 2013 637 2051 diserte
656 2013 749 2052 libro
761 2027 862 2052 xxvi.
875 2017 913 2053 ὃς
926 2027 1088 2054 xxxvm.

116 2075 260 2112 parmas
288 2065 412 2102 tribuit
441 2064 608 2102 velitibus
632 2092 641 2109 ‚
679 2065 855 2115 Polybius
883 2067 975 2104 item
1000 2095 1011 2111 ‚
1049 2069 1088 2106 &

117 2115 314 2153 Frontinus
329 2115 389 2152 hb.
410 2128 462 2153 1v.
486 2115 557 2153 Sed
578 2117 616 2153 &
637 2116 816 2154 Varronis
835 2118 1087 2166 fragmentum

117 2165 187 2202 est:
215 2179 284 2201 cum
302 2164 451 2202 rotundis
471 2168 589 2204 velites
611 2168 699 2203 leves
720 2168 860 2217 parmis.
911 2169 1088 2219 Denique

114 2217 152 2253 in
172 2215 324 2252 clausula
344 2216 523 2264 exempli:
552 2216 692 2266 Ideoque
710 2219 837 2254 auam*
855 2224 925 2266 ejus
946 2224 1088 2256 Nae-vio

113 2265 218 2303 adbuc
235 2266 332 2302 honos
353 2269 396 2313 est
416 2266 560 2304 babitus.
612 2267 715 2314 Quid
730 2268 839 2311 illud,
865 2267 998 2305 adhuc?
1024 2272 1088 2307 An

117 2316 288 2354 manebat
312 2324 375 2353 aut
398 2316 728 2364 repraesentabatur
745 2317 868 2354 honos
886 2319 1021 2354 Naevii
1042 2319 1088 2357 ad

112 2368 353 2405 Valerianum
380 2365 546 2403 aevum?
579 2377 711 2414 nugae.
768 2366 895 2404 Scribo
917 2382 928 2410 ;
958 2367 980 2404 ῖι
1001 2367 1088 2407 duce.

114 2419 332 2468 Exprimere
351 2419 389 2455 ὃς
410 2418 568 2462 imitari,
595 2424 637 2454 ut
662 2416 767 2465 saepe
790 2445 800 2462 ‚
835 2417 990 2456 Livium
1016 2431 1085 2457 vo-

109 2470 177 2508 luit
190 2499 200 2514 ,
228 2471 291 2519 qui
306 2469 356 2507 de
374 2469 448 2506 hoc
466 2467 589 2506 faesio:
612 2468 808 2506 Auc‘lorem
824 2467 970 2517 peditum
992 2474 1085 2520 equi-

110 2523 140 2559 ti
156 2519 384 2569 mifiendorum
402 2521 617 2556 centurionem
628 2522 679 2568 Q
690 2521 862 2557 Naevium
878 2522 992 2566 ferunt
1006 2522 1083 2558 :bo-

110 2575 248 2622 norique
270 2570 305 2608 id
326 2573 354 2607 ei
372 2569 461 2619 apud
486 2573 716 2620 Imperatorem
739 2570 849 2618 fusffi'·
901 2570 1018 2620 Quod
1037 2573 1080 2610 ab

110 2623 337 2671 imperatore
366 2622 475 2670 igitur
490 2621 677 2658 honorem
710 2621 743 2657 ei
763 2621 927 2659 habitum
951 2623 1081 2662 Livius

106 2672 266 2723 scripsit,
300 2673 336 2710 id
352 2672 372 2710 a
396 2673 505 2709 Duce
532 2671 710 2709 Valerius.
747 2672 868 2710 LIPS.
921 2674 963 2722 2.
985 2675 1081 2711 Nae-

109 2727 199 2762 vius.
220 2725 371 2762 Locum
391 2723 607 2771 perplexum
620 2722 811 2771 &aliquot
831 2723 953 2762 modis
974 2725 1080 2770 vitia-

109 2782 192 2813 tum
219 2774 345 2813 dextre
377 2776 414 2811 ὃς
431 2773 572 2811 erudite
602 2773 822 2812 emaculavit
843 2774 1006 2824 Lipsius:
1035 2778 1079 2826 Ω.

107 2827 264 2862 Naevius
286 2828 458 2862 Centurio:
482 2823 498 2861 ὲ
512 2823 677 2873 peditibus
695 2825 793 2861 leffis
812 2825 953 2876 expediti
972 2838 1081 2877 corpo-

108 2880 155 2913 ris
178 2876 330 2913 brevibus
343 2886 387 2914 (9'
400 2877 537 2924 infirmis
553 2877 694 2925 septenis
713 2887 858 2913 armatos
880 2877 980 2926 hastis
995 2889 1079 2928 par-

110 2942 182 2964 mae
209 2929 359 2977 tegmine.
393 2927 585 2965 COLER.
638 2926 739 2963 Harl.
762 2930 809 2977 2.
829 2929 991 2967 Naeuius.
1009 2930 1080 2968 Pe·-

107 2979 171 3018 riz.
201 2979 244 3026 Ω.
269 2980 422 3014 Mevius.

156 3041 218 3080 13.
245 3030 273 3068 Ε
293 3028 460 3080 peditibus
485 3030 582 3069 leflos
613 3027 763 3080 expediti
781 3028 940 3083 corporis]
977 3031 1082 3071 Con-

1203 1415 1256 1449 14.
1280 1402 1440 1439 Brevilms
1453 1409 1498 1437 (9⁵
1511 1402 1656 1438 incurvis
1670 1403 1813 1450 septenis
1834 1413 1980 1439 armatos
1999 1404 2122 1457 hastis]

1149 1452 1292 1503 Lipfius
1319 1465 1387 1502 pro
1417 1454 1563 1489 incurvis
1596 1451 1794 1500 legendum
1824 1461 1927 1501 putat
1956 1455 2122 1502 infirmis;

1147 1504 1252 1552 quod
1270 1505 1308 1542 in
1329 1504 1413 1541 cod.
1434 1504 1559 1554 aliquo
1582 1504 1663 1540 MS.
1683 1503 1818 1552 reperit
1840 1506 2006 1544 intus-mis.
2067 1508 2125 1547 Ut

1147 1566 1251 1593 mens
1281 1554 1438 1593 au6toris
1463 1553 1525 1599 sit,
1551 1555 1666 1592 hastas
1698 1554 1864 1592 velitares
1894 1555 1996 1604 ligno
2020 1557 2124 1598 fuisse

1144 1607 1249 1644 tenui
1278 1608 1317 1644 δε
1346 1605 1503 1643 minime
1532 1604 1671 1650 crasso,
1700 1606 1762 1648 &,
1789 1612 1830 1642 ut
1858 1606 2032 1656 Polybius
2052 1610 2127 1656 ait,

1147 1659 1193 1703 τῷ
1223 1657 1328 1704 mind
1358 1654 1568 1703 ἓωκτυλιάιῳ
1585 1657 1721 1703 craffitie
1737 1654 1886 1706 digitali.
1939 1657 2127 1701 Concedit

1146 1715 1276 1746 tamen
1289 1707 1432 1756 Lipsius
1443 1735 1453 1752 ‚
1464 1707 1578 1744 hastas
1590 1708 1760 1747 incurvas
1778 1707 1851 1744 dici
1867 1708 2024 1757 potuiffe
2035 1723 2122 1759 pro-

1146 1767 1227 1807 pter
1249 1761 1386 1797 ferrum
1405 1786 1415 1803 ‚
1442 1757 1546 1808 quod
1563 1758 1734 1796 habuere.
1786 1758 1916 1797 Livius
1938 1759 1997 1798 lib.
2013 1774 2121 1803 xxvi„

1145 1811 1204 1846 Eis
1216 1812 1351 1860 septena
1365 1811 1479 1860 jacula
1492 1821 1668 1859 quaternos
1680 1811 1778 1859 longa
1793 1808 1888 1859 pedes
1909 1809 1992 1848 data
2007 1823 2122 1863 ‚prae-

1134 1861 1212 1907 fixa
1228 1865 1316 1908 ferro
1331 1890 1341 1906 ‚
1368 1863 1467 1911 quale
1485 1861 1586 1910 hastis
1603 1861 1801 1898 velitaribus
1819 1863 1908 1910 inest.
1922 1863 2121 1906 VORST.

1143 1911 1257 1961 Lipsii
1290 1912 1525 1962 conjetfturae
1556 1913 1674 1950 nullus
1710 1911 1838 1949 MSS.
1875 1913 2120 1971 adstipulatur.

1138 1964 1297 2001 Brevihus
1320 1964 1461 2002 omittit
1476 1962 1608 2012 Ultraj.
1638 1964 1788 2013 primus.
1814 1964 1853 2000 in
1881 1967 2046 2014 margine
2068 1969 2120 2007 ci-

1137 2014 1457 2054 tabatPerizonius
1478 2015 1564 2053 Liv.
1574 2015 1620 2052 L.
1633 2026 1795 2052 xxxvm.
1805 2026 1863 2062 40.
1878 2015 2002 2066 ibique
2015 2018 2117 2057 Tur-

1140 2065 1291 2105 nebum.
1312 2066 1397 2106 ibid.
1414 2066 1505 2115 Cap.
1527 2078 1584 2106 22.

1195 2131 1250 2166 15.
1273 2122 1384 2155 Parvo
1402 2120 1543 2167 tegmine
1564 2115 1722 2166 munitos]
1754 2116 1895 2167 Lipfius
1916 2119 1954 2156 ὃ(
1971 2118 2031 2156 hic
2052 2121 2117 2161 ali-

1139 2169 1230 2218 quid
1261 2169 1385 2207 mendi
1417 2166 1487 2207 effe
1513 2176 1638 2218 putat3
1668 2169 1706 2205 &
1734 2166 1930 2217 legendum
1962 2170 2113 2219 quidem

1140 2218 1211 2255 effe
1229 2229 1364 2268 parmae
1384 2222 1524 2269 tegmine
1545 2221 1711 2261 munit053
1740 2219 1843 2268 quod
1869 2231 1914 2257 ex
1937 2221 2052 2259 Livio
2074 2225 2114 2262 &

1136 2269 1211 2305 aliis
1231 2270 1371 2306 constet
1384 2297 1394 2312 ‚
1420 2269 1548 2308 velites
1567 2269 1701 2317 parmis
1725 2271 1807 2307 usos
1826 2268 1940 2308 fuisse.
1994 2273 2112 2312 Nobis

1137 2319 1284 2366 vulgata
1315 2319 1426 2356 ledtio
1455 2319 1534 2356 satis
1559 2318 1674 2367 proba
1702 2318 1857 2358 videtur.
1918 2321 1974 2359 Ut
1997 2324 2110 2363 hastas

1136 2368 1247 2405 breves
1275 2369 1444 2407 velitibus
1467 2369 1593 2407 tribuit
1611 2397 1622 2414 ,
1659 2369 1708 2407 ita
1733 2370 1866 2410 eisdem
1889 2382 2034 2422 parvum
2056 2383 2108 2413 tec

1135 2430 1248 2467 gmen
1269 2420 1428 2457 tribuere
1448 2418 1602 2457 voluisse
1622 2420 1788 2459 videtur:
1808 2431 1848 2460 ut
1867 2423 2105 2473 intelligatur,

1135 2482 1248 2519 quam
1268 2471 1430 2520 expediti
1449 2470 1499 2508 illi
1517 2483 1603 2520 prae
1626 2472 1752 2509 ceteris
1763 2473 2103 2514 fuerint.VORST.

1132 2521 1257 2559 Etiam
1275 2522 1336 2559 hic
1357 2533 1487 2560 omnes
1505 2522 1649 2560 codices
1668 2522 1760 2561 stant
1779 2535 1848 2573 pro
1859 2526 2018 2574 vulgato.

1185 2573 1240 2610 16.
1278 2572 1430 2625 Jungere
1454 2576 1493 2621 fi
1519 2574 1773 2625 equitantibus]
1811 2576 1853 2613 In
1887 2576 2104 2625 Campensi,

1127 2627 1265 2673 jungere
1285 2627 1323 2673 se
1348 2624 1525 2675 equitibus.
1587 2628 1696 2674 Quae
1721 2626 1830 2664 lestio
1857 2627 2100 2674 praeferenda.

1131 2673 1272 2712 PIGH.
1301 2676 1503 2727 Jungereft
1521 2676 1696 2726 equitibus.
1725 2677 1778 2714 Ita
1801 2676 1940 2724 Lipfius
1961 2689 2004 2714 ex
2018 2678 2099 2717 cod.

1132 2725 1338 2775 Campenfi.
1391 2728 1443 2765 At
1465 2727 1581 2766 Aldus
1614 2729 1652 2765 ὃς
1684 2727 1998 2776 Chalcocondyles
2025 2728 2099 2767 edi-

1129 2775 1256 2815 derant
1274 2779 1513 2828 equitantibus.
1564 2779 1612 2815 Et
1630 2777 1739 2814 habet
1758 2789 1909 2826 quoque
1935 2778 1984 2815 ita
2003 2787 2101 2817 uter-

1129 2839 1202 2877 que
1234 2829 1314 2866 cod.
1344 2829 1473 2868 Brand.
1512 2829 1645 2879 Neque
1676 2839 1819 2865 novum
1850 2829 1898 2866 est
1917 2830 2102 2878 partieipia

1128 2890 1197 2926 pro
1224 2880 1436 2919 nominibus
1464 2881 1565 2929 poni.
1619 2879 1794 2916 Ceterum
1816 2879 2013 2928 quomodo
2036 2892 2099 2918 ve-

1126 2929 1204 2967 lites
1232 2930 1308 2975 isti,
1335 2939 1376 2968 ut
1404 2931 1563 2981 pediteS,
1586 2929 1703 2978 junffi
1733 2930 1909 2980 equitibus
1940 2931 2098 2975 fuerint,

1131 2980 1312 3019 obscurius
1334 2982 1452 3020 noster
1467 3011 1476 3026 ,
1505 2980 1629 3019 clarius
1650 2981 1778 3018 Livius
1798 2980 1939 3028 scripsit.
1976 2982 2098 3031 Hujus

1130 3032 1168 3070 in
1194 3030 1251 3070 lib.
1278 3043 1381 3072 xxvi.
1411 3044 1441 3072 c.
1462 3046 1495 3079 4.
1524 3031 1633 3070 verba
1666 3032 1764 3069 sunt:
1802 3035 1863 3068 Eos
1883 3031 2030 3082 singulos
2064 3035 2098 3068 in

1694 3083 1732 3121 T
2005 3097 2101 3140 ‘'‘i”'f'“

2041 3122 2063 3143 N
