2516 3509
234 82 342 139 DE
378 76 755 152 IMPROBE
794 77 1064 137 DICTIS
1104 79 1212 138 ET
1249 35 1717 140 SCELERATE
1759 80 1989 141 FACT.
2032 85 2140 160 849

141 175 322 224 violatis
356 171 581 218 amicitiae
616 169 871 220 foederibus
910 177 1103 225 tentavit
1137 181 1182 215 42
1207 175 1493 239 subvertere,
1528 186 1570 218 43
1597 179 1724 225 omni
1760 196 1867 228 curn
1904 180 2039 243 stirpe
2072 181 2145 229 sua

137 251 304 314 populi
339 250 545 298 Romani
579 248 752 296 viribus
800 250 1034 315 obtritus,
1076 256 1213 303 etiam
1257 259 1377 320 apud
1424 260 1629 318 inferOS,
1676 265 1722 297 44
1768 259 1801 306 fi
1845 274 1994 308 tamen
2035 261 2145 309 illuc

140 346 350 396 receptus
384 331 476 390 est,
510 346 623 394 quae
658 344 885 392 meretur,
920 342 962 373 45
1001 336 1222 402 supplicia
1253 338 1426 401 pendit.

189 486 249 523 45.
288 474 454 522 Supplicia
480 473 617 524 pendit]
662 474 721 512 Sic
763 475 924 523 Pighius.
961 479 1114 516 consen·
1166 486 1272 517 antea
1300 481 1378 518 fere
1412 480 1600 530 legebatur
1629 480 1796 532 pependit.
1843 479 1949 520 Paris.
1984 482 2052 521 sec.
2082 497 2132 521 re-

138 525 240 564 tiunt
275 525 387 564 MSS.
436 525 716 575 propemodum
760 538 893 566 omnes
929 529 967 566 &
1006 531 1114 579 Mog.
1158 530 1289 581 pendit.

847 669 1212 727 CAPUT
1289 671 1423 725 XII.

200 815 329 876 DE
393 811 966 879 MORTIBUS
1035 819 1276 882 NON
1337 819 2072 885 VULGARIBUS.

144 982 182 1014 1.
216 968 331 1013 Tulli
368 968 537 1028 Hostilii
568 972 687 1032 regis.

139 1050 179 1079 2.
215 1035 414 1077 Duarum
450 1044 648 1080 matrum.

141 1114 183 1159 3.
216 1099 295 1142 M.
328 1101 530 1159 Jnventii
565 1096 751 1145 Thalnae
788 1099 879 1161 Cos]

137 1181 182 1225 4.
219 1163 388 1207 Lutatii
423 1164 578 1208 Catuli.
795 1211 798 1213 ,

138 1242 182 1289 5.
220 1230 274 1271 L.
313 1230 490 1272 Cornelii
527 1231 743 1275 Merulae.

135 1298 180 1337 6.
216 1294 421 1336 Hereum-'z'
455 1293 602 1339 Sicnli.

136 1373 182 1412 7.
215 1358 374 1402 Licinii
412 1359 574 1402 Macri.

136 1423 181 1467 8.
219 1423 401 1466 Cornelii
435 1422 578 1478 Galli,
612 1419 667 1472 δέ
701 1422 754 1467 T.
795 1423 982 1469 Haterii.
1165 1423 1210 1472 8.
1247 1430 1534 1474 Anacreontis.

280 1485 321 1532 E
357 1502 389 1531 x
428 1501 459 1532 Τ
497 1504 526 1532 E
565 1502 598 1531 R
638 1502 673 1531 N
707 1504 735 1532 o
774 1504 807 1534 R
845 1505 877 1533 U
918 1503 971 1533 M.
1164 1507 1208 1548 9.
1244 1492 1423 1538 Milonis
1457 1495 1735 1539 Crotoniatae.

145 1565 185 1596 1.
222 1551 374 1596 Comae
408 1583 424 1609 ,
491 1553 650 1597 Cleonis
696 1552 980 1613 fugitivorum
1035 1553 1112 1599 clu·
1172 1570 1242 1601 10.
1276 1558 1593 1615 Polydamantis
1627 1557 1850 1620 Scotctfhei.

1308 980 1364 1021 cis
1381 976 1559 1037 fratris.

1168 1055 1210 1085 2..
1247 1041 1445 1101 Aeschyli
1470 1047 1633 1103 poetae.

1174 1118 1210 1165 3.
1250 1110 1439 1151 Homeri.

1168 1186 1210 1229 4.
1247 1172 1477 1229 Euripidis.

1139 1242 1142 1243 ’
1168 1247 1210 1292 5.
1246 1235 1464 1293 Sophoclis.

1166 1304 1208 1342 6.
1242 1299 1513 1346 Philemonis.

1166 1377 1207 1417 7.
1248 1364 1443 1409 Pindari.

133 1693 443 1807 Humanae
487 1707 639 1741 autem
682 1695 800 1742 vitae
844 1696 1160 1743 conditionem
1206 1699 1449 1763 praecipue
1495 1702 1667 1763 primus
1715 1702 1763 1749 ὃς
1807 1702 1993 1750 ultimus
2038 1705 2128 1753 dies

259 1767 499 1815 continet:
548 1770 652 1832 quia
686 1770 934 1833 plurimum
979 1771 1161 1818 interest
1197 1774 1360 1837 quibus
1394 1775 1599 1841 auspiciis
1634 1779 1876 1826 inchoetur
1897 1816 1911 1840 ,
1956 1782 2003 1828 &
2039 1800 2129 1847 quo

135 1847 230 1894 fine
263 1846 513 1892 claudatur.
581 1847 783 1911 Ideoque
834 1856 844 1874 ¹
893 1865 998 1896 eum
1034 1849 1219 1898 demum
1256 1852 1436 1901 felicem
1472 1855 1599 1903 fuiffe
1627 1857 1886 1921 judicamus
1919 1894 1933 1917 ,
1975 1863 2047 1908 cui
2081 1862 2129 1910 &C

136 1924 342 1984 accipere
378 1922 525 1969 lucem
560 1924 802 1987 prospere,
836 1925 884 1972 &
910 1927 1092 1974 reddere
1128 1929 1304 1992 placide
1338 1933 1555 1997 contigit.
1589 1935 1738 1981 Medii
1774 1940 1990 2000 temporis
2026 1957 2129 1987 cur-

133 2004 227 2060 sus,
262 2015 401 2065 prout
438 2010 452 2029 ²
490 2002 674 2051 fortuna
707 2006 1069 2069 gubernaculum
1104 2012 1223 2057 rexit
1245 2045 1259 2070 ‚
1306 2012 1447 2059 modo
1483 2014 1669 2078 aspero,
1710 2017 1849 2063 modo
1884 2022 2126 2083 tranquillo

136 2094 269 2128 motu
305 2080 537 2144 peragitur
561 2115 577 2140 ‚
618 2081 693 2145 spe
726 2083 898 2147 semper
932 2087 1115 2146 minor,
1164 2088 1272 2135 dum
1306 2090 1354 2136 δί
1390 2092 1556 2155 cupide
1589 2094 1708 2141 votis
1741 2095 2036 2156 extenditur,
2079 2100 2127 2147 ἃ,

136 2163 227 2209 fere
263 2157 353 2204 fine
385 2159 558 2205 ratione
592 2161 887 2210 consumitur.
926 2170 942 2201 3
969 2164 1097 2212 Nam
1134 2165 1182 2213 δε
1206 2166 1238 2214 fi
1273 2184 1328 2215 eo
1362 2167 1478 2216 bene
1513 2172 1581 2218 uti
1604 2172 1736 2231 velis,
1768 2175 1904 2222 etiam
1941 2193 2128 2240 parvum

2037 2271 2128 2301 am·

184 2377 217 2403 1.
244 2368 324 2400 Eam
342 2363 470 2401 demum
481 2364 632 2415 felicem]
661 2368 782 2406 Multa
803 2369 885 2408 talia
905 2370 1001 2419 apud
1020 2370 1102 2409 Sto-

134 2415 283 2453 baeum.
312 2415 473 2460 Seneca,
500 2424 540 2454 ut
556 2417 665 2455 solet:
688 2422 772 2455 Doce
792 2421 865 2457 leve
884 2422 943 2468 effe
961 2436 1102 2458 vanum-

129 2481 192 2515 que
213 2467 268 2502 boc
285 2466 372 2515 quod
391 2468 541 2513 felicitas
560 2467 704 2514 dicitur,
730 2485 831 2507 unam
856 2474 912 2508 illi
930 2473 1102 2520 syllabam

1204 2374 1301 2423 Qod
1323 2390 1378 2413 nos
1396 2377 1596 2423 felicitatem
1616 2381 1707 2425 ferre
1726 2379 1885 2431 perdocet.

1202 2428 1374 2473 Felicitati
1396 2442 1473 2464 vero
1493 2431 1602 2477 solum
1625 2433 1678 2476 sel
1703 2432 1794 2479 inest.
1822 2433 2012 2471 COLER.

1204 2489 1238 2513 2.
1266 2481 1413 2523 Fortuna
1427 2481 1691 2531 gubernaculum
1711 2484 1850 2532 rexerit]
1880 2484 1936 2520 Sic
1952 2484 1988 2520 in
2007 2496 2117 2522 num-

125 2519 292 2564 facillime
319 2516 475 2555 accedere,
512 2530 576 2567 per
603 2519 702 2557 illam
731 2521 905 2570 syllabam
933 2524 1102 2572 intelligit

130 2567 400 2606 infelicitatem.
431 2581 509 2606 non
532 2598 540 2612 ‚
588 2579 628 2608 ut
649 2572 717 2608 Vir
744 2572 966 2612 Clariffimus
994 2575 1102 2613 nimis

134 2626 261 2667 argute
287 2619 508 2663 hariolatur‚
544 2623 613 2658 fel.
651 2624 706 2657 Fel
736 2624 835 2661 enim
864 2625 996 2673 syllaba
1024 2638 1102 2664 non

134 2669 277 2708 accedit
298 2672 483 2713 Felicitati,
507 2672 567 2708 sed
582 2673 662 2720 jam
683 2674 783 2712 inest.
797 2676 883 2714 Lufi
904 2676 1103 2726 aliquando

141 2721 189 2759 ad
217 2720 379 2757 amicum
407 2722 557 2767 Jambos
584 2723 673 2761 lios:

188 2773 397 2808 felicitatem
419 2775 537 2820 quaeso
558 2789 597 2810 ne
622 2776 725 2818 iafles
748 2778 849 2813 nimis

189 2824 391 2872 Nimisque,
418 2825 539 2867 amice,
563 2828 758 2876 persequare
777 2829 941 2875 protinus.

189 2875 315 2920 Dolosa
336 2875 450 2923 vulpes
467 2902 476 2916 ‚
499 2876 704 2923 versipellem
725 2880 872 2916 animum
885 2883 976 2932 gerit·

187 2926 361 2961 Felicitati
385 2928 531 2972 praestat
559 2928 743 2972 infelicitas

188 2978 288 3026 Ipsa
314 2975 369 3012 boc
386 2975 506 3013 babens
523 2975 641 3015 bonum
660 2989 763 3031 atque
783 2983 1043 3024 commendabile

1155 2527 1224 2565 mis
1253 2529 1415 2568 Fortuna
1445 2531 1552 2581 saepe
1583 2535 1744 2571 occurrit
1775 2546 1858 2571 cum
1893 2533 2120 2581 gubernacu-

1155 2579 1206 2617 lo.
1234 2580 1480 2621 PERIZON.

1207 2643 1240 2680 3.
1278 2638 1374 2668 A'am
1393 2634 1477 2679 Usi
1499 2649 1533 2669 eo
1560 2634 1637 2670 bene
1661 2636 1712 2671 uti
1742 2635 1825 2670 velis
1849 2635 1947 2670 etiam
1973 2647 2118 2684 parvum

1154 2682 1380 2730 ampliffi'mnm
1410 2683 1543 2734 efficies]
1591 2685 1700 2722 Plane
1727 2685 1882 2722 abundat
1912 2687 1950 2722 δε
1977 2686 2118 2724 sensum

1158 2734 1280 2771 turbat
1306 2735 1342 2774 τὲ
1370 2745 1414 2771 (ν’
1431 2764 1440 2779 ,
1461 2737 1563 2784 quod
1590 2745 1779 2783 propterea
1810 2748 1885 2772 non
1907 2736 2034 2774 dubito
2061 2749 2124 2774 ac-

1160 2785 1317 2823 cedente
1339 2786 1557 2824 at1&01⁴itate
1580 2787 1682 2823 MSS.
1710 2787 1853 2834 ejicere.
1879 2787 2123 2826 PERIZON.

1159 2838 1203 2871 Et
1225 2837 1319 2874 abest
1341 2839 1450 2875 etiam
1476 2850 1494 2874 a
1516 2837 1619 2873 Leid.
1646 2837 1729 2873 sext.

1219 2901 1252 2933 4
1280 2894 1464 2926 Numerum
1479 2903 1636 2924 annornm
1658 2887 1872 2925 multitudine
1891 2891 2038 2940 operum]
2060 2894 2129 2931 Vi-

1171 2937 1217 2974 de
1258 2941 1409 2988 Rupert.
1461 2939 1504 2976 ad
1553 2939 1630 2975 Sall.
1675 2951 1708 2986 p.
1748 2950 1832 2987 300.
1879 2940 1968 2978 Plin.
2013 2945 2129 2990 praef.

1172 2989 1275 3032 Curt.
1321 2991 1391 3028 Sibi
1417 2992 1554 3028 multam
1583 2991 1694 3039 potius
1729 3004 1829 3040 quam
1863 2992 1995 3043 longam
2021 2995 2130 3031 vitam

1626 3040 1651 3077 P
1665 3052 1687 3089 r
1698 3052 1721 3089 p
1754 3053 1778 3090 Ρ
1787 3053 1812 3090 p
2016 3055 2133 3094 vitan-
