2516 3509
278 81 404 140 {DE
461 75 1232 139 BENEVOLENTIA
1300 72 1846 134 FRATERNA
1993 77 2099 146 48³1

831 247 1184 302 CAPUT
1280 244 1350 299 V.

190 384 373 454 -¹DE
434 362 1309 460 BENEVOLENTIA
1377 386 1997 452 FRATERNA.

1125 557 1165 607 3.
1200 541 1268 588 Ti.
1303 538 1495 600 c’aesczris
1526 539 1722 600 Augusti.

87 557 139 591 Ἰ.
160 548 225 590 .Ρ.
262 543 467 605 Africani
501 545 713 604 majoris„
1460 604 1466 610 ι

1120 622 1166 668 4.
1205 606 1366 654 Militis
1401 602 1625 664 cujusdam.

88 623 139 654 ¹2.
177 611 253 654 M.
286 609 405 654 Fabii
432 606 632 655 Vibulani
665 610 756 656 Cos.

39 758 44 760 ·
93 746 110 766 2
160 740 361 849 Hanc
396 738 628 783 caritatem
664 737 900 801 proximus
936 736 1152 798 fraternae
1181 733 1520 782 benevolentiae
1555 731 1718 796 gradus
1742 735 1930 798 excipit.
1968 737 2016 783 Ν
2026 754 2093 784 an}

280 830 332 863 ut
366 818 529 863 merito
567 818 768 880 primum
811 815 974 863 amoris
1016 814 1252 861 vinculum
1299 813 1483 860 ducitur
1504 846 1520 870 ‚
1574 812 1768 875 plurima
1813 814 1861 861 &
1894 820 2090 875 maxima

92 895 313 944 beneficia
341 894 593 958 accepisse:
640 896 701 941 ita
746 895 1011 958 proximum
1050 891 1247 954 judicari
1291 890 1425 936 debet
1468 889 1600 935 fimul
1635 892 1866 953 accepiss'c.
1935 895 2089 956 Qam

96 971 304 1034 copiosae
338 974 459 1018 enim
495 971 828 1038 suavitatisilla
862 968 1117 1016 recordatio
1153 968 1243 1014 est!
1283 969 1339 1014 In
1373 967 1536 1014 eodem
1579 968 1817 1016 domicilio
1851 986 2089 1039 antequam

89 1051 327 1109 nascerer,
374 1050 608 1097 habitavi:
655 1051 702 1096 in
732 1048 884 1095 iisdem
933 1047 1215 1094 incunabulis
1251 1046 1464 1094 infantiae
1509 1060 1717 1110 tempora
1759 1053 1950 1114 peregi:
1997 1058 2090 1103 eos.

93 1130 196 1176 dem
230 1129 451 1192 appellavi
486 1141 688 1191 parentes
716 1145 725 1173 :
774 1126 929 1173 eadem
955 1144 1050 1189 pro
1086 1143 1159 1172 me
1193 1139 1300 1173 vota
1331 1126 1682 1172 excubuerunt:
1721 1145 1872 1190 parem
1909 1147 1965 1177 ex
1999 1149 2092 1179 ma-

89 1209 247 1271 jorum
293 1206 563 1270 imaginibus
606 1206 799 1270 gloriam
847 1205 975 1251 traxi.
1057 1204 1174 1250 Cara
1218 1203 1282 1248 est
1325 1219 1483 1263 uxor,
1528 1203 1681 1250 dulces
1715 1205 1881 1266 liberi,
1921 1212 2091 1272 jucun-

93 1284 138 1330 di
172 1283 333 1342 amici,
368 1284 545 1347 accepti
583 1282 758 1329 affines:
799 1289 814 1319 ³
850 1281 922 1327 sed
957 1281 1110 1345 postca
1144 1282 1344 1344 cognitis
1378 1282 1499 1328 nulla
1534 1282 1849 1333 benevolentia
1883 1290 2092 1338 accedere

91 1363 251 1421 debet,
287 1378 400 1425 quae
434 1363 634 1425 priorem
667 1362 916 1408 exhauriat.

163 1441 318 1501 Atque
351 1440 441 1484 hoc
474 1439 584 1485 teste
615 1446 637 1475 4
671 1438 888 1502 Scipione
920 1438 1139 1486 Africano
1177 1441 1371 1504 loquor,
1415 1439 1493 1503 qui
1540 1440 1716 1486 tametsi
1762 1441 1995 1490 alfiiffima
2029 1444 2091 1492 fa·
2105 1443 2281 1513 Annf'ffi-b,

95 1520 352 1568 miliaritate
372 1520 532 1566 Laelio
561 1518 747 1582 junfiffis
781 1532 901 1579 erat,
936 1532 1134 1568 attamen
1165 1520 1366 1569 senatum
1400 1521 1589 1585 supplex
1623 1522 1771 1570 oravit
1809 1529 1822 1556 5
1845 1539 1892 1569 ne
1917 1524 2299 1584 provin-⁵⁶³-L1v2122
2349 1560 2351 1562 -

2101 1573 2199 1594 xxxvi
2210 1575 2234 1594 1.

2106 1657 2151 1677 11.
2177 1647 2276 1679 Usseiz

2104 1697 2134 1729 p.
2156 1698 2226 1723 295.

149 1755 179 1780 1.
208 1744 258 1777 De
276 1742 503 1778 Bene-volentia
517 1741 886 1791 fraterna]APighio
907 1743 983 1780 hoc
1004 1743 1062 1781 est.
1122 1741 1258 1783 Cicero
1308 1744 1447 1783 ibidem
1487 1745 1533 1784 de
1578 1746 1776 1794 posteriore
1825 1746 1998 1796 Scipione
2032 1747 2091 1786 10-

98 1793 254 1830 Ceterae
275 1792 455 1830 editiones
476 1804 560 1830 cum
580 1793 757 1843 plerisque
785 1794 890 1831 MSS.
919 1796 969 1830 De
990 1796 1064 1844 pie·
1118 1797 1243 1845 quitur
1271 1797 1497 1834 Aemiliano.
1550 1797 1662 1845 Apud
1689 1798 1876 1835 Catonem
1908 1800 2007 1836 enim
2037 1801 2090 1837 se-

93 1854 163 1880 tate
180 1857 258 1894 erga
273 1846 398 1889 fratres
1119 1858 1207 1884 nem
1226 1859 1311 1885 non.
1326 1856 1471 1896 poterat
1491 1848 1595 1898 loqui
1616 1848 1739 1896 Scipio
1761 1849 1974 1896 superior&
1987 1851 2086 1888 Lae-

144 1906 181 1931 2.
207 1898 309 1930 Hanc
320 1894 497 1944 pietatem]
519 1895 642 1932 Etiam
664 1896 739 1933 hoc
756 1897 859 1934 nullo
875 1897 959 1945 jure
980 1908 1062 1935 mu-

94 1945 187 1982 tavit
203 1945 351 1992 Pighius
366 1973 375 1988 ,
407 1957 492 1982 cum
511 1947 629 1994 scripti
651 1947 696 1984 ad
716 1959 832 1985 unum
857 1960 988 1985 omncs
1002 1949 1062 1992 ‚&

98 2007 231 2032 omnes
250 1995 336 2032 editi
353 1995 508 2033 habeant
527 1996 609 2033 hanc
628 2000 812 2036 caritatem.
841 1999 958 2046 Quod
981 2010 1060 2035 me-

96 2045 163 2082 lius
185 2046 296 2082 etiam
326 2045 569 2083 benevolentiae
600 2048 820 2096 respondet,
847 2061 959 2097 quam
990 2051 1062 2097 pie-

95 2107 209 2132 tatem.
285 2097 452 2132 Maxime
499 2098 598 2135 enim
637 2099 675 2135 in
721 2099 791 2136 hac
832 2098 1060 2147 praefatione

96 2147 211 2195 ipsum
241 2146 381 2194 respicit
408 2158 591 2185 amorem.
617 2147 744 2186 diserte
774 2150 811 2186 in
839 2150 945 2186 initio
969 2150 1059 2197 Cap.

95 2198 129 2234 6.
157 2198 229 2234 huc
265 2196 413 2245 respicit.
488 2200 646 2234 Fraternae
680 2213 807 2249 quoqne
843 2202 968 2235 caritas
1003 2215 1059 2235 ae-

92 2262 156 2298 quo
191 2249 301 2284 animo
336 2262 372 2283 ac
406 2246 523 2284 libenti
555 2247 650 2284 cedit.
721 2251 849 2296 Quare
887 2252 1059 2287 caritatem

93 2300 237 2336 restitui.
266 2299 393 2335 Postea
414 2298 521 2334 MSS.
547 2298 688 2347 aliquot
715 2312 868 2348 quoque
887 2329 897 2344 ,
921 2302 998 2337 fere
1020 2310 1059 2339 ut

93 2350 234 2398 semper
247 2377 256 2393 ‚
274 2349 407 2386 habent
427 2348 818 2398 benivolentiae.Ultraj.
838 2351 944 2398 prim.
961 2366 1058 2387 cuna-

98 2401 196 2437 bulis.
209 2402 245 2437 &
259 2400 305 2437 fic
317 2400 453 2436 habent
464 2401 627 2449 quinque
639 2400 836 2437 Leidenses
847 2413 931 2438 cum
944 2402 1058 2440 Periz.

145 2463 177 2499 3.
204 2450 268 2487 Sed
284 2454 391 2498 postea
408 2453 546 2500 cognitis
566 2451 660 2486 nulla
681 2450 906 2488 benevolentia
933 2452 1059 2489 accede-

90 2517 123 2538 re
142 2501 249 2550 debet]
280 2502 413 2547 Forte,
439 2500 590 2539 accidere.
616 2501 860 2540 PERIZON.
891 2502 938 2540 slC
961 2504 1058 2542 COd.

91 2553 206 2589 Periz.

143 2615 175 2649 4.
203 2604 349 2651 Scipione
377 2601 576 2651 Africano]

99 2653 399 2692 annotationibus
434 2653 559 2690 lubens
596 2654 756 2691 transilio
785 2682 794 2698 ‚
829 2667 924 2704 quae
953 2668 1060 2694 com-

97 2713 323 2743 mentatores
345 2715 423 2740 non
444 2704 523 2741 satis
554 2704 681 2741 exacte
711 2706 894 2750 referunt,
922 2719 1017 2756 quae
1040 2720 1059 2746 a

97 2756 336 2793 mediocriter
375 2754 411 2790 in
442 2754 593 2791 historiis
631 2756 831 2793 exercitato
871 2758 1060 2796 emendari

96 2806 254 2855 poffunt.
305 2806 359 2841 Ut
385 2804 489 2853 quod
524 2805 709 2843 Oliverius
746 2806 882 2859 hictde
913 2810 1056 2857 majore

95 2858 278 2896 Africano
300 2857 336 2893 ὃ(
359 2856 403 2891 C.
431 2855 562 2892 Laelio
583 2856 753 2905 scriptum
785 2857 945 2904 prodidit
972 2859 1056 2898 infi—

96 2919 167 2960 gne
187 2919 250 2955 par
272 2906 479 2943 amicorum
507 2904 610 2943 fuiffe
625 2935 634 2950 ,
658 2907 861 2955 intelligens
887 2910 923 2947 id
951 2911 1054 2959 quod

84 2959 233 2997 sCicero
277 2958 313 2995 in
362 2958 508 2995 Catone
551 2956 616 2997 suo
661 2958 872 2999 introducit.
938 2962 1055 3012 Atqui

627 2603 747 2640 Multa
786 2603 822 2640 in
851 2604 904 2641 his
932 2606 1059 2643 nostris

1115 1896 1183 1935 lius
1197 1927 1207 1943 ‚
1237 1898 1282 1935 de
1302 1899 1430 1948 quibus
1449 1899 1508 1936 hic
1529 1899 1707 1936 Valerius.
1743 1900 1894 1948 Quippe
1917 1902 1980 1949 qui
2001 1913 2081 1939 am-

1115 1948 1164 1986 bo
1194 1951 1353 1997 majores
1389 1958 1477 1987 natu
1514 1950 1591 1998 ipso
1624 1950 1771 1988 Catone
1812 1959 1945 1996 erant,
1985 1953 2081 2000 apud

1114 2010 1227 2048 quem
1243 2001 1400 2048 juvenes
1421 2000 1497 2037 duo
1518 1999 1622 2050 loqui
1638 2001 1921 2041 introducuntur
1935 2030 1944 2046 ‚
1971 2014 2078 2041 nem-

1112 2061 1159 2097 pe
1178 2051 1356 2098 posterior
1387 2051 1583 2089 Africanus
1609 2063 1650 2088 ac
1674 2052 1716 2088 C.
1746 2052 1913 2096 Laelius,
1942 2053 2078 2102 insigne

1113 2102 1323 2139 amicorum
1356 2114 1441 2150 par,
1478 2115 1563 2140 cum
1591 2102 1703 2140 ambo
1735 2103 1924 2151 Scipiones
1950 2105 2076 2142 fratres

1111 2150 1150 2187 P.
1180 2153 1217 2189 &
1239 2153 1282 2189 L.
1307 2154 1385 2201 jam
1416 2153 1582 2191 defundit
1608 2154 1685 2190 fato
1714 2152 1838 2191 effent.
1891 2155 1942 2191 Hi
1972 2167 2077 2192 com-

1115 2210 1368 2239 mentatorum
1388 2203 1502 2251 lapsus
1523 2217 1566 2240 ex
1587 2212 1800 2251 temporum
1834 2205 1978 2242 ratione
1999 2218 2072 2243 non

1115 2252 1340 2289 considerata
1371 2255 1602 2301 contingunt.
1631 2254 1902 2291 GLAREAN.
1929 2259 2076 2305 Scipione

1111 2304 1302 2348 Africano.
1330 2303 1432 2339 Harl.
1455 2303 1550 2340 delet
1566 2306 1722 2353 Scipione.
1749 2305 1853 2342 Med.
1880 2307 1986 2353 prim.
2006 2315 2073 2348 ‚sl-

1102 2355 1245 2398 fricano.
1267 2353 1399 2390 deinde
1419 2354 1550 2402 Copefi
1576 2357 1707 2391 vincins
1728 2367 1811 2393 erat.
1838 2357 1875 2393 &
1895 2355 1942 2393 fic
1965 2358 2072 2396 Leid.

1108 2403 1194 2452 sept.
1225 2404 1328 2441 Med.
1358 2405 1424 2441 sec.
1449 2407 1567 2442 Vitsius
1585 2417 1667 2443 erat.

1162 2468 1193 2502 ς.
1222 2460 1280 2493 ,Ne
1295 2458 1571 2504 provinciaesors
1586 2459 1694 2504 fratri
1706 2459 1767 2505 fito
1788 2458 1913 2507 erepta]
1952 2459 2067 2495 Nimis

1107 2505 1200 2543 haec
1226 2515 1419 2555 exaggerat
1451 2507 1591 2544 auctor.
1653 2509 1709 2545 Ex
1738 2509 1792 2544 his
1824 2511 1921 2545 enim
1951 2508 2064 2544 verbis

1108 2557 1227 2604 quivis
1246 2557 1463 2606 intelligeret
1478 2559 1663 2601 ‚senatum
1684 2559 1908 2596 diffidentem
1933 2559 2065 2594 virtute

1109 2607 1155 2643 L.
1179 2608 1357 2656 Scipionis
1374 2608 1528 2646 voluiffe
1551 2618 1651 2646 extra
1673 2611 1840 2647 ordinem
1860 2608 1954 2644 illam
1978 2619 2066 2655 pro·

1108 2658 1268 2696 vinciam
1287 2659 1417 2697 Laelio
1441 2660 1716 2703 decernere‚ab
1738 2670 1857 2705 ecque
1876 2658 2066 2705 proposito

1109 2719 1326 2747 revocatum
1349 2723 1425 2748 non
1448 2709 1571 2754 fuiffe,
1600 2711 1663 2747 nili
1698 2709 1858 2757 precibus
1889 2708 2068 2747 Africani.

1111 2760 1226 2808 Quod
1249 2761 1368 2799 multo
1399 2762 1502 2798 aliter
1527 2769 1645 2798 narrat
1678 2761 1758 2795 Liv.
1788 2759 1831 2793 L.
1861 2770 2002 2796 xxxvii.
2035 2773 2066 2798 1.

1108 2810 1183 2848 hoc
1204 2812 1334 2849 andO.
1387 2815 1543 2849 Multum
1562 2813 1694 2847 Laelius
1719 2812 1752 2844 in
1778 2813 1902 2844 Senatu
1927 2819 2071 2858 poterat.

1109 2865 1144 2898 Is
1160 2876 1260 2911 quum
1278 2869 1419 2900 Senatus
1442 2876 1499 2899 aut
1522 2863 1660 2910 sortiri,
1688 2870 1745 2894 aut
1775 2869 1959 2908 comparare
1983 2863 2066 2897 inter

1101 2914 1140 2960 se
1161 2916 1351 2959 provincias
1379 2916 1519 2961 confides
1540 2910 1696 2961 juffiffet,
1719 2912 1900 2957 elegantius
1916 2911 2067 2957 sassures

1107 2961 1220 3010 dixit,
1238 2965 1273 3012 fi
1294 2964 1421 3015 judicio
1439 2974 1597 3015 patrum,
1624 2975 1723 3049 qssam
1739 2962 1772 3008 st
1793 2964 1880 3010 sorti
1907 2975 1976 2998 eam
2004 2974 2070 2997 rem

1679 3023 1736 3061 PP
1994 3021 2071 3060 ῬΨ-ἣ
