2516 3509
657 137 799 194 DE
885 137 1632 206 RELIGIONE.
2077 161 2146 219 3⁷7

218 254 260 288 52
280 242 433 294 Persae
449 241 572 291 mille
589 243 773 289 navium
791 256 982 288 numero
1003 243 1176 291 Delum
1203 241 1428 310 compulsi
1448 243 1623 306 templo
1643 243 1870 308 Apollinis
1898 253 1911 284 5
1923 252 1936 281 3
1958 246 2141 312 religio·
2159 242 2269 324 nug&
2312 301 2349 325 vx

144 326 205 374 sas
224 325 376 389 potius
397 338 550 369 manus
569 337 702 385 quam
726 337 904 384 rapaces
922 321 1252 371 adhibuerunt..
2275 316 2280 324 '
2354 316 2362 325 '

209 400 502 448 Athenienses
540 406 579 434 ⁵4
597 400 896 464 Protagoram
916 399 1243 464 philosophum
1263 399 1535 465 pepulerunt
1547 433 1562 458 ‚
1580 400 1685 461 quia
1702 399 1890 448 seribere
1909 404 2032 451 ausus
2046 405 2141 452 suc-
2161 397 2292 466 &072st

140 492 236 538 rat,
264 484 444 539 primum
465 481 650 539 ignorare
663 476 736 538 ft,
770 493 824 522 cm
846 477 907 522 dii
928 479 1074 537 effimt:
1107 478 1251 523 deinde
1287 483 1326 514 55
1351 479 1520 536 fistnt,
1552 478 1691 535 quales
1706 479 1812 537 fint.
1881 480 2024 528 Iidem
2058 484 2142 529 So·
2161 478 2242 548 {fag
2259 481 2362 553 geor.

143 570 314 604 cratem
334 556 686 615 damnaverunt,
722 553 847 618 quod
866 572 1031 602 novam
1061 554 1329 617 religionem
1361 551 1652 598 introducere
1676 552 1927 601 videbatur.
1997 559 2142 606 Iidem
2161 559 2323 632 'glffihfgj

147 635 190 676 5⁶
209 637 420 684 Phidiam
440 636 667 693 tulerunt,
703 634 920 699 quamdiu
940 636 974 680 is
1023 639 1064 672 ⁵7
1085 648 1290 678 marmore
1315 634 1455 692 potius
1486 647 1612 692 quam
1643 632 1755 678 ebore
1777 638 2029 681 Mnervam
2041 639 2142 697 fieri
2159 624 2352 715 lHi'ffif‘I'nr-'G

144 718 286 765 debere
319 716 496 763 dicebat
511 751 526 775 ‚
561 715 686 780 quod
703 714 872 762 diutius
893 713 1016 761 nitor
1037 711 1143 760 esset
1165 710 1417 760 mansurus:
1454 710 1526 759 sed
1546 724 1599 760 ut
1623 712 1788 779 adjecit
1811 715 1864 767 δέ
1887 716 2044 776 vilius,
2079 730 2143 763 ta·
2164 726 2195 755 sc
2220 735 2265 756 ιι.
2294 736 2340 760 13.

149 814 248 847 cere
276 796 512 861 jusserunt.
2164 769 2269 802 hoto.

148 1013 260 1064 paulo
280 1008 479 1052 concisius,
515 1018 626 1055 quam
647 1004 816 1042 Valerius
843 1003 957 1048 solet,
996 1002 1114 1041 confi-

149 1071 271 1112 gnata.
306 1062 483 1097 Ceterum
505 1069 590 1093 cum
610 1055 673 1104 ipsi
685 1055 837 1092 Valerio
859 1067 901 1092 ea
918 1054 1115 1103 periment,

146 1103 305 1152 iestituta
322 1109 495 1148 videntur
513 1119 557 1144 ex
577 1107 755 1156 Epitome
784 1106 946 1156 quadam
963 1106 1118 1150 Valerii,

148 1175 242 1214 quae
264 1164 344 1212 jam
372 1169 456 1197 ante
479 1188 488 1204 ‚
524 1170 638 1207 quam
664 1157 728 1206 ipsi
755 1157 907 1194 Valerio
934 1158 1119 1206 perirent,

147 1213 319 1252 conferta
346 1212 465 1249 fucrit.
517 1210 564 1246 Et
590 1209 816 1259 praeclarum
846 1208 920 1253 est,
953 1208 1057 1258 quod
1083 1209 1121 1245 in

146 1263 375 1313 frontispicio
398 1261 535 1299 codicis
552 1260 591 1297 P.
612 1259 776 1297 Danielis
804 1263 1050 1308 apparuerunt
1067 1267 1121 1296 ta—

144 1316 211 1353 lia:
241 1318 282 1351 In
308 1314 539 1351 abbreviatore
558 1341 569 1355 ‚
600 1314 658 1361 qui
690 1319 734 1346 ω’
754 1314 903 1354 vetustus
931 1313 995 1357 est,
1023 1325 1124 1360 quae-

146 1366 225 1403 dam
242 1377 370 1415 reperta
384 1367 487 1412 saun,
499 1377 584 1413 quoae
603 1364 760 1412 qucniam
778 1364 884 1408 nostro
902 1360 1036 1398 deerant
1048 1376 1125 1404 ‚ne-

147 1417 277 1464 cessario
290 1417 446 1465 supplevi
461 1413 657 1463 3quodque
677 1413 749 1462 ipsa
767 1412 825 1449 illa
838 1411 1015 1449 concisius
1033 1423 1125 1449 con-

149 1468 287 1516 signata
299 1465 467 1514 exempla
485 1465 602 1502 statim
622 1463 743 1501 addita
764 1464 877 1500 fuere.
897 1463 1123 1511 Exemplum

149 1531 304 1568 quoque
322 1516 566 1559 Timafithei,
594 1515 719 1564 quod,
746 1522 786 1550 ut
807 1514 850 1550 ab
874 1515 951 1563 ipso
971 1514 1124 1552 Valerio

152 1569 410 1617 consignatum
445 1567 515 1611 est,
544 1566 663 1602 adhuc
689 1565 890 1610 habemus,
925 1565 1123 1615 quomodo

155 1620 334 1657 concisius
354 1626 579 1666 conceptum
607 1617 738 1660 fuerit,
764 1616 802 1652 in
834 1616 970 1653 eodem
988 1617 1028 1653 P.
1048 1617 1127 1653 Da-

150 1670 255 1708 nielis
275 1669 358 1707 cod.
373 1669 516 1718 liquido
538 1668 714 1716 apparuit.
750 1666 893 1704 Habuit
911 1675 1036 1704 autem
1056 1666 1124 1704 fic:

147 1721 367 1769 Timasitheus
396 1720 583 1769 Liparenfis
613 1729 773 1754 crateram
795 1743 804 1760 ‚
844 1731 946 1766 quam
973 1720 1127 1767 Romano

150 1772 275 1821 Pythio
295 1772 466 1819 &apollini
493 1772 676 1818 miserant,
707 1771 919 1814 interceptam
939 1767 960 1804 ἂ
979 1771 1104 1817 piratis
1117 1795 1126 1811 ,

137 1824 285 1859 'curavit
316 1821 468 1870 Delphos
502 1819 741 1869 perferendam,
799 1817 898 1855 Vide
932 1819 1038 1868 super
1073 1820 1127 1858 his

154 1873 346 1922 epistolam
363 1872 409 1910 ad
430 1870 609 1908 Colerum
628 1871 795 1919 scriptam
810 1898 820 1913 ‚
847 1882 943 1918 quae
973 1870 1127 1908 editioni

155 1924 298 1962 Valerii
315 1921 612 1960 Francofurtenfi
633 1922 681 1958 est
699 1919 902 1970 praemiffa.
930 1922 1127 1960 VORST.

155 1975 405 2024 Reperiuntur
421 1974 514 2010 haec
536 1972 705 2021 exempla
723 1973 761 2009 in
780 1972 876 2008 Cod.
896 1972 1064 2010 Harlem.
1089 1975 1128 2010 ὃς

151 2025 266 2064 Bitur.
293 2026 440 2074 primo:
482 2024 521 2061 in
545 2032 627 2061 tert.
659 2024 696 2061 &
720 2023 807 2071 sept.
836 2022 942 2060 Leid.
971 2023 1128 2069 folium,

153 2076 258 2125 quod
277 2088 319 2114 ea
346 2076 512 2114 continet
539 2074 607 2112 alia
635 2085 750 2111 manu
776 2073 927 2123 scrip-ta,
954 2074 1128 2112 insertum

152 2126 212 2163 est.

206 2189 263 2224 52.
275 2179 396 2225 Persae
413 2178 504 2213 mille
522 2177 661 2213 navium
680 2176 829 2225 numero]
844 2177 886 2213 In
907 2176 1121 2225 quibusdam

155 2227 421 2274 exemplaribus
431 2229 524 2264 haec
544 2228 619 2264 duo
640 2228 810 2275 exempla
832 2228 877 2264 de
889 2227 1001 2264 Persis
1012 2236 1123 2277 atque

153 2276 436 2314 Atheniensibus
469 2289 548 2314 non
583 2277 812 2323 reperiuntur
831 2305 840 2320 ,
875 2278 913 2313 in
940 2278 1126 2314 nonnullis

151 2339 306 2377 quoque
334 2327 484 2363 tertium
514 2326 559 2361 de
577 2325 839 2362 Diomedonte
866 2338 944 2361 non
961 2327 1125 2362 habetur.

152 2379 294 2415 PIGH.
336 2377 397 2413 De
416 2376 490 2412 hoc
509 2377 547 2412 &
564 2375 738 2423 proximo
757 2374 933 2422 sequente
952 2375 1125 2423 exemplo

153 2437 286 2466 monet
303 2427 472 2475 Pighius,
498 2425 655 2475 quod'in
676 2424 889 2474 quibusdam
910 2424 1017 2463 codd.
1045 2438 1127 2474 per-

152 2480 240 2517 inde
259 2488 299 2516 ut
326 2486 447 2516 cetera
471 2489 549 2514 non
568 2476 822 2514 inveniantur:
851 2476 1028 2526 quodque
1053 2485 1127 2514 ter-

151 2532 248 2567 tium
266 2531 357 2567 item
370 2557 380 2573 ‚
399 2528 503 2578 quod
523 2527 567 2565 de
579 2526 839 2565 Diomedonte
867 2528 961 2576 agit,
988 2527 1026 2564 in
1044 2528 1126 2576 qui-

154 2580 307 2618 busdam
333 2592 421 2617 non*
439 2587 620 2628 appareat.
673 2578 716 2614 In
744 2577 919 2615 codicum
946 2578 1126 2616 Brandeb.

152 2628 218 2669 illo
247 2643 361 2681 quem
389 2630 546 2668 diximus
571 2628 770 2679 quomodo
798 2637 944 2673 cetera,
970 2629 1021 2666 ita
1048 2628 1125 2667 duo

155 2694 311 2732 quoque
336 2682 456 2730 priora
476 2692 554 2718 non
573 2680 700 2718 desunt
711 2695 721 2722 ;
749 2679 811 2716 sed
830 2680 981 2717 tertium
997 2687 1127 2719 tamen

154 2735 194 2772 ὃς
219 2735 258 2770 in
282 2734 357 2770 hoc
384 2731 614 2769 desideratur.
640 2730 835 2768 VOR-ST.

207 2797 265 2834 53.
294 2785 476 2833 Religiosas
501 2784 610 2831 potius
636 2795 752 2817 manus
779 2795 880 2831 quam
906 2793 1038 2830 rapaces
1063 2782 1123 2819 ad-

153 2834 238 2883 bib]
269 2834 305 2871 A
327 2834 457 2871 codice
479 2832 609 2870 Brand.
638 2831 733 2869 abest
754 2835 878 2881 potius.
933 2834 983 2870 Et
1008 2834 1126 2882 potest

155 2896 233 2922 vox
254 2896 296 2922 ea
316 2884 521 2922 commode
541 2882 739 2920 subaudiri:
768 2884 967 2932 quomodo
994 2885 1068 2932 sup.
1096 2898 1130 2922 1.

155 2948 186 2973 1«.
206 2943 278 2971 ext.
294 2935 341 2972 ιζ
365 2937 402 2972 &
421 2936 466 2972 1η
477 2935 640 2983 plurimis
667 2933 825 2970 aliorum
844 2935 1053 2972 Austorum
1071 2935 1128 2972 lo-

154 2986 204 3022 cis
222 2985 468 3023 subaudienda
487 2985 546 3023 illa
568 2985 626 3022 est.
655 2984 747 3022 Illud
767 2984 904 3030 miror,
932 2986 1036 3035 quod
1057 2998 1125 3034 pro

148 3037 324 3088 religiosas
345 3036 491 3089 Pighius
511 3036 626 3077 edidit
645 3036 848 3086 irreligiosas
858 3056 870 3081 ,-
892 3048 1054 3087 eumque
1074 3036 1128 3086 se7

2022 877 2143 924 Dio-

1168 1013 1255 1039 cure
1278 1001 1433 1039 Colerus
1452 1009 1563 1051 atque
1582 1001 1744 1051 Thyfius
1771 1002 1850 1040 sunt
1875 1004 1997 1041 secuti.
2051 1004 2147 1042 Sane

1169 1055 1374 1104 irrelsgiosas
1397 1053 1504 1101 plane
1531 1052 1693 1090 alienum
1722 1054 1791 1091 est:
1829 1054 1945 1102 ipsum
1974 1057 2147 1106 religiosas

1171 1112 1298 1141 autem
1327 1105 1364 1142 ὃς
1392 1105 1429 1141 in
1457 1103 1541 1141 cod.
1562 1104 1741 1142 Brandeb.
1761 1114 1920 1153 apparet.
1950 1107 2144 1144 VORST.

1172 1156 1357 1206 Religiosas
1387 1155 1550 1192 scribitur
1580 1155 1691 1192 etiam
1728 1156 1766 1191 in
1792 1157 1878 1204 sept.
1910 1156 2017 1194 Leid.
2044 1169 2149 1205 pror-

1172 1205 1227 1242 sus
1249 1205 1424 1243 eamdem
1444 1205 1653 1253 exprimens
1673 1206 1891 1244 sententiam
1908 1236 1917 1251 ‚
1938 1220 2049 1256 quam
2063 1209 2148 1245 Liv.

1175 1257 1221 1292 L.
1239 1269 1274 1293 V.
1305 1257 1348 1293 C.
1377 1269 1433 1293 22„
1470 1258 1579 1302 Quum
1601 1261 1674 1302 jam
1702 1257 1864 1293 humanae
1890 1270 1959 1307 opes
1981 1262 2105 1308 egestae
2126 1259 2149 1294 ιὶ

1176 1309 1263 1354 Vejis
1281 1307 1378 1354 efflent
1390 1336 1401 1350 ,
1414 1308 1545 1343 amoliri
1567 1318 1636 1343 tam
1651 1309 1761 1343 Deam
1779 1307 1864 1344 dona
1884 1308 2030 1358 ipsosque
2044 1312 2152 1351 Deos,

1166 1356 1229 1406 sed
1247 1360 1420 1394 colentium
1442 1359 1550 1408 magis
1579 1372 1679 1408 quam
1708 1361 1907 1408 rapientzum
1936 1359 2050 1403 modo,
2083 1374 2152 1397 coe·

1196 1423 1258 1445 Cre.

1169 1420 1192 1458 p
1231 1472 1285 1508 54.
1312 1460 1506 1510 Diagoram
1522 1458 1768 1509 philosophum]
1795 1459 1873 1497 Cic.
1901 1459 2047 1504 SuidaS,
2074 1456 2152 1499 Ae-

1175 1509 1302 1548 lianus.
1360 1512 1477 1548 Hunc
1496 1540 1506 1555 ‚
1543 1512 1581 1548 &
1616 1511 1706 1548 alios
1739 1510 1955 1552 θεομάςιγοις
1988 1512 2157 1551 defendit

1174 1562 1332 1608 Justinus
1352 1563 1498 1610 Martyr
1518 1561 1683 1610 Ap’olog.
1708 1575 1721 1599 1
1734 1574 1763 1598 1.
1791 1562 1829 1598 ὃς
1852 1561 2026 1599 Clemens
2046 1564 2154 1601 Alex.

1175 1612 1343 1661 Protrep.
1371 1613 1553 1649 Minutius
1582 1612 1806 1649 Octaviano.
1845 1612 2037 1651 COLER.
2092 1617 2158 1663 Py-

1175 1664 1352 1714 thagoram
1381 1663 1492 1700 habet
1528 1663 1630 1700 Harl.
1657 1663 1770 1700 Bitur.
1805 1670 1887 1700 tert.
1915 1664 2021 1701 Leid.
2084 1665 2156 1703 Sed

1175 1715 1266 1763 sept.
1284 1714 1393 1752 habet
1413 1717 1648 1764 Protagoram.
1677 1714 1821 1762 optime
1834 1742 1843 1758 ,
1866 1714 1992 1763 judice
2014 1715 2154 1754 Gudio.

1181 1766 1355 1803 Similiter
1372 1764 1517 1813 legebat
1540 1765 1596 1801 Cl.
1617 1765 1787 1802 Perizon.
1807 1765 1854 1802 ad
1870 1766 2016 1803 Aelian.
2038 1767 2083 1803 L.
2099 1781 2111 1804 1
2124 1781 2162 1805 1.

1183 1817 1273 1865 Cap.
1295 1828 1354 1866 23.
1384 1816 1529 1853 Scilicet
1556 1816 1756 1859 sententia,
1783 1828 1878 1865 quae
1898 1819 2068 1868 Diagorae
2093 1827 2157 1855 tri-

1180 1867 1302 1905 buitur
1321 1869 1342 1905 a
1362 1867 1516 1904 Valerio
1530 1895 1540 1910 ‚
1565 1867 1624 1904 illa
1654 1866 1675 1904 a
1697 1868 1825 1903 ceteris
1842 1867 2072 1916 scriptoribus
2093 1869 2163 1906 ad*

1177 1918 1342 1956 scribitur
1362 1921 1579 1968 Protagorae.
1599 1917 1699 1955 Vide
1722 1917 1848 1965 Scalig.
1867 1919 2154 1968 adEusebpag.

1186 1983 1290 2018 1574.
1310 1970 1406 2006 Min.
1427 1969 1501 2006 Fel.
1515 1969 1605 2017 Cap.
1619 1969 1652 2005 8.
1670 1969 1851 2005 Plutarch.
1872 1969 1947 2010 ω’ὲὲ
1964 1969 2158 2008 almostam.

1181 2033 1216 2070 p.
1235 2033 1321 2071 403.
1341 2021 1419 2057 Cic.
1431 2020 1476 2057 de
1498 2020 1584 2056 Nat.
1609 2020 1726 2057 Deor.
1747 2020 1792 2056 L.
1816 2033 1845 2056 1.
1869 2020 1911 2057 C.
1936 2034 1963 2057 1.
1984 2022 2021 2058 ὃς
2043 2021 2085 2058 C.
2102 2035 2157 2059 12.

1183 2073 1221 2109 &
1243 2073 1286 2108 C.
1306 2084 1362 2118 42.
1385 2083 1430 2108 ex
1451 2070 1581 2121 quibus
1592 2071 1764 2108 omnibus
1782 2070 1887 2115 locis,
1900 2083 1995 2120 quae
2017 2073 2164 2109 omelia-

1180 2122 1232 2159 b‘ri
1242 2124 1293 2160 sui
1305 2123 1374 2160 Vir
1385 2122 1441 2159 CI.
1453 2121 1697 2170 adscripscrat,
1708 2121 1787 2158 satis
1797 2121 2154 2174 liquet‚Protagoram

1176 2173 1305 2224 negasse
1325 2176 1396 2222 sese
1422 2174 1550 2209 omnino
1571 2172 1611 2208 de
1631 2175 1705 2209 Diis
1723 2172 1861 2213 habere,
1894 2173 1982 2224 quod
2000 2175 2153 2223 ltqueat‘,

1165 2225 1238 2271 fint
1253 2251 1262 2265 ‚
1285 2240 1350 2261 non
1362 2225 1458 2271 fint,
1493 2225 1651 2273 qualesve
1669 2224 1752 2270 sint.
1804 2226 1994 2273 Diagoram
2022 2234 2151 2262 contra

1174 2272 1324 2318 dixisse,
1352 2276 1477 2310 Nullos
1505 2276 1634 2309 omnino
1654 2275 1719 2321 vesse
1749 2276 1857 2310 Deos.
1906 2275 2035 2324 Itaque
2062 2287 2149 2313 cum

1175 2324 1388 2372 Pythagoras
1408 2323 1468 2360 vel
1488 2326 1691 2373 Protagoras
1709 2323 1746 2359 in
1767 2324 1874 2361 MSS.
1901 2326 1992 2362 meis
2020 2338 2150 2363 occur-2

1177 2381 1253 2418 rat,
1281 2386 1359 2411 non
1377 2373 1492 2410 ausim
1512 2373 1573 2410 hic
1593 2374 1722 2410 erroris
1742 2374 1908 2412 accusare
1927 2376 2149 2421 Austorem9

1177 2435 1301 2473 neque
1320 2425 1357 2462 id
1385 2424 1408 2461 fi
1440 2423 1587 2469 scisset..
1605 2422 1764 2469 fecisset,
1794 2424 1928 2471 eredo,
1954 2427 1994 2464 P.
2014 2428 2153 2464 Baelius

1176 2475 1215 2511 in
1234 2474 1332 2513 Did't.
1355 2475 1447 2512 Hist.
1470 2475 1561 2512 Crit.
1589 2474 1635 2512 ad
1655 2483 1719 2512 art.
1746 2477 1939 2524 Diagoras.
1990 2481 2153 2526 Protago-

1177 2540 1235 2562 ras
1251 2525 1340 2573 legit
1371 2527 1482 2563 etiam
1510 2526 1549 2563 P.
1573 2526 1791 2575 Leopardus
1806 2556 1815 2571 ‚
1845 2528 2057 2565 observante
2080 2528 2171 2563 Pe-›

1176 2577 1323 2614 rizonio
1344 2578 1381 2614 in
1401 2577 1511 2626 Epist.
1530 2576 1576 2614 ad
1597 2578 1645 2615 N.
1668 2577 1876 2617 Heinfium.

1229 2641 1286 2676 55.
1316 2630 1350 2663 Si
1363 2628 1456 2676 fiat,
1479 2629 1593 2678 quales
1606 2628 1698 2678 fint]
1735 2629 1920 2667 Ultimum
1932 2628 2005 2674 fint
2026 2626 2161 2665 delent·

1178 2679 1286 2716 MSS.
1305 2679 1457 2729 aliquot.
1486 2679 1592 2717 male.

1232 2731 1290 2778 56.
1319 2728 1487 2779 Phidiam]
1521 2731 1753 2780 Atqui‘Plin.
1781 2741 1825 2765 ex
1852 2727 1963 2765 ebore
1991 2729 2030 2765 δε
2056 2740 2148 2766 auso

1176 2781 1373 2818 Minervae
1399 2781 1554 2821 statuam
1581 2782 1698 2818 scribit
1733 2777 1937 2817 constitisse.
1999 2779 2148 2815 Aureae

1176 2832 1349 2869 meminit
1368 2832 1610 2881 Thucydides
1624 2859 1634 2875 ‚
1647 2830 1787 2868 &Plan
1807 2830 1908 2878 cujus
1926 2830 1962 2866 in
1981 2828 2147 2866 bafiPhi—

1177 2881 1251 2920 dias
1272 2895 1414 2920 nomen
1441 2884 1544 2920 suum
1571 2882 1752 2930 scripserit.
1781 2880 1894 2918 Ovid.
1923 2891 2077 2916 aeneam
2106 2884 2146 2918 ἐξ

1180 2933 1381 2972 eburneam
1403 2935 1489 2971 facit
1506 2933 1564 2970 lib.
1588 2945 1643 2970 1v.
1672 2932 1717 2969 de
1734 2932 1843 2970 Pont.

1226 2987 1342 3027 ‘Artis
1360 2996 1396 3021 ut
1414 2985 1582 3024 Affaeae
1599 2984 1654 3020 ‘vel
1672 2982 1792 3019 eburna
1819 2983 1874 3017 vel
1893 2994 1988 3016 aerea
2004 2983 2131 3030 eustos,-

1279 3037 1413 3073 Bellica.
1423 3034 1587 3074 Phidiaca
1598 3037 1671 3083 stat
1693 3037 1774 3113 Di?
1789 3032 1878 3080 pic'la
1898 3046 2018 3121 manu3
2077 3081 2098 3121 b

1736 3095 1767 3119 ..κ
1797 3094 1825 3131 ᾖ
1998 3090 2075 3121 -tra
2103 3094 2171 3121 σγ.
