2516 3509
490 111 679 196 &DE

799 138 1708 198 SPECTACULIS.

2009 161 2070 219 15
2083 163 2111 220 3

112 245 186 295 fua
215 249 259 282 '5²
281 256 471 311 propter
489 243 648 292 vicum
675 242 863 291 Sabinae
886 242 1082 306 regionis
1102 244 1326 302 Eretum)
1361 259 1412 291 ac
1445 242 1580 289 lintre
1600 243 1781 292 Ostiam
1811 257 1992 309 petens,
2027 263 2113 295 no-

106 320 183 367 ἅτε
201 319 427 367 concubia
452 318 507 366 ad
530 319 758 367 Martium
792 336 1006 384 campum
1038 322 1231 385 appulit.
1263 364 1266 366 ,
1301 319 1658 384 sitientibusque
1688 325 1828 387 aegris
1867 333 1906 363 53
1931 324 2114 374 succure

105 411 206 443 rere
225 398 412 462 cupiens
427 397 559 462 ,igne
581 396 831 461 innavigio
852 414 948 445 non
969 397 1261 463 suppetente,
1295 414 1353 445 ex
1371 398 1675 463 gubernatore
1695 399 1960 463 cognoscit,
1995 403 2116 451 haud

101 475 273 538 xprocul
290 491 502 540 apparere
520 474 718 523 fumum.
787 478 851 524 Et
873 476 927 524 ab
956 492 1012 524 eo
1030 477 1173 541 jussus
1205 476 1360 540 egredi
1398 482 1439 513 ⁵4
1459 475 1718 522 Terentum
1755 477 1828 539 (id
1845 480 1886 524 ei
1906 480 2012 529 loco
2029 468 2134 531 no-v

106 568 213 600 men
239 552 329 610 est)
364 551 531 617 cupide
559 566 741 618 arrepto
772 554 937 613 calice,
970 570 1132 618 aquam
1160 553 1352 599 flumine
1379 550 1607 612 haustam,
1641 568 1697 599 eo
1732 553 1852 600 unde
1890 562 1928 593 55
1960 559 2110 608 fumus

99 642 200 678 erat
217 630 434 691 obortus,
463 634 559 695 jam
581 631 739 678 laetior
757 631 973 696 pertulit,
997 629 1040 666 ⁵⁶
1062 631 1279 679 divinitus
1297 631 1391 679 dati
1414 629 1602 677 remedii
1622 630 1745 695 quafi
1768 632 1956 698 vestigia
1978 652 2113 699 quae-

94 709 211 757 dam
232 709 280 755 in
296 710 561 773 propinquo
597 709 783 757 na&um
817 709 859 756 se
893 709 1174 758 existimans:
1212 711 1348 775 inque
1382 709 1477 757 solo
1513 711 1657 775 magis
1692 710 1896 759 fumante
1916 746 1932 772 ‚
1978 731 2115 779 quarn

104 787 214 836 ullas
248 786 366 852 ignis
408 786 602 835 habente
636 788 842 851 reliquias
862 822 880 848 2
924 788 1035 836 dum
1079 790 1281 837 tenacius
1315 807 1456 838 omen
1497 790 1834 855 apprehendit,
1869 796 2114 844 contraCtis

158 1017 216 1053 50.
243 1007 308 1055 Spe
327 1013 438 1041 tamen
457 998 557 1039 dubia
579 1002 782 1051 praesentem
799 1009 920 1038 metum
941 999 1076 1039 ‘vincen-

105 1053 156 1102 τε]
197 1055 276 1092 MS.
295 1058 387 1106 spem
415 1064 526 1089 tamen
553 1051 686 1089 dubiam
701 1054 873 1102 praesente
893 1064 982 1089 metu
1002 1056 1081 1089 vin—

100 1116 204 1141 cente.
238 1105 314 1142 hoc
344 1103 455 1140 sensu.
516 1103 710 1141 Praesente
737 1106 777 1141 ὅ(
808 1114 947 1152 magno
977 1112 1081 1141 metu

105 1165 175 1201 pro
201 1154 320 1191 liberis
344 1153 554 1202 gravifiimo
587 1154 723 1192 morbo
754 1154 938 1203 implicitis
967 1165 1081 1203 expu-

98 1204 239 1252 gnabat
268 1206 307 1242 ὃς
326 1205 499 1242 vincebat
523 1204 792 1243 dubitationem
813 1205 906 1242 illius
926 1205 1019 1254 spei,
1040 1205 1082 1242 li-

107 1262 166 1291 cet
185 1256 260 1303 spes
281 1253 368 1293 effet
389 1255 660 1300 dubia‚tamen
680 1255 897 1294 vincebatur
913 1254 934 1293 a
948 1256 1082 1305 majori

105 1312 221 1343 metu.
276 1306 334 1344 Sic
354 1306 439 1343 Liv.
469 1307 515 1344 L.
536 1318 654 1344 XXVII.
676 1319 734 1357 35.
762 1309 867 1345 Vinci
880 1309 979 1355 fitam
999 1319 1083 1343 tem-

92 1358 288 1406 perantiam
326 1359 484 1408 Qmana
521 1355 701 1407 cupiditate
740 1358 909 1408 paffierum
946 1361 1082 1409 Regem.

103 1406 349 1445 PERIZON.
409 1407 514 1446 Harl.
537 1412 626 1458 spem
652 1407 728 1445 inde
755 1407 889 1446 dubiam
914 1413 1084 1458 praesente

104 1469 192 1494 metu
221 1460 382 1496 vincente.
412 1459 520 1497 Leid.
541 1461 610 1498 sec.
636 1466 701 1509 Spe
720 1472 831 1497 tamen
862 1458 962 1496 dubia
974 1470 1080 1509 prae-

96 1511 193 1558 ftnte
220 1521 309 1546 metu
343 1512 503 1547 vincente.
551 1522 638 1548 cum
681 1511 812 1560 Copes.
851 1511 1084 1550 consentiunt

109 1559 242 1610 Ultraj.
264 1560 372 1609 prim.
397 1563 434 1598 ὃ(
453 1561 569 1599 Periz.
596 1562 718 1599 Vatic.
740 1562 848 1611 prim.
870 1563 908 1599 ὅ(
926 1570 1083 1613 uterque

104 1610 249 1648 Barber.
271 1610 380 1648 Leid.
398 1611 484 1660 sept.
504 1612 635 1657 habet,
662 1617 688 1649 S
685 1623 726 1662 pe
742 1624 853 1650 tamen
871 1610 971 1649 dubia
982 1623 1083 1662 prae-

93 1663 226 1709 sentem
249 1673 370 1698 metum
390 1666 563 1708 vimente,
590 1663 651 1701 sed
667 1664 767 1712 prius
788 1662 891 1701 fuiffe
907 1666 1000 1713 spem
1020 1663 1083 1701 du-

101 1711 214 1758 biam,
237 1711 340 1750 erafis
362 1713 619 1761 posterioribus
635 1714 745 1752 literis
761 1713 906 1764 liquido
927 1726 1079 1764 appare-

101 1762 174 1802 bat.
227 1763 264 1801 Si
292 1763 484 1813 vulgatum
514 1766 696 1810 -retIneas,
726 1765 835 1815 quod
863 1765 1076 1805 faciendum

102 1825 211 1859 reor,
238 1814 298 1852 hic
325 1815 442 1852 sensus
464 1814 541 1852 erit.
595 1817 748 1855 Tamen
773 1828 865 1853 cum
884 1816 960 1865 spes
979 1818 1077 1855 resti-

91 1865 232 1903 <tuendi
249 1865 318 1904 suis
347 1865 597 1904 valetudinem
612 1896 622 1912 ,
647 1867 733 1905 licet
753 1866 884 1911 dubia,
911 1865 999 1905 esset
1020 1870 1076 1906 ef-

100 1914 250 1954 ficacior
269 1928 382 1965 quam
402 1917 566 1966 praesens
590 1921 628 1956 ὃς
648 1926 766 1956 certus
798 1925 920 1956 metus
936 1918 1075 1968 longae

100 1967 141 2005 δε
157 1968 382 2016 periculosae
400 1969 644 2017 navigationis
658 1997 668 2014 ‚
695 1974 791 2019 'quae
816 1969 1075 2017 imperabatur.

69 2062 71 2067 ,
151 2030 208 2065 51.
234 2018 429 2056 Habitabat
450 2024 534 2057 enim
551 2023 588 2056 in
608 2022 697 2057 villa
708 2019 791 2070 fha]
823 2019 916 2058 Illud
928 2022 993 2068 sua
1011 2021 1075 2060 ad-

99 2066 262 2105 dititium
290 2070 448 2108 videtur:
478 2071 696 2110 COLER.v
736 2072 885 2121 Negant
914 2071 1021 2110 MSS.
1048 2072 1075 2111 fi

99 2117 205 2156 Med.
226 2118 397 2168 quintum
418 2122 585 2170 excipias.

152 2181 209 2217 52.
237 2172 342 2218 Prope
357 2174 466 2208 ’vicum
482 2172 626 2209 Sabinae
654 2173 797 2223 regionis
815 2173 997 2224 Heretum]
1029 2175 1073 2214 In

99 2218 331 2263 Atrebatenfi
355 2223 544 2266 corredie,
570 2227 712 2272 Propter
731 2222 842 2260 virum
862 2224 1008 2261 Sabinae
1025 2240 1073 2262 re-

89 2272 205 2320 gionis
230 2272 374 2308 Eretum.
413 2273 478 2309 *Sic
498 2274 655 2310 Ovidius
669 2301 678 2317 ‚
706 2276 844 2321 Propter
861 2273 994 2310 humum
1011 2289 1073 2311 ‘vo-

96 2323 213 2358 litant.
249 2319 296 2358 Et
316 2322 516 2359 Terentius
532 2322 728 2370 Adelphis,
755 2327 826 2359 Hic
837 2331 971 2371 propter
990 2324 1073 2361 hunc

96 2373 210 2420 affiste.
272 2372 375 2409 Ereti
404 2373 578 2410 meminit
612 2372 785 2421 Virgilius
813 2372 972 2410 Aeneid.
1000 2386 1072 2413 νη.

97 2424 287 2472 Stephano
301 2423 448 2470 ’Ἠξητος
468 2423 621 2467 dicitur,
642 2421 830 2472 Dionyfio
851 2424 888 2460 &
903 2424 1070 2464 Straboni

94 2478 242 2511 Eretum.
278 2473 418 2511 PIGH.
470 2476 616 2511 Eretum.
649 2473 753 2511 Male
781 2475 819 2510 in
845 2472 938 2512 libro
970 2475 1068 2514 Dan.

95 2529 232 2562 Fretum
252 2524 423 2562 scribitur„
452 2524 616 2564 Servius:
644 2528 779 2565 Eretum
804 2522 934 2573 opidum
954 2529 997 2574 est
1015 2526 1070 2563 di-

95 2576 184 2612 Hum
204 2576 225 2612 ἒι
237 2576 375 2621 Junone
393 2574 428 2612 id
444 2579 488 2623 est
500 2575 612 2626 “ngcq
631 2589 716 2626 quae
742 2577 813 2612 illic
836 2577 964 2614 colitur.
977 2577 1070 2616 Co-

97 2626 216 2665 LER.
281 2628 418 2676 Propter
444 2629 556 2663 vicum
582 2630 726 2664 Eretum.
765 2627 819 2664 Ita
846 2626 994 2675 Pighius
1023 2640 1068 2667 ex

96 2677 182 2715 cod.
210 2676 454 2716 Atrebatensi.
514 2678 597 2715 Nec
621 2677 724 2715 aliter
754 2676 862 2715 codd.
889 2678 1068 2718 Brandeb.

96 2728 172 2766 Alii
192 2728 312 2767 modo
341 2728 476 2766 habent
491 2738 593 2777 prope
619 2730 740 2766 vicum.
786 2729 885 2766 Ereti
905 2731 1068 2768 mentio-

96 2790 186 2824 nem
220 2780 259 2817 &
287 2779 462 2828 Virgilius
490 2780 577 2817 facit
603 2778 626 2815 l.
657 2792 727 2817 vn.
754 2778 851 2817 Aen.
880 2779 1068 2830 Stephano

94 2828 144 2866 est
154 2828 330 2874 ’‘Henr&.
381 2830 525 2869 Servius
542 2830 587 2867 ad
599 2829 798 2878 Virgilium
818 2831 868 2868 ait
886 2832 1067 2880 oppidum

95 2880 148 2918 ita
166 2879 307 2917 dietum
329 2879 403 2919 effe
421 2880 442 2919 a
473 2881 646 2927 Junone,
674 2892 768 2931 quae
796 2880 847 2919 ibi
863 2882 957 2920 culta
988 2884 1070 2921 fue-

89 2932 154 2968 rit.
165 2932 273 2968 Haec
284 2931 436 2980 quidem
448 2931 691 2979 Graece‘ff-lpffi
703 2933 1066 2972 vocatur.VORST.

93 2982 154 3019 Ut
172 2982 318 3030 Pighius
341 2983 539 3028 emendat,
564 2984 614 3020 ita
635 2981 774 3020 dudum
801 2991 886 3020 ante
918 2984 1069 3023 restituit

95 3032 154 3081 M.
181 3034 272 3072 Ant.
304 3032 497 3074 Sabellicus
527 3034 663 3075 dicens.
716 3033 760 3073 In
778 3033 920 3075 nullum
947 3035 1068 3075 adhuc

2000 880 2112 928 levi-

1130 1001 1273 1040 Valerii
1293 1003 1562 1052 exemplarium
1580 1004 1799 1049 incidimus.
1816 1006 1926 1055 quod
1947 1018 2025 1045 non
2037 1011 2113 1055 frem'

1129 1064 1200 1089 tum
1214 1053 1363 1091 haberet
1378 1054 1459 1098 ‚sed
1479 1067 1556 1105 quo
1570 1055 1679 1105 paeto
1691 1055 1729 1093 id
1748 1055 1826 1093 fieri
1847 1058 1954 1105 poffit
1967 1087 1977 1103 ,
1992 1067 2032 1096 ut
2041 1060 2106 1098 Sa=

1131 1103 1208 1141 bini
1240 1105 1315 1153 agri
1348 1105 1431 1143 villa
1452 1106 1574 1144 vicina
1602 1104 1689 1144 esset
1706 1108 1807 1144 freto
1824 1135 1833 1151 ‚
1861 1119 1948 1146 cum
1974 1109 2108 1148 Sabina

1132 1162 1210 1193 tota
1236 1156 1505 1194 mediterranea
1525 1155 1589 1201 fit,
1617 1158 1681 1207 qui
1701 1157 1832 1196 vitiose
1861 1158 1987 1197 locum
2008 1161 2110 1199 hunc

1131 1205 1254 1254 legere
1275 1207 1574 1255 perseverarunt,
1602 1207 1689 1257 ipfi,
1718 1207 1744 1245 fi
1766 1208 1936 1257 possunt,
1970 1211 2110 1251 dicant.

1133 1257 1217 1305 Ego
1245 1257 1349 1307 quod
1376 1270 1421 1295 ex
1451 1259 1628 1296 Strabone
1651 1260 1690 1296 ὅ(
1712 1259 1827 1297 Livio
1847 1259 1980 1306 didici,
2007 1263 2108 1301 haud

1135 1307 1350 1346 cunetamer
1378 1309 1560 1347 affirmare
1592 1309 1762 1358 possum,
1792 1313 1923 1347 Eretum
1944 1324 2022 1350 non
2038 1317 2112 1360 free

1133 1369 1203 1395 tum
1217 1359 1369 1397 Sabinae
1392 1360 1551 1408 regionis
1573 1360 1756 1397 celebrem
1778 1359 1879 1398 fuisse
1898 1362 2026 1401 locum
2040 1365 2110 1402 Ti-

1135 1409 1211 1447 beri
1224 1411 1440 1459 proximum
1458 1439 1467 1455 ,
1482 1410 1527 1448 de
1548 1423 1625 1461 quo
1636 1411 1738 1448 haud
1760 1410 1868 1449 dubie
1882 1412 2027 1451 videtur
2038 1416 2111 1452 mi-

1134 1460 1174 1498 hi
1196 1461 1362 1499 Valerius
1388 1461 1554 1500 scribere.
1606 1461 1804 1500 intendant
1827 1462 1940 1511 igitur
1960 1464 2009 1502 illi
2032 1467 2110 1504 ani-1

1136 1523 1243 1550 mum
1266 1513 1516 1563 videantque,
1543 1525 1590 1551 ne
1609 1512 1714 1564 quod
1735 1512 2023 1561 diligentissimus
2045 1528 2110 1554 au=

1137 1563 1217 1601 etor
1245 1567 1376 1600 Eretum
1406 1563 1563 1613 scripsit,
1589 1563 1840 1602 recentiorum
1872 1565 2011 1604 inscitia
2030 1579 2109 1606 uno

1136 1613 1314 1652 duntaxat
1346 1614 1536 1653 elemento
1569 1615 1742 1659 inverso,
1769 1618 1928 1661 Fretum,
1955 1625 1996 1655 ut
2025 1628 2108 1656 cae-

1136 1676 1223 1703 cum
1245 1663 1333 1703 esset
1355 1665 1478 1704 multis
1497 1664 1787 1710 offensurum,
1815 1667 1954 1705 fecerit.
1999 1668 2107 1706 Haec

1128 1716 1202 1754 ille.
1253 1717 1433 1754 Meminit
1463 1719 1553 1753 Ereti
1576 1718 1662 1755 Liv.
1693 1717 1739 1754 L.
1760 1729 1862 1754 xxvr.
1889 1731 1945 1756 Π.
1972 1719 2034 1757 ubi
2054 1721 2109 1757 vim

1131 1766 1177 1804 de
1212 1766 1419 1815 Sigonium.
1451 1767 1696 1806 PERIZON.
1750 1768 1794 1804 In
1816 1767 1991 1807 Editione
2020 1771 2106 1808 Μετε

1129 1817 1332 1855 diolanenfi
1349 1817 1397 1855 fic
1416 1826 1523 1856 notat
1545 1818 1793 1868 Theophilus.
1828 1820 1917 1857 Hoc
1939 1821 2105 1860 anima&

1127 1876 1273 1906 vertere
1302 1877 1453 1917 oportet
1484 1869 1617 1908 multas
1634 1871 1672 1907 in
1692 1870 1836 1907 Etruria
1858 1871 2022 1909 civitates
2039 1873 2105 1917 iis*

1127 1931 1223 1969 quae
1244 1920 1282 1957 in
1296 1920 1407 1958 Latio
1430 1920 1662 1965 referuntur,
1681 1920 1806 1958 haberi
1831 1923 2102 1970 cognomines;

1128 1979 1167 2008 ut
1190 1974 1399 2008 Ferentinum
1422 1999 1433 2016 ,
1473 1971 1614 2009 etiamst
1641 1971 1877 2010 Ptolemaeus
1898 1976 2105 2019 Ferentium&
2166 1979 2171 1987 ‘

1128 2021 1257 2060 Strabo
1279 2031 1407 2060 tamen
1428 2024 1636 2059 Ferentinum
1656 2030 1868 2072 utrumque.
1908 2024 1951 2062 In
1974 2025 2105 2064 Tuscis

1124 2075 1314 2118 Ferentini,
1336 2074 1458 2123 potius
1477 2074 1515 2111 in
1538 2074 1894 2129 LatioffiFerentinates
1917 2075 2103 2119 dicuntum

1124 2123 1320 2174 dequibus
1341 2125 1414 2174 ipse
1424 2125 1637 2162 Plinius:ut
1657 2136 1695 2162 1n
1717 2124 1905 2174 Stephano
1927 2129 2104 2165 Ferentani

1123 2176 1162 2213 &
1185 2178 1353 2221 ferent-ii,
1382 2188 1461 2213 non
1489 2184 1618 2213 tamen
1646 2174 1666 2213 {1
1693 2179 1842 2213 Ferentio
1861 2179 2102 2222 ferentinove,

1120 2225 1183 2263 sed
1207 2225 1227 2263 a
1244 2229 1380 2262 Ferento
1394 2226 1615 2263 Sabinorum
1638 2227 1780 2275 oppido
1802 2235 1864 2264 aut
1877 2227 2102 2274 Samnitum,

1124 2275 1171 2312 de
1191 2288 1268 2325 quo
1281 2274 1574 2325 Halicarnasseus
1592 2276 1794 2325 Dionyfius
1808 2289 1902 2314 xvyn.
1925 2279 2103 2317 Historia-

1123 2336 1206 2361 rum
1220 2353 1230 2368 ,
1258 2333 1298 2362 ut
1319 2326 1394 2363 hoc
1414 2323 1562 2363 fortasse
1579 2325 1667 2363 illud
1695 2327 1736 2364 sit
1759 2326 1806 2364 de
1825 2340 1901 2377 quo
1915 2329 2096 2369 Valerius.

1123 2375 1318 2412 Habitabat
1345 2376 1491 2425 (inquit
1510 2376 1672 2414 seeundo
1696 2377 1835 2424 Libro)
1863 2382 1899 2414 in
1928 2382 2016 2417 villa
2030 2384 2096 2429 fica

1117 2435 1218 2476 prope
1234 2429 1379 2463 vicinum
1401 2427 1545 2464 Sabinae
1568 2430 1712 2478 regionis
1735 2432 1928 2473 ferentum,
1956 2432 2093 2469 etiamsi

1123 2486 1295 2526 corrupte
1307 2481 1434 2524 fretum
1456 2478 1598 2527 legitur.
1646 2479 1738 2516 Non
1758 2479 1836 2518 sum
1858 2482 1994 2518 nescius
2018 2485 2096 2517 Ere-

1120 2538 1191 2564 tum
1208 2528 1247 2566 id
1269 2528 1289 2566 a
1313 2529 1530 2578 quibusdam
1549 2528 1652 2567 scribi
1688 2542 1733 2567 ex
1765 2531 1942 2569 Strabone
1967 2532 2092 2568 Livio--

1120 2590 1206 2627 que.
1258 2579 1341 2617 Nec
1360 2580 1547 2629 improbo.
1584 2579 1708 2625 Tibur,
1735 2582 1854 2632 inquit
1877 2583 2002 2619 Strabo
2017 2610 2025 2625 ,
2047 2590 2094 2618 ω’

1118 2633 1254 2666 Eretum
1283 2633 1351 2667 ‘vici
1370 2634 1507 2680 potius,
1535 2645 1636 2681 qnam
1667 2631 1794 2682 oppida.
1848 2632 1950 2669 Idem
1982 2633 2091 2680 paulo

1119 2682 1200 2729 post
1220 2683 1280 2717 ‘via
1295 2710 1305 2726 ‚
1342 2682 1486 2732 inquit,
1513 2684 1676 2726 Salaria,
1703 2687 1739 2719 in
1758 2697 1855 2732 quam
1878 2691 1921 2717 (Υ
1947 2684 2093 2719 Nomen-

1120 2743 1202 2769 tana
1220 2731 1394 2778 coincidit,
1420 2732 1477 2770 ubi
1489 2734 1693 2770 Sabinorum
1713 2736 1803 2769 ¹virus
1826 2735 1928 2780 fieprn
1949 2733 2092 2770 Tiberim

1117 2787 1251 2820 Eretum
1271 2786 1410 2821 nomine.
1437 2785 1625 2822 Antonius
1653 2784 1714 2829 (L.
1734 2783 1971 2828 Antoninus)
1995 2797 2089 2831 quo-0

1118 2846 1215 2883 que,
1242 2835 1319 2873 Ab
1349 2835 1447 2879 urbe,
1478 2835 1620 2884 inquit,
1647 2838 1779 2870 Eretum
1808 2832 1908 2880 distat
1936 2832 2093 2872 duodo-vi<

1113 2887 1207 2934 giuti
1228 2888 1313 2922 MP.
1328 2885 1530 2935 Dionyfius
1542 2914 1552 2929 ,
1577 2888 1707 2921 Eretum
1720 2914 1729 2929 ,
1740 2885 1859 2934 inquit
1873 2885 2089 2929 ,Sabinorum

1111 2938 1185 2981 fuit
1206 2934 1367 2984 oppidum.
1387 2937 1491 2985 Virg.
1521 2938 1611 2972 Ereti
1629 2950 1744 2972 manus
1766 2938 1868 2972 omnis
1892 2937 2091 2982 Glivifcrae-

1118 2999 1181 3035 que
1213 2988 1392 3034 Alutifiae.
1443 2988 1561 3025 Porro
1595 2988 1728 3023 Eretum
1755 2987 1782 3023 is
1809 2986 1954 3023 videtur
1984 2987 2088 3024 locus·

1118 3034 1214 3082 effe,
1241 3037 1306 3087 qui
1331 3051 1422 3076 mons
1453 3040 1610 3082 Eretum,
1649 3038 1687 3074 ὅ(
1708 3048 1876 3085 corrupta
1902 3035 2015 3084 vulgo
2038 3037 2092 3074 di·

1669 3088 1705 3122 V
1968 3087 2091 3125 vitione
