2516 3509
345 119 463 175 DE
525 116 1126 178 SENECTUTE
1187 117 1831 182 MEMORABILI.
1996 129 2106 202 767

93 222 361 288 finefientem
396 222 634 282 proceffiffe.
703 221 790 269 Sed
824 221 974 270 multo
1018 221 1240 270 liberalius
1286 229 1331 261 47
1368 223 1673 288 Xenophon,
1720 231 1849 292 cujus
1894 230 2130 285 περλπλες.

104 306 286 371 legitur.
321 303 356 349 is
389 303 511 349 enim
546 299 592 340 43
628 303 920 351 Latmiorum
956 319 1112 369 regem
1147 302 1422 367 oet-ingentis
1456 306 1575 353 vitae
1608 308 1731 355 annis
1765 309 1964 357 donavit.
2027 313 2099 360 Ac

107 400 164 432 ne
208 397 334 449 pater
375 385 471 449 ejus
515 399 677 448 parum
711 384 906 448 benigne
938 397 1151 449 acceptus
1186 382 1450 443 videretur,
1480 385 1521 430 ei
1555 401 1740 448 quoque
1773 386 2005 437 sexcentos
2040 390 2102 439 as-

110 465 302 531 fignavit
333 482 485 513 annos.

110 608 223 647 quam
255 596 428 646 proxime
460 591 681 635 accesserant
713 594 828 633 Aldus
861 597 898 634 ὃς
923 595 1081 634 Chalco-
1132 595 1182 634 bo
1214 594 1345 632 urbem
1374 604 1458 632 cum
1487 602 1597 643 portu
1628 593 1648 633 a
1669 596 1796 636 vicino
1823 606 1954 639 monte
1975 600 2022 639 siC
2041 615 2104 653 ap-

112 648 313 696 condyles,
350 647 452 698 quod
485 646 674 684 ediderant
704 650 738 683 Is
770 649 856 683 enim
889 650 1083 684 Latinorum
1133 645 1307 696 pellatam
1338 645 1510 694 prodidit.
1538 646 1735 686 VORST.

112 713 231 750 regem.
283 699 352 737 Sed
385 699 533 748 Pighius
556 698 788 736 scribendum
820 699 962 746 putavit
991 701 1085 745 lnsn-
1184 697 1244 744 48.
1274 696 1622 746 LatinorumRegem]
1654 702 1830 736 Lamon-um
1850 699 2014 742 aliilibri.
2032 705 2103 744 Sed

112 751 166 786 lae
198 752 283 786 enim
315 751 538 787 Lazlmziorum
567 764 698 801 regem3
744 758 783 786 ut
811 750 883 796 ipse
914 750 950 786 iu
981 759 1085 787 vete·
1137 749 1174 786 in
1194 748 1314 786 Plinio
1336 750 1589 785 maritimorum.
1613 748 1807 788 COLER.
1833 751 2024 792 Salmasius
2051 757 2103 793 lc-

112 801 221 838 ribus'
242 801 327 839 libb.
352 802 523 851 scriptum
554 801 738 850 repererit.
793 801 936 837 Verum
961 801 1085 848 primo

0 853 11 856 ”
37 893 44 896 ,
114 852 407 890 incommodum
437 853 497 890 hic
531 852 578 888 est
607 854 757 900 insulae:
786 860 822 888 at
856 851 1028 888 voculam
1059 854 1088 887 is

116 911 260 941 veteres
291 904 387 952 typis
417 902 567 952 expreffi
602 904 638 940 &
664 901 841 939 Brandeb.
880 902 986 938 MSS.
1025 903 1089 939 ha-

113 953 212 992 bent.
268 954 416 992 Deinde
448 955 654 990 Latmiorum
690 953 888 1000 legendum
919 951 990 990 effe
1022 953 1086 991 do-

116 1006 191 1042 cuit
222 1004 415 1042 Salmasius
446 1006 483 1041 in
507 1004 704 1041 Exercitat.
728 1004 765 1040 in
788 1003 902 1041 Solin.
928 1015 1009 1052 pag.
1034 1016 1090 1049 17.

114 1058 254 1091 Latmus
281 1056 364 1093 urbs
385 1084 398 1098 ,
437 1055 497 1092 vel
520 1054 644 1092 insula.
698 1053 809 1091 Unde
839 1056 967 1090 Latmii
1005 1053 1093 1091 diui

116 1106 180 1155 qui
210 1117 294 1145 eam
323 1105 505 1145 incolunt.
558 1106 654 1143 Item
669 1110 765 1153 finus
785 1107 970 1143 Latmicus.
997 1105 1092 1142 Stra-

735 1246 1234 1302 CAPUT

1138 800 1221 848 git,
1262 803 1297 836 Is
1339 801 1424 836 enim
1453 800 1660 835 Latmiorum
1688 805 1818 851 Regem.
1870 804 1919 842 Et
1955 806 2038 843 sane
2064 809 2102 845 jn

1139 850 1252 888 MSto
1289 850 1327 886 «ιδ
1365 851 1495 898 insulae
1521 851 1717 889 recentiori
1736 864 1849 890 manu
1874 863 1950 892 erat
1969 858 2104 905 reposi-

1139 909 1220 939 tum
1235 930 1247 945 ‚
1272 901 1394 950 priore
1420 899 1582 938 lectione
1604 903 1698 939 erasa
1714 931 1724 946 ,
1748 904 1851 951 cujus
1880 906 2033 953 spatium
2055 909 2105 946 fa-

1143 952 1211 989 cile
1238 954 1266 988 is
1294 953 1379 988 enim
1402 958 1548 1000 poterat
1566 963 1707 1000 capere.
1740 954 1863 992 Etiam
1884 957 2006 995 Latin.
2032 960 2106 997 La-

1142 1004 1253 1040 tinius
1271 1004 1451 1048 πεφῖπλες
1466 1027 1476 1044 ,
1499 1002 1559 1039 vel
1573 1003 1759 1048 melin-w.
1776 1005 1923 1044 Vide&
1936 1009 2109 1047 Voffium

1144 1053 1190 1091 de
1210 1054 1300 1091 Hist.
1340 1054 1471 1091 Graec,
1508 1053 1546 1089 in
1576 1053 1840 1103 Xenophonte.
1869 1058 2113 1099 PERIZON.

1145 1104 1310 1143 Barthius
1333 1104 1430 1142 delet
1449 1105 1560 1141 annis.
1596 1106 1700 1155 quod
1720 1107 1879 1146 retinent
1904 1109 1983 1147 libri
2002 1111 2108 1150 MSS.

1378 1245 1538 1298 XIV.

256 1377 397 1440 DE
496 1374 1310 1439 CUPIDITATE
1406 1375 1975 1438 GLORIAE.

291 1531 388 1578 IN
464 1532 922 1579 ROMANIS.

125 1664 164 1695 1.
199 1647 258 1693 P.
293 1646 501 1707 Africano
534 1647 706 1707 majore.

123 1729 165 1760 2.
203 1715 262 1757 D.
299 1714 438 1758 Bruto
470 1713 669 1758 Gallas‘co.

125 1795 165 1840 3.
200 1782 274 1822 Cn.
314 1777 504 1837 Pompejo
540 1777 713 1839 Magm.
783 1776 788 1777 ⁷

121 1861 162 1904 4.
197 1843 318 1889 Sulla
356 1842 498 1888 Felice.

125 1923 164 1967 5.
201 1909 356 1968 Equite
389 1906 580 1966 qaodam.

120 1978 164 2019 6.
199 1973 248 2017 C.
287 1972 414 2016 Fabzo
449 1972 632 2018 Ρίἑῖονσ.

1300 1532 1394 1577 ΙΝ
1471 1531 1975 1579 EXTERNrs.

1154 1664 1194 1693 1.
1227 1643 1491 1706 Themistocle
1525 1645 1782 1708 Atheniensi.

1156 1727 1196 1756 2.
1232 1712 1473 1756 Alexandro
1509 1714 1688 1771 Magno.

1156 1789 1195 1836 3.
1232 1775 1457 1835 Aristotele
1489 1779 1702 1835 Stagirite.

1152 1857 1195 1900 4.
1230 1839 1453 1901 Pausania
1490 1840 1728 1888 Affacedone.

1157 1918 1195 1964 ς.
1237 1904 1497 1965 Herostmto.

124 2107 135 2127 ¹
300 2097 410 2144 loria
444 2114 580 2156 vero,
615 2110 693 2144 aut
725 2096 844 2143 unde
878 2098 1074 2155 oriatur,
1109 2109 1188 2144 aut
1222 2099 1352 2160 cujus
1387 2095 1442 2144 fit
1477 2096 1680 2158 habitus,
1717 2109 1795 2145 aut
1829 2114 1916 2162 qua
1950 2102 2121 2149 ratione

302 2175 460 2221 debeat
504 2177 796 2238 comparari,
841 2176 888 2221 ἃ
932 2192 985 2221 an
1029 2173 1188 2223 melius
1233 2174 1258 2222 ὲ
1302 2176 1511 2234 virtute,
1555 2177 1695 2224 veluti
1731 2194 1824 2223 non
1859 2180 2117 2247 necessaria,

126 2258 417 2325 negligatur,
465 2256 663 2304 viderint
698 2258 728 2303 ii
759 2291 774 2316 ‚
821 2264 833 2283 ⁷
887 2273 1084 2320 quorum
1131 2259 1178 2304 in
1225 2257 1586 2322 contemplandis
1637 2265 1649 2295 3
1696 2259 1957 2323 hujusmodi
1992 2261 2119 2308 rebus

182 2481 216 2506 1.
239 2469 360 2504 Gloria
379 2477 488 2503 autem
510 2466 593 2502 unde
611 2467 761 2511 oriatur,
787 2475 847 2501 aut
869 2470 958 2511 cujus
971 2466 1020 2512 fit
1040 2465 1102 2503 lm-

129 2519 242 2562 bitus,
268 2530 328 2555 aut
357 2533 424 2568 qua
454 2520 584 2554 ratione
610 2517 725 2554 debeat
754 2519 958 2565 comparari,
990 2525 1035 2553 ω’
1057 2532 1102 2555 an

130 2572 247 2606 melius
267 2585 286 2605 a
301 2572 428 2606 virtute
443 2597 452 2613 ,
472 2583 509 2605 ac
520 2571 629 2604 veluti
648 2583 712 2604 non
730 2569 902 2616 neseffizria
917 2597 924 2612 ,
949 2570 1102 2619 negliga-

131 2633 186 2657 tur
200 2650 208 2664 ‚
239 2619 389 2658 viderint
415 2619 459 2669 ii]
491 2610 548 2657 Sic
569 2621 660 2657 haec
682 2619 821 2668 primus
843 2616 1029 2657 constituit
1043 2620 1103 2657 Pi-

132 2673 260 2721 ghius,
291 2683 376 2708 cum
405 2670 587 2719 legeretur
615 2672 652 2707 in
683 2670 937 2708 vetustioribus
970 2670 1101 2709 editio·

132 2724 257 2766 nibus,
281 2723 401 2758 Gloria
421 2736 498 2758 ‘vero
517 2721 602 2758 unde
622 2723 761 2759 oriatur.
780 2721 818 2758 in
840 2721 946 2758 MSS.
968 2733 1099 2771 prope-

132 2773 291 2811 modum
314 2772 485 2810 omnibus
506 2773 544 2810 ὃς
564 2774 671 2821 Mog.
700 2773 820 2808 Gloria
840 2786 917 2808 vero
935 2783 995 2809 aut
1016 2772 1101 2810 unde

131 2827 273 2862 oriatur.
299 2825 336 2861 ὃ(
355 2822 488 2860 deinde
501 2852 511 2867 ‚
556 2826 599 2860 Et
619 2838 664 2860 an
685 2824 801 2859 melius
820 2837 841 2860 a
861 2825 989 2861 virtute
1005 2826 1100 2861 ‘velut

131 2891 195 2912 non
223 2874 397 2923 necessaria
424 2875 634 2924 negligatur,
680 2871 809 2911 omiffa
838 2874 969 2923 copula
996 2889 1034 2912 ac
1061 2876 1099 2913 in

130 2926 225 2965 Edd.
252 2928 289 2964 &
312 2925 417 2963 MSS.
446 2925 548 2975 quod
571 2924 745 2973 probabat
765 2925 1099 2969 Perizonius,²·‘ad-

134 2977 222 3016 dens
250 2977 391 3014 sensum
416 2975 462 3013 fic
484 2975 604 3014 multo
634 2976 715 3013 fore
735 2975 940 3014 clariorem.
968 2979 1097 3026 Quare

130 3040 216 3068 cum
239 3028 333 3068 adeo
363 3029 534 3078 frequens
554 3026 597 3066 fit
620 3027 746 3066 nostro
774 3028 886 3067 etiam
915 3028 954 3066 in
973 3028 1097 3078 priore

2039 2358 2120 2388 CU-

1154 2466 1327 2505 membro
1354 2468 1638 2518 conjunfftiones
1663 2477 1743 2510 tum
1764 2473 1986 2522 copulativas
2003 2501 2012 2516 ‚
2036 2481 2116 2510 tum

1155 2518 1389 2568 disjundiivas
1412 2520 1606 2569 usurpare,
1635 2525 1881 2562 mutationem
1904 2524 2119 2571 Pighianam

1154 2570 1246 2608 ultra
1272 2571 1373 2620 sequi
1401 2572 1515 2609 nolui.

1201 2633 1235 2658 2.
1268 2623 1414 2669 Quorum
1442 2625 1477 2659 in
1504 2624 1778 2674 contemplmdis]
1822 2623 1966 2671 Pighius
1996 2624 2117 2662 Cicer.

1151 2671 1261 2710 libros
1289 2672 1336 2710 de
1368 2674 1497 2711 Gloria
1524 2676 1625 2712 innui
1655 2676 1873 2717 hariolum,
1900 2685 1992 2722 quos
2025 2686 2112 2713 cum

1152 2723 1235 2768 alii,
1263 2730 1344 2761 tum
1363 2725 1528 2773 Agellius
1557 2727 1642 2763 citat
1662 2726 1743 2761 Lib.
1769 2737 1829 2761 xv.
1856 2735 1885 2760 c.
1914 2724 1946 2761 6.
1975 2726 2116 2763 Varro-

1152 2775 1207 2811 nis
1236 2775 1348 2812 etiam
1374 2776 1498 2814 titulus
1533 2776 1580 2813 est
1608 2775 1701 2823 apud
1726 2775 1917 2815 Nonium,
1943 2776 2114 2813 Herculis

1153 2824 1343 2864 Columna
1385 2826 1473 2872 ⁷5⁵?st
1507 2825 1609 2872 δόξης.
1651 2825 1840 2862 COLER.
1883 2827 2117 2875 Apposuerat

1151 2876 1226 2914 hoc
1256 2877 1404 2925 Pighius
1431 2879 1467 2914 in
1498 2876 1660 2924 margine
1688 2874 1857 2913 editionis
1884 2877 1979 2915 suae.

1151 2977 1174 3016 d
1204 2939 1237 2978 3.
1275 2926 1478 2978 Hujusmcdi
1505 2925 1616 2975 rebus]
1648 2925 1806 2976 Aliquot
1833 2927 1939 2965 MSS.
1968 2931 2117 2977 Ejusmo-

1175 2993 1186 3016 l

1191 3008 1236 3077 ‘4
1267 3029 1458 3082 Qilmsque
1483 3029 1545 3067 illa
1575 3040 1659 3078 quae
1688 3026 1882 3079 prudenter]
1934 3028 2116 3077 Vulgatae

2056 3090 2120 3116 an-
