2516 3509
184 451 269 481 Ann.
292 454 326 475 ur

184 486 500 566 }{3¹4{Y³”⁵vit:
555 489 668 535 duos
707 487 748 533 ei
794 483 980 530 fortuna
1024 477 1223 526 abstulit.

184 576 252 646 {32¹-
279 569 319 600 ad
394 583 441 613 re
475 566 554 614 suo
589 579 801 630 quartum
845 574 947 608 ante
983 559 1103 606 diem
1138 553 1402 620 praecessit:

184 620 381 688 riuif'iiim'

187 698 262 728 vita.
281 694 363 728 vell.

191 749 218 773 Z.
246 749 292 770 ΣΘ.

386 86 493 158 516

651 27 1052 132 vALmu
1123 54 1511 114 MAXIMI
1566 55 1689 110 Lu.
1729 55 1806 114 v.
1856 53 2000 109 οη.
2039 3 2112 108 X.

454 172 642 219 Clarum
678 161 942 227 exemplum
969 176 979 206 ε
1032 164 1046 195 5
1085 170 1171 202 nec
1206 154 1355 200 minus
1390 164 1543 198 tamen
1577 150 1746 198 illustre
1790 151 1915 215 quod
1950 150 2164 215 sequitur.
2231 148 2389 198 Aemi«

387 253 473 299 lius
505 247 721 304 Paullus,
767 257 890 289 nunc
929 233 1167 285 feliciffimi
1189 268 1206 293 ,
1247 246 1371 279 nunc
1407 228 1642 276 miserrimi
1688 231 1826 293 patris
1873 230 2107 278 clariffima
2141 227 2391 293 repraesen-

393 335 534 390 tatio,
570 345 626 375 eX
662 338 858 391 quatuor
894 320 999 367 filiis
1033 318 1207 365 formae
1238 313 1453 379 insignis,
1486 312 1696 376 egregiae
1727 312 1919 373 indolis,
1955 311 1976 340 ⁶
2003 313 2117 359 duos
2145 315 2249 376 jure
2283 311 2393 358 ado-

329 443 361 474 b·
394 410 565 473 ptionis
614 407 663 453 in
703 402 966 451 Corneliam
989 434 1005 460 ,
1059 397 1353 459 Fabiamque
1382 404 1568 458 gentem
1613 393 1843 440 translatos
1865 427 1880 452 ,
1938 391 2020 439 fibi
2064 391 2155 457 ipse
2198 391 2393 456 denega-

1292 474 1511 535 Qorum
1559 470 1670 517 alter
1714 478 1740 506 7'
1767 473 2057 536 triumphum
2094 473 2231 536 patris
2266 470 2395 518 fune-

1453 552 1471 580 8
1507 551 1618 598 alter
1651 551 1699 596 in
1732 551 1998 613 triumphali
2034 569 2171 598 curru
2206 550 2396 615 conspe-

396 648 493 695 ἕως
516 681 531 705 ,
577 646 680 711 post
711 645 832 691 diem
865 640 1055 688 tertium
1089 635 1328 700 expiravit.
1376 633 1564 694 Itaque,
1595 631 1674 693 qui
1706 630 1761 676 ad
1795 629 2028 676 donandos
2064 629 2203 694 usque
2235 631 2401 678 liberos

397 736 420 768 9
452 724 783 782 abundaverat,
830 726 871 748 ¹0
907 720 954 765 in
987 715 1183 764 orbitate
1216 712 1366 761 subito
1399 710 1642 759 destitutus
1673 707 1751 754 est.
1819 707 1976 770 Qem
2013 708 2161 755 casum
2196 726 2300 773 quo
2324 727 2400 757 ro-

405 958 530 997 ceptam
557 946 622 983 rite
635 942 859 995 precationem
885 941 1028 993 peregit.
1081 940 1171 978 HOC
1202 937 1303 976 idem
1331 948 1377 975 ex

409 999 525 1036 Livio
548 997 833 1045 cognoscimus,
861 1005 905 1030 ex
928 999 1005 1043 quo
1025 991 1194 1029 Valerius
1215 991 1290 1027 hoc
1317 1001 1379 1026 ex-

409 1050 578 1098 emplum
597 1045 780 1095 sumpsisse
800 1045 966 1082 videtur:
991 1055 1078 1081 nam
1108 1042 1154 1079 de
1181 1041 1316 1078 eadem
1340 1051 1379 1077 re

408 1101 470 1139 ille
499 1100 568 1144 sic,
603 1099 710 1133 Nihil
732 1095 828 1133 aliud
850 1095 897 1131 ad
921 1109 993 1130 eum
1015 1095 1190 1134 nuncium,
1220 1107 1321 1142 quam
1343 1102 1381 1127 ut

413 1150 557 1188 cadaver
576 1146 687 1200 efferri
712 1147 864 1196 juberet,
893 1157 1005 1181 tenens
1024 1147 1144 1195 postem
1165 1145 1383 1189 precationem

411 1204 547 1254 peragit
569 1227 580 1242 ‚
619 1209 662 1236 ΘΝ
684 1198 813 1235 dedicat
850 1199 1020 1245 templum.
1048 1194 1189 1232 PIGH.
1215 1195 1308 1229 Tolle
1330 1194 1385 1228 in-

415 1256 502 1303 quit.
525 1252 667 1289 Desunt
685 1251 779 1287 haec
808 1249 846 1286 in
866 1248 1024 1296 antiquis
1055 1245 1157 1283 meis.
1210 1245 1251 1281 In
1273 1245 1386 1281 Sene-

418 1316 459 1342 ca
478 1305 570 1341 item
593 1304 630 1340 ὃς
652 1302 851 1338 Cicerone.
903 1297 1093 1336 Subscribo
1111 1306 1237 1333 tamen
1257 1294 1386 1332 lubens

414 1355 616 1393 sententiae
645 1350 872 1390 eruditissimi
901 1349 1018 1398 Pighii
1039 1350 1076 1386 ὃς
1095 1347 1329 1395 sagacitatem
1353 1345 1382 1382 i-

416 1406 505 1443 stam
524 1405 652 1442 lubens
670 1403 844 1452 agnosco.
876 1400 1021 1438 Servius
1048 1399 1158 1448 paulo
1190 1397 1315 1435 aliter:
1346 1399 1387 1431 In

414 1472 449 1494 eo
470 1460 514 1504 est
528 1457 669 1505 pollutio
684 1485 691 1497 ,
719 1452 807 1503 qnod
835 1453 909 1496 ait,
932 1454 1073 1501 casuque
1094 1452 1242 1485 animum
1259 1449 1387 1493 concus-

406 1511 469 1557 sus
496 1509 607 1543 amici.
660 1507 751 1541 Nam
778 1507 850 1552 ipsa
877 1505 1041 1551 impiant,
1054 1515 1140 1552 quae
1165 1501 1385 1550 agnoscimus.

418 1557 510 1595 Unde
528 1560 563 1594 in
586 1559 685 1593 Livio
701 1555 855 1591 habemus
874 1555 1059 1590 Horatium
1079 1552 1286 1594 pulvillum,
1317 1564 1388 1586 cum

416 1611 606 1658 capitolium
623 1607 772 1643 dedicare
791 1607 921 1648 vellet,
942 1603 1069 1651 audisse
1086 1603 1128 1639 ab
1149 1603 1282 1638 inimico
1302 1615 1396 1637 mor-2>

418 1672 511 1697 tuum
523 1662 656 1708 filium:
681 1667 724 1704 <z
744 1672 784 1693 ne
802 1658 950 1705 pollutus
969 1655 1118 1691 dedicare
1137 1668 1200 1688 non
1216 1651 1389 1703 P⁰ffi⁸,²“·

409 1710 598 1762 spondzsse:
631 1710 820 1746 CADAVER
851 1720 925 1744 εῖτ.
963 1705 1157 1744 COLER.
1193 1704 1313 1744 Tolle,
1337 1705 1391 1737 in-

421 1765 520 1812 quit,
551 1761 704 1798 cada-ner.
749 1758 872 1797 Verba
898 1759 990 1795 haec
1017 1757 1055 1794 in
1074 1753 1251 1804 plerisque
1281 1752 1393 1790 codd.

423 1825 501 1850 non
528 1813 768 1861 reperiuntur.
828 1807 1065 1847 Restituenda
1093 1813 1216 1843 autem
1252 1804 1396 1852 putavit

424 1864 572 1912 Pighius
590 1863 609 1901 ὲ
629 1862 711 1901 cod.
738 1858 957 1899 Coloniensi
979 1860 1016 1896 &
1034 1855 1311 1895 Wincheliano.
1326 1854 1398 1891 Sed

428 1924 530 1964 putat
550 1915 647 1952 idem
661 1942 671 1958 ‚
699 1910 820 1951 deesse
841 1913 878 1950 ὃς
901 1911 968 1948 alia
988 1907 1170 1959 quaedam
1186 1935 1196 1951 ,
1223 1917 1320 1955 quae
1339 1905 1400 1942 iti-

431 1967 517 2003 dem
533 1965 613 2003 sunt
634 1964 861 2014 adjicienda;
890 1961 1000 1999 videl.
1029 1960 1194 2007 Nihilque
1220 1955 1317 1992 aliud
1334 1955 1396 1992 ad-

428 2019 539 2062 jiciens
560 2018 719 2065 inceptam
740 2017 803 2052 rite
816 2016 1039 2064 precationem
1054 2007 1399 2062 peregi1.VORST.

432 2070 525 2104 Tolle
544 2069 655 2116 inquit
675 2065 817 2103 cada-ver
858 2066 967 2102 Mera
987 2062 1035 2100 est
1054 2063 1146 2099 haec
1164 2059 1399 2097 librariorum

429 2118 638 2156 liberalitas:
660 2117 696 2154 in
720 2116 905 2154 nonnullis
925 2113 1048 2153 Codd.
1076 2121 1116 2150 ut
1143 2113 1246 2159 supra
1270 2121 1315 2147 ex
1336 2110 1402 2146 Li-

434 2171 498 2207 vio
523 2170 561 2206 &
588 2169 749 2206 Martiali
785 2166 965 2206 nonnulla
1002 2165 1121 2202 textui
1155 2162 1396 2199 inseruerunt.

435 2221 613 2258 Ceterum
636 2232 721 2257 cum
752 2231 770 2256 a
798 2219 975 2268 plerisque
996 2214 1119 2254 Codd.
1143 2212 1254 2251 absint
1274 2213 1401 2249 &sen-

435 2273 490 2311 sus
519 2271 592 2308 sine
623 2271 679 2307 his
703 2269 743 2307 sit
767 2269 1068 2318 perfectissimus,
1096 2264 1200 2315 quod
1219 2263 1316 2301 male
1336 2274 1403 2300 ne-

436 2331 498 2372 gat
516 2323 683 2370 Pighius,
711 2321 908 2368 rejicienda
940 2319 1099 2357 omnino
1127 2317 1219 2354 sunt.
1271 2316 1403 2362 Quan-

438 2375 488 2412 do
509 2374 609 2410 enim
631 2372 681 2409 ait
694 2399 705 2414 ‚
729 2373 825 2407 illum
844 2385 947 2419 neque
967 2369 1232 2417 manumaposte
1252 2367 1403 2412 νεήιονὲ]ἶ

431 2427 492 2474 so,
515 2438 619 2475 neque
646 2424 778 2459 vultum
806 2437 827 2457 a
844 2418 975 2469 publica
994 2421 1153 2470 religione
1170 2416 1214 2452 ad
1230 2419 1407 2464 privatum

440 2476 582 2513 dolorem
612 2472 798 2522 deflexiffe‚
827 2471 906 2507 satis
933 2469 1073 2506 indicat
1093 2479 1180 2504 eum
1205 2465 1409 2503 dedicatio-

442 2539 530 2564 nem
555 2522 741 2574 peregiffe.
768 2520 1011 2559 PERIZON.
1040 2519 1083 2555 In
1112 2516 1293 2554 tredecim
1313 2528 1410 2564 quo-

444 2590 518 2628 que
535 2577 663 2614 nostris
682 2573 788 2612 MSS.
816 2584 893 2609 non
911 2569 1065 2608 invenio
1083 2568 1142 2605 illa
1155 2595 1165 2611 ,
1188 2568 1280 2602 Tolle
1299 2568 1411 2616 inquit

444 2628 598 2666 cadaver.
651 2628 762 2674 Quae
786 2623 869 2661 sane
892 2623 1015 2670 inepta
1032 2620 1134 2661 sunt;
1160 2619 1197 2655 &
1214 2616 1335 2654 nescio
1366 2629 1412 2654 an

446 2682 495 2718 ita
518 2677 640 2717 efferri
664 2678 707 2715 ab
726 2675 890 2714 Horatio
919 2673 957 2709 in
983 2670 1047 2708 tali
1066 2668 1261 2708 occasione
1282 2674 1413 2715 potue-

448 2732 540 2774 rint;
571 2737 669 2767 certe
687 2739 803 2765 nemo
824 2724 912 2763 alius
927 2724 1020 2761 haec
1037 2721 1072 2758 ei
1091 2719 1229 2758 tribuit.
1283 2720 1411 2766 Quare

445 2782 505 2819 illa
523 2782 648 2819 denuo
669 2775 877 2817 inducenda
896 2774 1031 2824 putavi.

503 2845 535 2880 5.
565 2834 632 2867 Nec
660 2835 767 2867 minus
797 2840 908 2866 tamen
936 2821 1083 2873 illustre]
1120 2819 1252 2868 Ultraj.
1277 2817 1346 2858 sec.
1376 2820 1415 2857 &

452 2882 562 2920 Leid.
588 2890 704 2930 quart.
732 2881 855 2918 delent
876 2890 998 2914 tamen.

501 2934 535 2971 6.
561 2936 657 2969 Duos
691 2938 765 2977 jure
798 2929 990 2979 adoptionis
1026 2927 1063 2963 in
1097 2925 1285 2961 Corneliam
1322 2918 1415 2970 effla]

452 2985 588 3024 Manli.
624 2982 803 3024 Klokkius
832 2982 927 3022 haec
960 2980 1013 3019 ita
1049 2975 1207 3028 legenda
1236 2971 1417 3013 censebat.

2289 788 2402 836 bore

1431 940 1529 973 Duos
1551 942 1622 981 y'ure
1639 934 1829 984 adoptionis
1851 934 1886 970 in
1900 932 2089 969 Corneliam
2100 930 2305 980 Fabiamque
2318 945 2405 982 gen-

1429 1002 1494 1025 tem
1507 988 1577 1035 fibi
1605 989 1672 1037 ipse
1699 987 1893 1037 abrogavit.
1944 984 2076 1032 Apage
2095 982 2261 1021 mutandi
2291 982 2407 1031 pruri-

1431 1049 1524 1078 tum.

1485 1103 1519 1136 7.
1546 1088 1762 1137 Triumphum
1787 1088 1897 1136 patris
1917 1089 2036 1133 funere
2048 1086 2111 1133 suo
2139 1095 2301 1135 quartum
2324 1094 2405 1121 ante

1434 1140 1521 1177 dtem
1534 1139 1714 1189 praeceffit]
1746 1139 1876 1176 Livius
1898 1138 1980 1175 Lib.
2001 1149 2086 1174 xtv.
2114 1137 2254 1172 Duolaeus
2276 1137 2406 1182 efiliis,

1436 1207 1517 1242 quos
1532 1220 1542 1236 ,
1561 1190 1684 1227 duobus
1711 1189 1803 1226 datis
1822 1193 1858 1225 in
1879 1189 2086 1237 adoptionem
2102 1217 2109 1230 ,
2126 1188 2213 1235 solos
2241 1188 2408 1230 nominis,

1436 1247 1600 1289 sacrorum
1624 1268 1635 1284 ‚
1665 1242 1887 1290 familiaeque
1923 1238 2052 1275 heredes
2081 1240 2264 1273 retinuerat
2298 1237 2411 1281 domi,

1438 1296 1546 1330 minor
1559 1296 1664 1339 ferme
1683 1290 1849 1327 duodecim
1874 1305 1978 1327 annos
2007 1300 2105 1326 natus
2127 1291 2274 1338 quinque
2296 1287 2412 1324 diebus

1437 1357 1518 1381 ante
1552 1343 1784 1393 triumplmm;
1826 1347 1932 1380 maior
1966 1339 2213 1391 quatuordecim
2248 1352 2412 1375 annorum

1437 1395 1548 1433 triduo
1562 1398 1633 1444 post
1654 1393 1855 1437 triumphum
1872 1391 2010 1439 decessit.
2034 1390 2229 1428 VORST.

1490 1447 1524 1484 8.
1554 1447 1670 1487 (Alter
1692 1444 1889 1493 triumphali
1907 1456 2004 1479 curru
2021 1440 2222 1490 conspeHus]
2253 1440 2409 1478 Trium-

1439 1498 1593 1547 phantes
1621 1497 1658 1533 in
1689 1507 1837 1533 currum
1865 1495 2027 1543 recipere
2059 1492 2191 1530 liberos
2232 1491 2411 1529 solebant.

1442 1551 1524 1587 Nec
1541 1548 1676 1586 liberos
1703 1555 1875 1589 tantum,
1902 1545 1963 1583 sed
1983 1546 2020 1582 &
2040 1544 2154 1588 alios,
2182 1554 2276 1592 quos
2307 1554 2410 1579 ama-

1442 1609 1534 1638 rent.
1585 1598 1685 1636 Vide
1716 1606 1887 1646 agentem
1919 1596 1965 1634 de
1990 1596 2044 1632 his
2079 1594 2135 1630 Cl.
2164 1595 2306 1636 virum,
2340 1605 2413 1630 no-

1440 1652 1628 1700 strumque
1656 1650 1846 1692 amicum,
1871 1647 1958 1693 Joh.
1996 1644 2225 1683 Schefferum
2260 1657 2314 1682 11.
2356 1655 2414 1689 13.

1443 1702 1487 1739 de
1518 1713 1556 1738 re
1584 1700 1784 1737 vehiculari
1814 1707 1995 1735 veterum.
2024 1695 2219 1734 VORST.
2251 1693 2349 1731 Vide
2374 1696 2413 1731 ὅς

1444 1754 1547 1800 supra
1581 1752 1673 1788 L.V.
1698 1764 1731 1797 7.
1764 1764 1793 1788 1.
1822 1749 1908 1785 Idem
1929 1747 2167 1795 triumphantis
2186 1760 2315 1781 currum
2334 1759 2417 1794 equo

1445 1802 1589 1851 insidens
1599 1805 1716 1852 sequi,
1747 1815 1840 1849 quem
1860 1801 1927 1846 ipse
1941 1799 2123 1848 parvulum
2144 1796 2319 1844 triumphis
2339 1798 2417 1844 suis

1442 1857 1649 1906 gestaverat.
1702 1852 1780 1900 lpse
1806 1860 1933 1888 tamen
1975 1849 2062 1886 dicit
2101 1847 2199 1895 apud
2233 1847 2316 1883 Liv.
2341 1850 2378 1895 se
2401 1861 2418 1883 e

1449 1906 1617 1954 Capitolio
1635 1901 1680 1939 ad
1696 1905 1839 1938 alterum
1859 1902 1973 1948 filium
1999 1911 2097 1948 prope
2118 1901 2340 1945 exspirantem
2360 1913 2421 1934 ‘re-

1448 1957 1539 2004 nisse.
1567 1956 1589 1991 i.
1611 1967 1640 1992 e.
1669 1955 1704 1991 A
1725 1952 1915 2000 triumpho
1938 1950 2095 1987 domum
2116 1948 2335 1986 redeuntem
2359 1950 2420 1986 of-

1449 2005 1603 2044 fendiffe
1643 2016 1730 2042 eum
1759 2003 1873 2040 morti
1899 2002 2164 2050 propinquum.
2225 2001 2279 2036 Ut
2309 2011 2418 2038 more

1451 2059 1515 2096 suo
1539 2057 1655 2104 magis
1676 2056 1721 2092 de
1743 2055 1897 2090 veritate
1917 2052 2085 2089 historica
2099 2079 2108 2094 ‚
2136 2062 2250 2100 quam
2280 2052 2421 2088 oratio-

1453 2110 1507 2146 nis
1530 2116 1661 2145 ornatu
1677 2107 1843 2148 securus,
1873 2103 2043 2141 Valerius
2068 2102 2144 2139 hoc
2162 2101 2421 2151 pronunciasse

1454 2159 1634 2197 videatur.

1502 2225 1537 2260 9.
1565 2205 1845 2256 habundaverat]
1888 2204 1970 2242 Lib.
2015 2205 2113 2242 Dan.
2147 2202 2426 2243 <limbum-perat.

1453 2262 1557 2313 quod
1584 2261 1667 2298 sane
1695 2258 1821 2296 lubens
1846 2258 2063 2305 reciperem.
2125 2255 2348 2298 ambulare,
2377 2255 2426 2293 est

1455 2315 1569 2352 etiam
1593 2309 1792 2360 aliquando
1815 2309 1954 2357 superbe
1992 2315 2037 2342 (7
2063 2308 2212 2354 pompose
2241 2306 2428 2344 ambulare.

1456 2375 1519 2408 ut,
1551 2365 1704 2404 incedere,
1760 2361 1907 2398 Servius
1931 2373 1939 2396 :
1977 2356 2128 2394 Incedere
2148 2359 2274 2405 proprie
2298 2359 2341 2403 est
2366 2371 2427 2393 no..

1456 2416 1574 2452 Iulium
1602 2415 1836 2464 personarum,
1869 2409 1923 2446 hoc
1948 2412 1991 2457 est
2019 2422 2088 2444 cum
2114 2409 2233 2456 aliqua
2260 2407 2430 2458 dignitate

1458 2467 1641 2504 ambulare.
1695 2467 1735 2500 In
1771 2468 1821 2507 ius
1857 2459 2029 2498 ambulare
2066 2457 2198 2507 phrasis
2231 2458 2279 2495 est
2307 2459 2425 2495 Comi-

1463 2531 1528 2562 ca,
1555 2518 1630 2554 hoc
1658 2514 1726 2557 est,
1763 2514 1851 2558 Jure
1879 2526 1976 2558 agere
2005 2508 2094 2560 apud
2124 2512 2343 2551 Praetorem;
2381 2508 2428 2547 ad

1463 2581 1576 2619 quam
1596 2566 1689 2604 mihi
1708 2561 1868 2602 adlusiffe
1885 2563 2020 2600 Cicero
2041 2559 2186 2597 videtur
2203 2558 2247 2596 ad
2258 2560 2428 2610 Atticum

1463 2621 1523 2658 lib.
1555 2631 1613 2657 iv.
1640 2618 1810 2666 Maloque
1831 2617 1867 2650 in
1888 2616 1951 2650 illa
1979 2623 2038 2648 tua
2052 2609 2205 2659 sedecula
2222 2637 2231 2652 ‚
2254 2625 2354 2661 quam
2371 2610 2432 2645 lra-

1464 2672 1517 2707 bes
1531 2670 1596 2719 sub
1621 2669 1768 2718 imagine
1781 2665 2008 2713 Aristotelis,
2024 2660 2158 2711 sedere,
2177 2676 2276 2711 quam
2299 2663 2334 2696 in
2357 2663 2432 2707 isto-

1464 2737 1535 2758 rum
1563 2721 1651 2770 sella
1682 2718 1817 2754 curuli:
1853 2726 2020 2764 tecumque
2050 2711 2139 2761 apud
2168 2723 2200 2748 te
2229 2711 2427 2753 ambulare,

1465 2787 1566 2821 quam
1591 2786 1662 2807 cum
1692 2785 1726 2804 eo
1752 2794 1762 2810 ,
1801 2781 1937 2817 quocum
1970 2763 2066 2801 video
2096 2763 2155 2812 esse
2185 2760 2434 2799 ambulandum.

1469 2823 1661 2860 COLER.
1684 2821 1819 2857 Horat.
1846 2816 1968 2867 Epod.
2001 2827 2057 2854 iv.
2087 2828 2119 2862 ς.

1594 2894 1684 2927 Licet
1697 2889 1858 2940 superbus
1877 2887 2025 2924 ambules
2040 2883 2190 2933 pecunia.

1706 2942 1717 2957 l

1468 2968 1573 3009 Abfit
1599 2977 1727 3009 tamen
1756 2977 1795 3009 ut
1822 2967 1868 3007 de
1895 2962 2087 3015 probando
2111 2960 2172 2999 hic
2201 2956 2265 2997 illo
2297 2958 2437 3018 verbqg

2344 3022 2440 3060 ‹jin-:ev⁴
