2387 3421
328 102 1054 175 DEDICATIONES
1100 100 1228 162 ET
1278 95 2003 163 PRAEFATIONEss

181 249 1427 342 CHRISTOPHORO
1521 244 2172 327 COLERO

1161 410 1223 470 S.

324 578 357 592 ³⁴
398 563 496 610 ΕΝ
503 563 592 611 SlS
607 596 621 620 ,
658 562 706 608 &
732 560 856 625 quod
880 561 1110 615 excurrit,
1148 559 1315 606 abierat
1338 571 1394 601 ex
1417 553 1656 601 Valeriana
1677 552 1879 598 editione
1905 550 2132 610 absoluta,
2168 569 2276 599 cum

300 668 304 677 .
397 628 526 675 nobis
558 627 755 673 redditae
786 627 884 672 sunt
915 624 1215 688 optatiffimae
1251 624 1403 667 literae
1433 633 1564 675 tuae,
1595 619 1690 681 jam
1724 617 1780 662 de
1806 616 2082 678 praefatione
2114 616 2279 664 sollici-

346 688 358 730 ἰ
402 694 484 738 tis:
534 692 731 738 redditae
764 691 864 736 sunt
904 705 1055 735 autem
1091 705 1185 734 non
1215 688 1357 732 {olum
1392 701 1497 730 cum
1529 681 1807 745 praefatione
1842 696 1975 742 quam
2004 681 2282 729 desideraba-

364 745 365 755 ἵ
401 774 498 802 mus
522 790 535 814 ,
581 755 650 800 sed
687 771 790 800 cum
828 752 1026 799 auctario
1059 754 1195 797 etiam
1236 748 1688 796 Animadversionum
1716 780 1730 805 ,
1780 761 1871 808 quo
1911 745 2085 792 usuram
2117 747 2281 793 videris

396 822 513 866 illius
544 821 692 865 miliae
726 818 894 864 tardius
928 817 1122 880 pendere
1157 814 1361 862 voluisse.
1439 812 1527 861 Sed
1562 811 1683 857 illam
1709 845 1723 869 ,
1768 812 1837 856 uti
1871 811 2003 873 jubes
2027 845 2042 868 ,
2088 811 2280 858 editioni

396 884 700 948 praemisimus
727 905 740 938 3
780 884 900 941 hoc,
942 882 1149 928 absoluto
1167 883 1262 946 jam
1286 880 1433 937 libro,
1468 876 1766 941 subjecimus,
1800 876 1924 922 velut
1946 875 2277 939 appendicem,

67 956 317 1019 jucundam
353 949 511 998 le5tori
542 947 762 1007 studioso,
799 948 846 993 &
869 948 1044 994 utilem.

138 1018 384 1081 Exemplar
427 1014 570 1078 ipsum
601 1027 752 1060 autem
779 1048 793 1072 ‚
837 1012 962 1075 quod
996 1011 1127 1057 nobis
1159 1010 1308 1056 abiens
1340 1010 1385 1051 in
1410 1006 1648 1052 Poloniam
1683 1005 1929 1069 reliquisti,
1959 1004 2100 1052 secuti
2131 1005 2282 1052 sumus

74 1098 306 1131 accurate:
345 1080 426 1127 nisi
462 1078 587 1142 quod
621 1078 646 1124 a
676 1094 779 1141 pag.
814 1094 858 1131 9.
895 1077 1032 1139 usque
1052 1076 1107 1121 ad
1139 1089 1211 1135 13.
1247 1074 1424 1128 littera,
1449 1088 1583 1134 quam
1618 1084 1787 1116 vocant
1814 1075 2063 1131 Curstvam,
2099 1070 2280 1134 expres-

75 1150 233 1206 simus,
255 1163 368 1211 quae
395 1145 575 1191 aberant
599 1143 653 1188 ab
676 1144 857 1205 optimo
885 1141 931 1186 &
957 1139 1211 1186 fideliffimo
1243 1139 1404 1183 codice
1435 1138 1492 1182 P.
1525 1138 1718 1183 Danielis
1752 1153 1795 1182 v.
1834 1151 1916 1181 CL.
1951 1151 2064 1198 quae
2094 1152 2188 1182 non
2219 1136 2284 1182 es-

73 1214 112 1259 se
147 1213 282 1276 ipsius
318 1210 489 1258 Valerii
527 1221 752 1270 concepta
782 1206 965 1264 verbis,
1016 1205 1164 1252 verbis
1200 1201 1437 1264 conceptis
1465 1201 1638 1263 jurabit
1671 1202 1934 1264 quicunque
1966 1216 2017 1246 ea
2053 1201 2282 1262 expendet

75 1277 143 1323 vel
177 1278 359 1322 leviter:
394 1272 552 1319 inserta
575 1272 790 1319 nimirum
816 1287 873 1316 ex
904 1270 1242 1323 adbreviatore,
1274 1265 1440 1329 nequid
1471 1265 1737 1311 desideraret
1761 1265 2081 1328 exemplorum
2109 1265 2297 1321 leelor,

74 1342 119 1388 &
144 1355 195 1387 ut
227 1341 301 1386 ille
333 1339 459 1386 velut
493 1337 639 1383 hiatus
668 1337 930 1399 repleretur.
999 1336 1178 1397 Pighius
1208 1345 1332 1379 certe
1360 1330 1405 1376 Sc
1429 1328 1519 1393 ipse
1548 1331 1601 1376 ad
1635 1347 1734 1393 cap.
1758 1346 1773 1376 1
1792 1346 1862 1376 11.
1897 1329 2193 1394 subodoratus
2216 1332 2279 1378 est

72 1407 306 1470 epitomen
342 1404 421 1449 ista
451 1401 665 1448 redolere.
734 1401 821 1448 Sed
858 1399 890 1446 fi
917 1400 994 1463 qui
1025 1415 1130 1446 aure
1152 1398 1359 1455 duriore,
1396 1412 1489 1441 non
1509 1394 1607 1441 satis
1629 1395 1871 1458 inteiligit,
1904 1411 2015 1457 quae
2039 1394 2093 1441 fit
2119 1396 2281 1441 utrius-

72 1486 158 1534 que
182 1470 267 1516 stili
290 1469 336 1515 &
351 1467 543 1515 auetoris
568 1466 616 1512 &
637 1466 957 1512 adbreviatoris
981 1463 1262 1521 differentia,
1296 1461 1447 1507 audiat
1471 1461 1505 1506 is
1521 1475 1662 1522 ,quae
1684 1458 1990 1522 antiquissimo
2022 1461 2086 1505 illi
2112 1459 2158 1506 δί
2180 1455 2279 1507 lon-

72 1551 131 1600 ge
165 1536 345 1597 optimo
379 1532 547 1578 Codici
582 1532 638 1577 P.
678 1532 875 1576 Danielis
906 1530 1124 1593 leguntur
1157 1526 1372 1592 praefixa.
1439 1527 1591 1572 Prima
1622 1527 1716 1588 ejus
1741 1525 1943 1588 pagella,
1979 1539 2056 1571 aut
2080 1526 2282 1588 pagellae

73 1600 227 1664 potius
257 1598 585 1662 fragmentum:
622 1595 685 1641 est
721 1596 842 1641 enim
876 1593 1005 1641 exesa
1040 1596 1262 1640 vetustate
1296 1606 1508 1654 magnam
1541 1604 1753 1654 partem:
1802 1589 1876 1634 illa
1897 1622 1911 1647 ,
1956 1590 2169 1652 inquam,
2206 1607 2285 1653 pa·

74 1665 190 1729 gella
231 1661 484 1727 praeposita
523 1660 664 1706 Indici
704 1659 1012 1723 capitulorum
1036 1693 1051 1718 ,
1095 1659 1205 1704 haec
1241 1657 1392 1703 habet.
1461 1660 1511 1702 ln
1547 1657 1876 1713 adbieviatore,
1919 1660 1988 1715 qui
2020 1656 2073 1706 [9³
2099 1657 2285 1715 vetustus

71 1731 152 1787 est,
187 1729 386 1789 quaedam
420 1737 581 1786 reperta
604 1725 734 1786 flint,
768 1741 870 1787 qnae
903 1726 1099 1786 qnoniam
1131 1724 1260 1786 nostro
1292 1724 1462 1769 deerant
1482 1753 1496 1778 ,
1544 1721 1756 1779 necessario
1777 1719 1985 1781 supplevi.
2022 1721 2285 1782 Sequuntur

72 1795 176 1840 inde
207 1793 461 1839 adbreviata
494 1789 733 1854 exempla:
781 1790 829 1837 ὃ(
862 1787 1103 1847 Timastthei
1146 1789 1346 1852 primum
1374 1820 1389 1846 ,
1435 1784 1560 1849 quod
1595 1784 1731 1847 ipsius
1764 1796 1915 1830 tamen
1945 1787 2106 1831 Valerii
2138 1785 2286 1832 verbis

73 1860 352 1922 explicatum
388 1856 615 1902 habemus.
685 1853 954 1916 §Timafitloens
981 1857 1218 1914 Liparensts
1254 1863 1455 1899 creteram
1487 1866 1612 1912 quam
1643 1852 1814 1896 Romani
1837 1849 1980 1913 Pythio
2001 1851 2189 1910 Apollini
2208 1853 2290 1896 mi-

71 1923 239 1982 serant,
274 1926 537 1980 interceptam
572 1923 598 1965 a
631 1923 809 1976 Piratis,
843 1923 1012 1965 curavit
1046 1920 1226 1979 Delphos
1252 1916 1560 1978 perferendam.
1629 1918 1804 1975 Alilesta
1840 1919 1969 1960 Ceres.
2008 1915 2051 1960 ἃ
2077 1931 2191 1978 quae
2222 1915 2288 1961 le-

78 2001 250 2052 guntur
281 1986 394 2032 infra
425 2001 527 2048 pag.
563 2001 608 2038 9.
645 1984 691 2030 &
717 1984 1031 2047 sequentibus,
1066 1982 1203 2046 usque
1234 1982 1288 2028 ad
1322 1982 1397 2027 illa
1418 1981 1618 2042 Dejotaro
1640 1996 1766 2027 vero:
1802 1994 1907 2044 pag.
1946 1994 2017 2042 13.
2053 1995 2167 2042 quae
2193 1996 2288 2027 non

76 2053 163 2099 csse
191 2050 324 2115 ipsius
352 2053 543 2105 Valerii,
579 2050 726 2112 quivis
758 2049 888 2095 facile
918 2047 1147 2113 agnoscat.

145 2118 340 2164 Nomen
368 2114 686 2160 adbreviatoris
723 2114 858 2160 habet
894 2114 1013 2159 idem
1045 2113 1238 2171 Codex,
1273 2112 1320 2157 in
1353 2110 1471 2169 fine,
1515 2109 1560 2156 id
1595 2109 1658 2155 est
1693 2108 1795 2172 post
1829 2107 2077 2172 rapsodiam
2116 2107 2218 2154 libri
2242 2124 2290 2156 x.

81 2181 135 2227 ad
169 2198 303 2243 quam
343 2195 512 2226 nomen
549 2178 668 2224 idem
699 2178 746 2224 &
783 2179 956 2241 Pighius
990 2179 1169 2225 notavit
1202 2194 1258 2224 ex
1299 2176 1381 2222 suis
1414 2175 1506 2220 mss.
1574 2175 1652 2221 Ille
1683 2188 1835 2220 autem
1872 2186 1923 2219 ut
1958 2173 2055 2219 dixi
2087 2175 2289 2221 Danielis

84 2245 143 2293 lic
180 2246 331 2293 habet.
373 2248 562 2290 Feliciter
595 2244 836 2303 emendavi,
869 2244 1112 2305 descriptum
1136 2237 1362 2289 Rabennae
1385 2242 1598 2301 Rusticias
1618 2240 1840 2300 Helpidius
1864 2241 2110 2285 Domnulus.
2142 2253 2217 2286 ve.

511 2372 931 2420 TiTVLvs
1003 2373 1838 2420 ADBREVIATonls.

155 2488 200 2528 C.
240 2484 331 2528 Tit.
376 2478 509 2526 Probi
535 2478 640 2538 sinit
673 2480 846 2537 epitoma
870 2478 1131 2540 historiarum
1162 2477 1424 2536 diversarum
1455 2477 1726 2535 exemplorum
1749 2475 2049 2520 Romanorum.
2116 2473 2207 2522 Sed
2239 2473 2296 2523 de

92 2547 183 2593 hoc
220 2546 327 2609 quid
360 2542 638 2591 sentiendum
668 2541 749 2600 fit,
796 2556 848 2589 tu
881 2558 961 2588 nos
992 2541 1175 2587 docebis
1207 2541 1461 2603 aliquando.

156 2612 202 2658 V
207 2610 399 2658 etustum
432 2621 584 2655 autem
617 2606 771 2668 fuiffc‚
816 2606 920 2653 inde
951 2618 1077 2670 patet
1107 2604 1231 2669 quod
1264 2601 1377 2668 quae
1409 2621 1465 2651 ex
1497 2621 1552 2650 eo
1588 2602 1808 2664 adscripta
1838 2603 1939 2649 sunt
1971 2602 2089 2650 libro
2120 2605 2292 2652 Danie-

94 2679 170 2733 lis,
212 2677 354 2724 veteri
391 2674 581 2720 omnino
611 2689 745 2719 manu
781 2671 946 2737 scripta
976 2671 1077 2718 sunt
1104 2690 1114 2718 :
1164 2670 1212 2717 &
1242 2668 1342 2717 sunt
1375 2670 1451 2716 illa
1476 2669 1567 2732 ipsa
1595 2669 1690 2715 aliis
1723 2669 1951 2717 veteribus
1977 2667 2295 2734 manuscriptie

96 2742 280 2802 inserta,
314 2739 442 2786 nullo
473 2738 756 2798 discrimine,
788 2750 1004 2802 tanquam
1033 2737 1231 2801 genuina
1257 2738 1436 2782 Valerii.
1475 2734 1593 2782 Vale
1626 2749 1673 2781 v.
1706 2749 1790 2781 CL.

2206 3085 2300 3146 Π»,
