2516 3509
253 107 359 164 DE
397 103 720 163 MAGIST.
755 103 955 180 ATQ
988 105 1274 165 ORDIN.
1316 108 1580 169 OFFIC.
1620 113 1728 171 ET
1766 116 1972 178 INST.
2019 144 2118 201 135

113 211 190 276 jus
217 222 324 258 erat.
391 207 492 268 Qii
523 226 620 257 mos
649 209 760 258 adeo
789 210 1082 274 pertinaciter
1118 219 1157 249 ²4
1177 226 1375 263 retentus
1401 216 1494 276 est,
1528 229 1581 264 ut
1619 224 1659 266 Ξῖ.
1686 218 1942 281 QFabius
1963 229 2120 277 Maxi·
2138 236 2222 269 Ann.
2244 241 2286 272 υ.

123 306 223 338 mus
243 291 481 356 quinquies
501 309 612 340 cos.
651 289 697 319 ²⁶
718 293 788 341 vir
807 294 942 340 etiam
962 294 1140 359 pridem
1159 294 1356 345 summae
1386 295 1691 359 aue-toritatis,
1726 302 1774 349 &
1795 317 1906 353 tunc
1933 310 2130 359 ultima&

118 368 380 430 senectutis,
413 370 440 418 a
462 371 560 418 filio
581 371 761 420 consule
783 374 1021 435 invitatus,
1048 381 1092 419 2?
1113 374 1654 424 ut.inte1·se‘·&listorem
1674 382 1967 447 procederet,
1999 385 2044 415 28
2061 405 2127 436 nes

118 448 318 497 hostium
344 452 601 499 Samnitum
624 450 783 511 turba,
816 452 870 498 ad
888 448 1092 517 quorum
1105 455 1392 519 colloquium
1412 453 1766 517 descendebant,
1795 460 2058 529 elideretur,
2075 469 2126 517 id

116 528 261 578 facere
279 531 491 581 noluerit.
563 538 604 567 ²9
625 532 753 580 Idem
775 532 801 580 ἐι
822 533 976 583 senatu
995 536 1170 601 legatus
1198 536 1253 583 ad
1282 535 1432 582 filium
1463 533 1694 583 consulem
1714 538 1913 588 Suessam
1943 550 2119 614 missus,
2136 577 2221 608 Am„
2248 578 2314 609 „fb⁸

120 735 141 776 ὲ
162 739 294 789 quinto
315 739 491 779 Rutiliani
511 740 723 786 consulatu,
751 743 815 791 qui
836 742 906 780 fuit
922 754 1022 781 anno
1044 742 1090 781 ab

116 789 166 826 U.
191 790 234 827 C.
256 791 341 840 458.
364 792 409 828 ad
433 794 482 841 Q.
505 792 658 830 Fabium
681 794 894 830 Maximum
915 794 1092 832 Allobro-

119 841 243 888 gicum
261 870 271 886 ‚
299 843 361 890 qui
375 842 462 880 Cos.
483 844 552 880 fuit
571 855 670 880 anno
690 843 734 879 ab
757 844 861 881 U.C.
875 845 960 893 633.
987 845 1091 882 oeco

118 892 257 929 fuerint
279 894 329 941 Q.
351 893 449 930 Fabii
469 893 628 930 Maximi
642 904 711 936 ,ne
734 905 811 929 uno
834 894 985 940 quidem
1008 900 1096 928 ver-v

60 983 65 986 *
115 941 189 986 bo,
227 942 272 979 de
304 955 468 992 quonam
494 943 554 979 hic
582 943 756 992 loquatur
781 941 895 978 Fabio
915 969 925 985 ,
961 941 1092 997 auctor

118 994 353 1031 mentionem
373 994 469 1030 facit.
515 994 622 1029 Haec
641 1003 696 1029 res
715 991 906 1028 obscuram
928 992 1018 1028 fecit
1035 992 1091 1029 hi-

117 1043 266 1081 storiam
290 1045 501 1080 Romanam
516 1070 526 1086 ,
553 1051 745 1091 tamquam
766 1041 812 1078 de
832 1041 1003 1080 industria
1024 1043 1094 1080 ob-

111 1094 332 1132 scurantibus
355 1105 437 1131 eam
458 1091 767 1142 historiographis,
832 1092 1000 1141 Quando
1027 1106 1092 1132 au-

113 1152 190 1181 tem
222 1143 430 1181 Samnitum
464 1143 524 1180 hic
554 1143 603 1181 est
631 1143 777 1181 mentio
803 1162 814 1188 5
849 1143 997 1182 videtur
1032 1144 1091 1183 lo-

111 1195 175 1243 qui
206 1194 252 1232 de
284 1194 472 1232 Rutiliano
506 1196 544 1232 &
572 1194 678 1243 ipfius
701 1193 802 1238 filio,
831 1195 895 1244 qui
918 1207 965 1233 eo
988 1196 1092 1234 vixe-

77 1274 80 1277 ,
114 1250 199 1281 runt
220 1253 393 1293 tempore
402 1260 413 1290 ;
429 1257 560 1284 verum
579 1246 683 1295 quod
705 1257 796 1282 mox
816 1245 998 1296 subjungit
1009 1248 1089 1286 Va-

108 1294 218 1332 lerius
231 1324 240 1340 ,
256 1295 344 1332 Idem
362 1296 381 1333 ἷτ
394 1303 520 1334 Senatu
541 1299 671 1347 legatus
693 1296 992 1344 miffitsfldfilmm
1012 1310 1089 1338 COS.

109 1345 279 1393 Sueffizm,
305 1347 343 1385 id
359 1349 437 1397 jam
460 1349 543 1385 sane
562 1360 640 1385 non
663 1348 708 1386 de
731 1347 919 1386 Rutiliano
950 1351 989 1387 ὃς
1011 1350 1088 1399 ejus

110 1396 188 1433 filio
210 1398 362 1447 intelligi
384 1399 502 1448 potest
516 1428 526 1442 ‚
546 1399 607 1436 sed
629 1399 675 1437 de
697 1399 910 1437 Verrucoso
934 1411 977 1437 ac
995 1402 1088 1449 ejus-

108 1446 195 1484 dem
217 1448 292 1485 filio
307 1479 316 1494 ‚
344 1459 384 1487 ut
404 1450 541 1487 indicat
569 1451 653 1487 Liv.
677 1450 722 1487 L.
742 1462 795 1486 1v.
816 1451 948 1488 tertiae
979 1451 1088 1490 deca-

109 1496 201 1543 doe,
230 1511 331 1538 anno
355 1501 458 1538 sexto
492 1502 568 1550 ejus
589 1500 684 1538 belli.
737 1501 862 1539 Credo
890 1501 1084 1542 Valerium

108 1548 307 1597 deceptum
323 1580 333 1596 ,
357 1551 460 1601 quod
478 1560 633 1601 uterque
656 1553 850 1602 quinquies
869 1553 996 1590 consul
1017 1555 1087 1592 fuit

110 1600 317 1638 Rutilianus
338 1630 348 1645 ,
387 1603 426 1639 ὃς
453 1602 703 1647 Verrucosus,
741 1602 801 1640 sed
833 1603 976 1641 diverso
1002 1604 1086 1642 sane

107 1656 290 1699 tempore.
343 1654 472 1700 Quam
503 1665 593 1691 vero
623 1654 684 1691 hic
703 1654 848 1702 Sueffizm
875 1662 988 1692 vocat
1009 1657 1089 1693 Va-

105 1699 214 1738 lerius
235 1702 365 1739 urbem
381 1731 390 1747 ,
419 1704 548 1741 Livius
562 1705 642 1753 jam
665 1705 778 1743 citato
796 1705 884 1742 loco
905 1705 1088 1754 Sneffidam

103 1752 271 1799 appellat.
324 1754 432 1790 Haec
454 1755 490 1791 in
513 1756 648 1800 Latio,
676 1755 734 1793 illa
755 1756 793 1793 in
813 1755 1019 1804 Campania
1042 1759 1085 1796 ab

106 1802 332 1841 Auctoribus
354 1804 523 1853 proditae
543 1806 723 1855 leguntur.
753 1807 1025 1846 GLAREAN.

153 1853 212 1890 26.
242 1858 308 1891 Vir
327 1858 427 1892 etiam
443 1855 588 1906 pridem]
619 1857 757 1895 Divide
780 1861 881 1894 etiam
900 1859 938 1896 in
953 1868 996 1895 2³7³
1009 1865 1086 1908 jam

102 1903 346 1944 PERIZON.
401 1910 513 1944 Etiam
537 1908 633 1946 delet
652 1909 754 1946 Harl.
784 1909 892 1947 Leid.
914 1910 981 1948 sec.
998 1917 1083 1958 jam.

100 1966 170 2041 Ξϊῖ
189 1964 234 1992 <y
255 1968 332 1993 tunc
359 1957 464 1996 Voss.
486 1967 531 1995 (θ’
553 1974 648 1998 nunc.
675 1959 781 1998 Barb.
812 1960 922 2010 prim.
958 1960 1086 2010 defien-

127 2020 140 2041 e’
162 2017 249 2043 atur.

155 2068 214 2101 27.
240 2061 283 2094 Ut
309 2060 396 2095 inter
420 2061 456 2108 se
479 2068 524 2096 <9⁵
546 2060 692 2097 lirslorem
711 2059 914 2111 procederet]
953 2062 1081 2113 Atque

100 2107 151 2143 ita
172 2106 205 2143 se
227 2108 264 2144 ὃ(
286 2110 531 2156 praecederet.
584 2111 799 2149 Duodecim
821 2112 966 2151 lietores
987 2125 1080 2152 con-

99 2155 214 2193 sulem
233 2160 511 2205 praecedebant.
557 2163 657 2200 Inter
673 2175 836 2212 quorum
858 2166 1076 2212 proximum

103 2208 142 2244 δί
165 2207 352 2246 consulem
374 2210 480 2260 siquis
497 2212 764 2258 intercederet,
785 2214 902 2262 ipsum
923 2227 1077 2266 quoque

104 2257 294 2295 consulem
327 2262 580 2307 praecedebat.
632 2263 742 2300 Filius
763 2265 823 2300 ille
852 2266 916 2312 qui
932 2274 1076 2312 patrem

103 2308 257 2346 Fabium
289 2310 392 2346 Max.
419 2318 460 2347 ut
479 2311 512 2347 se
542 2313 777 2349 antecederet
804 2314 999 2357 invitavit,
1029 2317 1078 2352 est

103 2357 234 2396 Fabius
256 2360 421 2408 Gurges:
452 2361 516 2410 qui
535 2372 621 2398 cum
643 2362 766 2398 consul
782 2362 885 2399 male
908 2362 1077 2403 adversus

104 2409 287 2447 Samnites
306 2410 518 2459 pugnasset,
539 2422 582 2448 ac
602 2412 752 2449 Senatus
774 2412 819 2449 de
840 2415 1076 2452 removendo

102 2472 150 2497 eo
174 2461 216 2498 ab
249 2463 411 2499 exercitu
444 2462 687 2506 consultaret,
714 2462 843 2501 Fabius
875 2464 978 2501 Max.
999 2465 1076 2503 filio

97 2512 238 2560 legatus
265 2512 356 2556 ivit,
383 2512 581 2562 effecitque
609 2521 649 2550 ut
671 2513 761 2550 filius
795 2514 948 2553 consilio
965 2524 1077 2566 atque

102 2573 216 2611 ope-ra
240 2562 299 2600 sua
331 2562 473 2613 adjutus
505 2562 611 2601 caesis
636 2563 854 2603 Samnitibus
872 2566 1078 2616 triumpha-

98 2621 165 2651 ret.
219 2613 318 2651 Vide
337 2615 434 2662 Epir.
452 2614 512 2652 lib.
534 2627 584 2651 xx.
606 2615 716 2653 Livii.
744 2617 939 2656 VORST.

149 2663 208 2701 28.
224 2668 281 2699 Ne
301 2665 436 2713 bostium
448 2668 636 2703 Samnitum
655 2666 752 2703 tumba
767 2666 958 2718 elideretur]
974 2669 1072 2710 Cum

103 2713 346 2760 Samnitibus,
358 2725 399 2754 ut
419 2717 514 2761 dixi,
531 2717 668 2755 bellum
686 2726 769 2756 tum
786 2720 927 2768 gestum
942 2735 952 2763 ;
968 2732 1074 2759 cum-

101 2777 176 2814 que
193 2765 319 2803 iisdem
343 2767 381 2804 &
403 2768 632 2818 colloquium
654 2769 777 2806 nescio
795 2782 867 2820 qua
887 2771 933 2808 de
954 2772 1081 2811 eauffa2

100 2815 278 2854 habitum,
316 2820 408 2867 Quo
427 2819 472 2856 de
493 2819 686 2868 colloquio
705 2820 781 2858 fine
799 2821 913 2860 dubio
929 2823 1077 2873 scripse-⁹

100 2874 156 2904 rat
182 2879 333 2917 quoque
361 2869 489 2907 Livius
520 2872 556 2906 in
584 2870 643 2907 lib.
664 2883 715 2909 xi.
743 2873 806 2922 qui
836 2880 927 2911 cum'
951 2876 1074 2922 multis

100 2917 177 2954 aliis
208 2918 400 2958 intercidit.
473 2920 660 2958 Elideretur
684 2923 829 2972 est‘pro
850 2934 1073 2976 premeretur,

93 2967 324 3022 fiaffocaretur.
377 2972 551 3022 Virgilius
570 2986 658 3014 viix.
680 2975 775 3013 Aen.

1997 630 2119 687 post·

1243 746 1376 777 .........'‘
1402 742 1549 777 ——'
1562 750 1605 782 Ut
1618 744 1729 796 prima
1751 749 1910 787 novercae

1194 797 1356 844 *Monstra
1385 810 1484 833 mann
1503 801 1714 848 geminosque
1733 809 1883 848 premens
1911 802 2034 850 eliserit
2061 819 2125 843 an-

1367 861 1434 883 {be-*⁸-

1146 892 1223 929 Ubi
1243 894 1409 932 Servius:
1432 898 1589 943 miserit,
1604 902 1860 945 praefocaverit.
1898 906 2023 944 Naves
2043 923 2128 945 nau-

1138 944 1253 992 fragio
1271 943 1351 979 elidi
1371 946 1463 982 dixit
1486 947 1617 983 Caesar
1636 961 1697 986 111.
1732 950 1777 987 de
1797 952 1837 990 B.
1861 954 1903 990 C.
1932 957 2127 999 VORST.

1193 1004 1256 1041 29.
1285 992 1374 1030 Idem
1396 994 1415 1030 ἂ
1429 999 1550 1043 senatu
1566 999 1697 1046 legatus
1717 1002 1829 1049 mtffibs
1856 1003 1902 1040 ad
1918 1007 2032 1052 filium
2053 1025 2124 1046 con.-

1133 1044 1243 1090 fhlem
1271 1045 1438 1096 Suefflzm]
1471 1048 1601 1096 Cogor
1627 1050 1686 1087 hic
1709 1053 1849 1091 rursum
1873 1060 2051 1107 conqueri
2079 1062 2126 1099 de

1143 1096 1356 1134 temeritate
1377 1109 1419 1135 ac
1440 1099 1625 1148 imperitia
1644 1101 1873 1142 librariorum
1887 1134 1896 1150 ,
1911 1110 1974 1157 qui
1988 1118 2025 1147 ut
2036 1122 2127 1150 con-

1143 1147 1331 1185 traherent
1360 1148 1398 1185 in
1425 1150 1617 1198 angustum
1648 1151 1835 1201 historias,
1869 1157 2030 1198 duorum
2060 1162 2126 1200 Fa-

1143 1194 1294 1235 biorum
1328 1199 1488 1238 Rulliani
1528 1202 1567 1239 &
1599 1202 1636 1238 V
1640 1205 1810 1242 errucoffi
1843 1207 1923 1245 aaa
1952 1217 2126 1260 tempore

1145 1245 1381 1287 diversiffima
1411 1262 1536 1288 errore
1568 1252 1628 1289 vel
1653 1254 1821 1293 socordia
1851 1258 1973 1298 eidem
1995 1263 2131 1301 adscri-

1142 1298 1290 1346 pserunt
1302 1316 1312 1344 ;
1334 1308 1448 1349 atque
1465 1302 1656 1340 amorem
1676 1306 1840 1344 nostrum
1862 1310 1962 1348 velut
1985 1313 2023 1348 ὃς
2048 1315 2122 1352 aliis

1140 1350 1288 1397 sparfim
1316 1350 1407 1389 locis
1450 1353 1740 1402 frequentissime
1786 1358 1884 1396 male
1921 1362 2120 1403 multatum

1140 1402 1356 1440 mutilarunt
1369 1431 1379 1446 ,
1406 1402 1530 1441 ablatis
1550 1404 1692 1454 aliquot
1710 1407 1828 1445 verbis
1843 1437 1852 1452 ‚
1872 1418 1913 1446 ut
1930 1411 1975 1448 de
1997 1415 2121 1461 priore

1138 1451 1251 1490 Fabio
1275 1453 1448 1491 Rulliano
1469 1454 1780 1503 intelligerentur,
1815 1471 1910 1508 quae
1930 1461 1975 1499 de
2000 1466 2121 1511 poste-

1140 1502 1238 1540 riore
1257 1504 1485 1543 Verrucoffo
1510 1507 1608 1544 haud
1628 1507 1738 1545 dubie
1758 1510 1914 1558 scripsit,
1941 1521 2052 1563 atque
2073 1528 2121 1555 eit

1142 1552 1284 1592 duobus
1305 1556 1482 1604 exemplis
1500 1568 1616 1595 unum
1640 1561 1951 1608 compingeretur.
2005 1566 2122 1605 Cam-

1140 1605 1250 1653 pense
1281 1607 1469 1656 exemplar
1508 1608 1614 1645 nobis
1644 1618 1850 1661 utcumque
1878 1612 2017 1662 detegit
2044 1619 2123 1665 ejus

1140 1656 1302 1695 vulneris
1322 1659 1531 1696 cicatricem
1551 1660 1735 1709 quandam
1752 1676 1760 1698 :
1783 1663 1821 1699 in
1841 1675 1918 1713 quo
1943 1664 1992 1703 fic
2010 1667 2128 1705 liabe-

1140 1713 1220 1752 tur,
1248 1706 1335 1744 Idem
1353 1712 1523 1758 praestitit
1542 1710 1665 1747 Fabius
1690 1712 1711 1748 ιὶ
1726 1715 1848 1760 finam
1864 1716 1994 1765 legatus
2015 1717 2061 1754 ad
2072 1721 2122 1767 fi-

1141 1759 1224 1794 lium
1256 1771 1330 1797 cos.
1351 1760 1471 1808 miffiffs.
1526 1761 1668 1800 Iudicat
1693 1763 1851 1801 eandem
1873 1768 1911 1803 &
1933 1770 2124 1809 manifeste

1142 1807 1374 1848 Cauchianus
1395 1811 1535 1856 codeX,
1564 1825 1648 1850 cum
1669 1813 1777 1859 dicit,
1800 1814 1885 1851 Idem
1908 1821 1967 1867 qus·
1984 1818 2004 1855 ἆ
2020 1824 2121 1869 sena-

1138 1871 1176 1895 m
1197 1862 1327 1911 legatus
1343 1861 1529 1910 adfilium':
1560 1864 1621 1901 ubi
1640 1865 1813 1913 particula
1828 1895 1839 1910 ‚
1866 1873 1949 1917 qui,
1978 1869 2024 1907 de
2047 1872 2122 1911 alio

1138 1910 1253 1949 Fabio
1283 1913 1388 1963 loqui
1411 1915 1605 1953 Valerium
1627 1916 1750 1954 docet.
1806 1917 1861 1955 Ex
1882 1920 1936 1957 his
1958 1923 2118 1961 omnino

1136 1964 1301 2012 conjicio
1314 1993 1323 2008 ,
1338 1966 1443 2003 unius
1465 1966 1634 2003 vocabuli
1657 1967 1848 2005 additione
1871 1970 2023 2018 plenum
2039 1974 2118 2011 Va-

1132 2011 1211 2051 lerii
1239 2015 1381 2053 sensum
1414 2016 1550 2053 restitui
1577 2016 1710 2065 poffe;
1747 2018 1772 2055 fi
1801 2019 1989 2069 legamus,
2023 2023 2116 2061 Idem

1123 2067 1296 2112 praestitit
1324 2068 1384 2102 ille
1404 2067 1522 2103 Fabius
1538 2095 1548 2111 ‚
1575 2071 1634 2117 qm
1656 2070 1676 2105 ἰι
1701 2073 1822 2118 senam
1851 2073 1982 2121 legatus
2012 2074 2057 2110 ad
2063 2077 2115 2122 fi-

1130 2117 1214 2152 lium
1233 2120 1393 2166 confidem
1411 2117 1557 2166 Sueffizm
1578 2120 1700 2167 mtffirs.
1755 2122 1883 2171 Atque
1915 2135 1961 2161 eo
1990 2125 2112 2164 modo

1132 2166 1325 2206 Valerium
1350 2169 1395 2206 de
1415 2171 1465 2219 Q.
1484 2170 1598 2208 Fabio
1617 2171 1845 2211 Verrucoffo
1875 2174 1980 2224 loqui
2000 2175 2111 2213 intel-

1128 2217 1284 2265 ligemus
1298 2248 1308 2263 ,
1335 2221 1420 2268 qui,
1440 2229 1482 2258 ut
1499 2222 1612 2259 refert
1630 2222 1721 2260 item
1744 2224 1872 2262 Livius
1886 2254 1896 2269 ,
1918 2225 1994 2264 filio
2017 2238 2108 2265 con-

1129 2267 1193 2304 suli
1222 2269 1363 2316 legatus
1392 2269 1439 2306 ad
1473 2270 1673 2321 Sueffulam
1701 2274 1739 2309 in
1757 2274 1865 2312 castra
1884 2278 1984 2313 venit
2009 2276 2106 2316 bello

1129 2316 1273 2355 Punico
1294 2319 1468 2356 secundo.
1520 2321 1625 2359 Prior
1645 2330 1770 2360 autem
1793 2326 1843 2373 Q.
1866 2325 1997 2365 Fabius
2018 2330 2114 2366 Rul-

1127 2364 1244 2404 lianus
1261 2368 1474 2417 octuaginta
1497 2371 1640 2409 circiter
1660 2374 1762 2411 annis
1782 2384 1889 2413 antea
1914 2377 1991 2416 filio
2012 2391 2103 2416 con-

1125 2416 1191 2454 suli
1213 2418 1326 2456 Fabio
1346 2421 1492 2469 Gurgiti
1511 2421 1650 2470 legatus
1679 2425 1800 2462 fuerat
1819 2426 1915 2464 bello
1935 2429 2103 2466 Samniti-

1130 2473 1197 2511 C0;
1227 2469 1330 2515 velut
1361 2482 1406 2508 ex
1433 2473 1623 2511 annalibus
1653 2475 1794 2513 constat
1820 2477 1935 2516 latius.
1962 2480 2102 2516 PIGH..

1128 2516 1220 2555 Idem
1239 2520 1260 2556 ἆ
1278 2525 1406 2557 senam
1426 2524 1557 2573 legatus
1579 2525 1703 2572 misfirs.
1731 2526 1785 2564 Ita
1813 2528 1963 2578 quidem
1986 2529 2100 2566 Aldus

1131 2570 1247 2608 &alii
1263 2570 1467 2621 'ediderant
1487 2582 1573 2612 ante
1589 2576 1773 2624 Pighium.
1826 2580 1879 2616 At
1895 2580 1953 2616 hic
1974 2588 2012 2615 ut
2030 2579 2100 2617 do-

1129 2629 1249 2667 ceret,
1279 2622 1326 2660 de
1342 2623 1416 2662 alio
1438 2624 1552 2663 Fabio
1568 2627 1628 2665 hic
1646 2629 1727 2677 agi,
1755 2642 1864 2678 quam
1887 2631 1920 2666 in
1940 2630 2102 2677 superio-

1130 2671 1226 2710 ribus
1240 2702 1250 2717 ‚
1272 2676 1442 2720 monuit,
1465 2676 1503 2714 in
1523 2677 1607 2716 cod.
1628 2679 1822 2728 Campenfi
1842 2680 1909 2726 legi
1929 2678 1975 2715 fic
1989 2708 1999 2724 ‚
2014 2679 2102 2718 Idem

1119 2728 1291 2772 praestitit
1317 2725 1438 2763 Fabius
1470 2726 1493 2764 ἃ
1517 2731 1638 2777 senatu
1665 2733 1793 2779 legatus
1821 2728 1866 2765 ad
1886 2730 2000 2777 filium
2028 2734 2103 2780 Cos:

1127 2775 1256 2822 miffm3
1289 2778 1327 2815 δί
1353 2777 1390 2814 in
1413 2777 1650 2824 Cauchiano‚
1680 2779 1767 2816 Idem
1793 2782 1851 2828 qui
1874 2780 1894 2814 ἃ
1910 2783 2031 2828 senatu
2053 2785 2102 2817 le-

1127 2838 1224 2862 trams
1245 2826 1290 2863 ad
1300 2829 1360 2876 fil,
1380 2830 1500 2877 mcffia-s.
1554 2831 1667 2868 Unde
1694 2842 1807 2878 porro
1828 2832 2010 2880 conjecit,
2040 2832 2104 2869 ad-

1127 2876 1289 2926 ditoille
1313 2878 1513 2928 legendum
1544 2880 1614 2918 effe
1642 2882 1700 2917 ita.
1755 2881 1838 2917 Idem
1857 2886 2020 2932 praestitit
2043 2886 2102 2919 ille

1128 2928 1246 2964 fabius
1264 2928 1355 2980 qus'ci
1368 2932 1490 2978 'senam
1510 2930 1555 2967 ad
1565 2933 1680 2980 filium
1702 2935 1773 2980 Cos.
1795 2933 1923 2981 mfffiasg
1948 2942 1987 2969 ut
2006 2934 2101 2972 adeo

1127 2978 1172 3016 de
1191 2979 1263 3016 alio
1285 2982 1397 3019 Fabio
1416 2994 1528 3032 quam
1552 2984 1587 3019 in
1616 2984 1853 3031 superioribus
1873 2985 1932 3019 hic
1958 2984 2014 3031 agi
2038 2996 2104 3033 ap-.

1126 3038 1258 3077 pareat)
1311 3032 1359 3071 Et
1378 3043 1509 3073 verum
1529 3034 1613 3073 sane
1633 3034 1681 3072 est
1702 3036 1735 3072 ei
1753 3035 1864 3072 Fabio
1877 3062 1886 3078 ‚
1916 3034 1975 3072 cui
1994 3034 2100 3090 supe-

2006 3097 2114 3126 nora:

1119 2856 1144 2876 G

2137 285 2176 317 46
2183 290 2213 313 2-

2139 628 2209 656 540.
2224 621 2336 652 Livius

2140 670 2229 692 xxiv.
2250 673 2298 700 41.

2139 703 2210 734 Gel.
2240 714 2285 736 11.
2302 714 2335 735 2-
