2516 3509
406 36 541 93 DE
614 26 1767 98 RECONCILIATIONE.
2003 59 2108 116 347

94 147 221 215 quod
241 155 333 194 erat
355 144 627 190 acerrimum
643 175 658 200 ‚
693 139 742 186 &
762 140 979 204 injuriae,
1014 156 1150 205 quam
1171 139 1472 205 gravissimam
1502 157 1768 208 acceperat,
1805 143 2009 193 oblivisci
2033 147 2114 193 fibi

96 223 361 289 imperavit:
399 235 480 279 ne,
519 218 552 265 fi
571 216 804 265 diffidente
833 217 985 264 animo
1021 224 1042 255 9
1068 217 1407 265 consortionem
1437 219 1618 283 imperii
1638 219 1850 285 usurpare
1880 222 2115 281 voluisset,

101 313 143 336 ¹0
166 305 451 370 pertinacem
468 299 730 347 exhibendo
752 298 1021 358 inimicum,
1056 299 1227 345 malum
1264 297 1497 346 consulem
1525 314 1693 365 ageret.
1763 301 1899 361 Qiae
1929 303 2113 366 quidem

98 386 261 435 mentis
285 382 341 430 ad
364 381 724 446 tranquilliorem
752 379 959 426 habitum
982 379 1244 439 inclinatio,
1269 386 1279 405 ¹
1295 386 1304 406 ¹
1323 379 1371 424 in
1392 378 1546 443 aspero
1570 397 1621 426 ac
1645 378 1821 427 difficili
1847 394 2111 446 temporum

95 465 291 516 articulo
314 463 565 527 plurimum
590 459 738 507 salutis
763 459 865 507 urbi
891 472 1026 523 atque
1049 459 1205 505 Italiae
1225 458 1406 506 attulit:
1426 466 1465 486 ¹²
1483 461 1589 523 quia
1612 461 1708 524 pari
1731 458 1913 508 virtutis
1933 463 2110 526 impetu

99 543 298 603 connisi,
334 542 554 588 terribiles
576 540 765 587 Punicas
785 539 898 586 vires
917 537 1244 585 contuderunt.

162 625 354 671 Clarum
378 623 516 669 etiam
539 622 586 667 in
611 620 829 666 Africano
849 617 1077 683 superiore
1098 633 1149 663 ac
1173 617 1254 663 Ti.
1280 616 1500 665 Graccho
1524 616 1832 683 depositarum
1851 619 2112 667 inimicitia·
2129 678 2154 706 Α
2206 639 2238 677 3.

2160 686 2211 708 nn.
2236 682 2303 714 urb,

35 763 39 767 .
104 722 207 752 rum
233 703 512 766 exemplum.
584 700 819 764 Siquidem
851 697 906 745 ad
939 698 1068 761 cujus
1093 695 1267 742 mensae
1300 695 1418 743 sacra
1452 696 1561 745 odio
1591 698 1844 746 diffidentes
1876 714 2113 760 venerant,
2132 724 2198 753 566.
2218 723 2326 756 Livius

2128 771 2285 795 xxxvni.

97 785 152 831 ab
177 800 228 830 ea
249 783 294 829 ὃς
315 783 515 829 amicitia
537 781 585 827 &
609 779 829 826 affinitate
842 776 993 842 juncti
1012 774 1317 821 discesserunt.
1388 775 1507 821 Non
1540 788 1785 823 contentus
1807 778 1930 823 enim
1953 779 2110 842 Scipio
2128 805 2212 836 Gen·
2232 815 2304 840 xxx.

59 872 65 875 ’
98 863 282 912 auctore
307 859 485 919 senatu,
526 866 564 897 ¹3
590 861 638 905 in
662 855 929 922 Capitoli0‚
960 853 1088 914 jovis
1111 852 1249 916 epulo
1275 868 1385 898 cum
1406 851 1628 898 Graccho
1656 856 1952 903 concordiam
1983 851 2156 904 com-⁸·

102 938 372 997 municaffc‚
414 945 455 976 ¹4
479 936 618 983 filiam
639 947 823 999 quoque
846 930 888 976 ei
908 929 1174 976 Corneliam
1199 930 1409 993 protinus
1432 928 1496 976 ibi
1517 929 1771 996 despondit.

167 1017 255 1065 Sed
277 1015 463 1079 hujusce
480 1015 654 1079 generis
694 1020 732 1051 ¹5
760 1012 1014 1059 humanitas
1034 1011 1171 1057 etiam
1194 1010 1242 1056 in
1265 1010 1340 1057 M.
1361 1009 1591 1057 Cicerone
1620 1014 1862 1077 praecipua
1892 1018 2114 1080 apparuit.
2216 1022 2237 1056 4

102 1098 160 1144 A.
184 1111 379 1158 namque
417 1092 458 1120 ¹⁶
484 1093 737 1142 Gabinium
760 1090 1114 1157 repetundarum
1135 1104 1263 1136 reum
1287 1088 1465 1136 summo
1491 1088 1640 1137 studio
1662 1090 1889 1152 defendit,
1911 1095 1988 1158 qui
2010 1110 2114 1140 eum
2130 1062 2306 1175 ῗέἕὲἷέ

2079 1172 2085 1178 .
2135 1153 2191 1184 pro
2249 1157 2263 1175 ει
2287 1169 2299 1176 .,

2075 1188 2122 1217 ll]
2137 1190 2222 1216 Dion

2133 1237 2248 1260 xiiius.

103 1307 177 1357 effer
197 1307 362 1345 inimicus.
414 1304 534 1354 Quod
556 1304 691 1342 Cicero
716 1302 762 1344 de
796 1300 956 1350 collegio
973 1299 1091 1338 sacer·

103 1361 263 1405 dotum,
290 1361 365 1397 hoc
394 1369 466 1406 ego
497 1357 542 1395 de
565 1357 737 1395 omnium
769 1364 970 1392 munerum
996 1363 1090 1389 con-

71 1414 75 1417 ’
103 1410 219 1449 sortio
237 1411 438 1449 dicendum
461 1409 627 1447 arbitror.
658 1407 852 1445 COLER.
905 1405 949 1443 In
983 1403 1090 1441 MSS.

105 1462 372 1511 septemdecim
398 1464 435 1499 ὃ(
456 1460 524 1499 Ed.
539 1462 645 1507 Mog.
663 1458 817 1496 invenio
838 1461 922 1493 Non
946 1465 1093 1505 oportere

105 1529 159 1550 eos
177 1517 326 1564 privatis
346 1514 530 1551 inimicitiis
547 1509 703 1557 diffidere.
744 1510 807 1547 An
829 1508 850 1546 xa
869 1507 987 1546 sciolis
1011 1518 1094 1544 mu-

104 1572 225 1602 tatum
266 1566 359 1609 fuit,
387 1565 472 1614 quia
502 1565 696 1600 inimicitias
724 1560 835 1610 paulo
870 1566 956 1596 ante
988 1569 1094 1608 prae-

107 1615 231 1653 ceffir?
261 1617 442 1665 Quinque
473 1624 535 1652 aut
561 1614 621 1650 sex
641 1613 777 1650 habent
803 1612 906 1648 creati
919 1612 1004 1658 sunt
1022 1620 1092 1658 pro

103 1670 304 1705 rennmiati.
344 1667 439 1704 Item
459 1674 531 1703 tres
550 1667 726 1702 manciaci.
764 1662 836 1701 Sed
854 1662 928 1700 hoc
949 1668 1094 1700 utrum-

108 1730 182 1770 que
205 1719 225 1757 ἐι
244 1715 358 1768 glossa
377 1716 447 1755 esse
471 1716 631 1755 videtur.

159 1782 192 1817 7.
219 1772 317 1807 Sexti
349 1768 464 1818 Livii]
504 1766 725 1805 Pudendum
757 1772 919 1803 erratum
950 1767 1093 1801 sextum

105 1832 174 1871 pro
207 1826 338 1858 Marco.
391 1822 446 1857 Ex
478 1820 592 1857 Livio
623 1827 748 1856 autem
774 1817 852 1854 satis
884 1816 1031 1853 constat
1052 1816 1091 1853 in

105 1886 176 1910 vn.
196 1875 326 1910 tertiae
352 1871 525 1909 Decados
540 1900 549 1914 ‚
578 1870 640 1908 ubi
662 1869 748 1906 Cos.
778 1868 847 1905 fuit
864 1871 951 1906 cum
979 1866 1094 1905 Clau-

108 1923 172 1960 dio
195 1924 373 1967 Nerone,
400 1935 478 1960 non
509 1920 612 1960 fuiffe
643 1932 756 1962 eum,
785 1920 851 1970 qui
878 1920 1092 1958 Tarentum

108 1973 240 2012 amisit.
288 1977 462 2011 Salinator
483 1975 582 2011 enim
607 1973 800 2010 damnatus
823 1971 943 2008 fuerat
967 1971 1092 2019 primo

108 2024 257 2062 secundi
290 2025 371 2061 belli
393 2025 546 2069 Punici,
574 2023 712 2062 ottavo
744 2031 871 2060 autem
894 2033 995 2059 anno
1018 2023 1096 2059 exi-

108 2076 149 2114 lii
168 2075 336 2113 reduetus
356 2078 393 2112 in
414 2077 588 2113 Senatum
604 2103 614 2119 ,
635 2077 672 2112 ὃς
691 2074 853 2112 triennio
876 2073 914 2109 in
939 2072 1091 2117 Senatu,

107 2128 285 2177 sequente
307 2126 441 2163 deinde
460 2138 559 2163 anno
575 2127 670 2169 ,hoc
690 2126 739 2161 est
759 2123 989 2161 duodecimo
1015 2124 1092 2171 ejus

109 2178 193 2217 belli
214 2178 302 2215 Cos.
336 2177 476 2221 faetus,
504 2185 544 2213 ut
572 2176 682 2214 tradit
700 2175 840 2212 Livius.
894 2173 959 2210 Ille
979 2172 1093 2220 alter,

109 2230 175 2279 qui
206 2229 418 2267 Tarentum
459 2227 661 2271 amiserat,
701 2229 865 2262 Macatns
892 2223 1093 2263 dicebatur.

111 2281 248 2319 Cicero
264 2308 274 2325 ‚
295 2287 357 2317 aut
379 2280 456 2328 ejus
474 2278 595 2316 codex
624 2275 754 2326 (quod
775 2274 925 2313 credere
947 2274 1090 2321 malim,

110 2331 157 2370 de
179 2331 376 2369 Senectute
398 2330 535 2367 inultos
568 2329 605 2365 in
632 2338 796 2365 errorem
826 2326 957 2372 traxit)
987 2327 1089 2376 quod

106 2383 231 2421 iisdem
248 2384 327 2431 jam
349 2382 450 2419 dietis·
477 2382 515 2418 in
538 2379 692 2417 Livium
725 2378 1029 2416 annotationibus
1052 2390 1090 2415 e-

109 2434 188 2473 ditis
203 2435 319 2471 Libro
344 2434 472 2471 tertiae
486 2430 657 2470 Decados
677 2439 809 2480 quarto
833 2429 1090 2469 indicavimus.

110 2486 383 2524 GLAREAN.
447 2485 552 2521 Sicuti
588 2484 682 2520 Livii
712 2495 839 2532 quoqne
871 2483 1091 2520 Salinatoris.

111 2537 155 2576 In
187 2538 313 2575 iisdem
350 2536 613 2585 septemdecim
651 2535 686 2570 ὃ(
714 2532 779 2570 Ed.
816 2533 921 2582 Mog.
960 2534 1093 2582 legitur

109 2593 208 2627 Sexti
228 2591 326 2626 Livii
340 2617 350 2633 ‚
380 2587 437 2625 vel
454 2589 551 2624 Sexti
580 2599 708 2636 quoqne
728 2586 845 2622 Livii.-
887 2586 1090 2624 Manifesto

110 2639 343 2679 librariorum
370 2652 492 2677 errore
509 2668 517 2681 ‚
550 2647 586 2674 ut
609 2637 811 2674 Glareanus
831 2635 1040 2675 admonuit.

161 2692 195 2729 8.
228 2693 295 2740 Esst
326 2693 471 2728 Neronis
503 2688 574 2727 odio
594 2686 731 2737 ardens]
761 2687 843 2725 Fuit
870 2688 897 2726 is
917 2688 1092 2727 Claudius

114 2743 220 2781 Nero
247 2757 255 2780 ε
297 2755 411 2793 quem
440 2743 542 2791 supra
572 2754 626 2786 xv,
662 2753 695 2783 1,
726 2752 761 2787 9.
797 2740 891 2777 inter
919 2740 1089 2791 exempla

116 2794 388 2832 moderationis
410 2793 572 2831 recenset
587 2790 712 2842 ‚quod
735 2791 889 2828 Livium
912 2792 1093 2831 Salinato-

115 2855 196 2884 rem
209 2846 500 2894 triumphantem
514 2856 613 2893 equo
626 2843 748 2893 sequi,
758 2854 870 2893 quam
879 2844 951 2893 ipse
961 2845 1092 2884 trium-

116 2897 230 2948 phare
252 2895 443 2936 maluisset.
470 2895 668 2935 VORST.

164 2962 202 3001 9.
228 2950 471 3001 consortionem
489 2946 635 3001 imperit]
663 2946 719 3001 Ita
738 2944 912 3002 rescripsit
929 2946 1094 2999 Pighius,

1142 1308 1229 1336 cum
1243 1295 1360 1335 Aldus
1378 1295 1541 1336 edidiffet
1559 1299 1765 1347 emisti-tium.
1819 1301 1869 1338 Et
1886 1300 2018 1340 dicitur
2034 1305 2118 1341 sane

1142 1357 1218 1387 tam
1236 1351 1394 1398 consortio
1424 1361 1537 1398 quam
1567 1353 1784 1399 confinium,
1812 1352 1934 1402 estque
1954 1354 2050 1402 prius
2077 1356 2122 1392 ab

1143 1400 1221 1449 ipso
1239 1412 1394 1451 quoque
1406 1401 1593 1439 Cicerone
1611 1402 1837 1452 usurpatum.
1860 1404 1982 1442 Codd.
1994 1405 2126 1444 Brand.

1145 1463 1239 1489 unus
1292 1455 1525 1501 conftrtionem
1547 1480 1557 1497 ,
1611 1452 1702 1491 alter
1754 1457 1950 1503 consortium
2006 1456 2128 1495 habet.

1146 1503 1342 1541 VORST.
1394 1506 1637 1551 Consua-tionem
1656 1503 1863 1543 defendunt
1880 1506 2009 1555 plures.

1200 1565 1257 1592 10.
1280 1559 1339 1590 Ne
1354 1558 1554 1605 pertinacem
1568 1557 1606 1603 se
1625 1555 1804 1593 exhibendo
1822 1558 2007 1607 inimicam]
2021 1560 2130 1597 MSS.

1148 1604 1352 1643 duodecim
1373 1607 1410 1643 &
1431 1605 1526 1643 Edd.
1556 1617 1691 1644 omnes
1709 1606 1833 1645 delent
1854 1604 2068 1658 pronomen
2078 1614 2127 1660 se.

1147 1657 1187 1695 ὃς
1208 1657 1355 1695 videtur
1374 1656 1507 1694 rectius
1526 1654 1656 1694 abesse.
2033 1698 2035 1700 ,

1201 1721 1215 1746 1
1227 1722 1257 1746 1.
1271 1711 1310 1744 In
1320 1710 1431 1757 aspero
1448 1723 1488 1745 ac
1504 1707 1629 1755 difficili
1649 1719 1829 1758 temporum
1849 1710 2009 1760 articulo]
2023 1713 2128 1751 Harl.

1146 1755 1216 1797 Bit.
1248 1761 1286 1798 &
1315 1759 1419 1797 Barb.
1448 1761 1557 1809 prim.
1589 1764 1743 1811 temporis
1774 1763 1927 1800 articulo.
1979 1764 2128 1802 Deinde

1147 1810 1318 1849 nonnulli
1337 1811 1412 1848 urbi
1428 1815 1555 1860 nostrae
1568 1840 1578 1857 ,
1591 1820 1632 1849 ut
1653 1812 1829 1851 edebatur
1848 1822 1933 1852 ante
1953 1814 2126 1863 Pighium

1145 1863 1258 1901 etiam
1280 1862 1300 1901 a
1324 1864 1571 1912 Moguntinis.
2114 1891 2118 1894 -

1199 1926 1255 1952 12.
1290 1916 1380 1963 Quia
1404 1918 1483 1964 pari
1515 1916 1657 1952 ”virtutis
1685 1917 1809 1965 impetn
1837 1915 1988 1966 connisi]
2030 1917 2129 1955 Rob„

1145 1964 1268 2014 Steph.
1287 1966 1438 2004 dederat
1457 1968 1614 2010 connexi,
1627 1978 1695 2014 pro
1713 1969 1847 2004 connixi
1868 1966 1981 2005 credo
1995 1996 2005 2012 ,
2025 1969 2128 2018 quod

1143 2015 1254 2055 habet
1277 2017 1420 2066 Gryph.
1449 2019 1488 2055 δε
1511 2018 1569 2055 alii
1592 2029 1677 2055 cum
1701 2018 1823 2056 multis
1845 2018 1952 2056 MSS.

1199 2081 1256 2118 13.
1274 2071 1313 2105 In
1335 2071 1504 2118 Capitolio
1523 2069 1630 2115 Jovis
1654 2068 1773 2119 Epulo]
1798 2070 1883 2107 Liv.
1904 2070 1948 2106 L.
1964 2083 2127 2110 xxxvrxr.

1144 2124 1303 2156 Senatum
1325 2135 1359 2156 eo
1376 2119 1429 2156 die
1442 2121 1532 2166 forte
1552 2131 1736 2157 coenantem
1756 2125 1793 2157 in
1811 2122 1977 2170 Capitolio
1999 2127 2129 2171 consus·-

1143 2170 1284 2217 rexiffe‚
1313 2179 1358 2205 ω’
1385 2170 1512 2219 petiisse
1540 2183 1579 2206 nt
1607 2174 1693 2207 intei·
1713 2174 1827 2220 opulas
1851 2172 1994 2208 Graccho
2014 2175 2128 2221 filiam

1144 2223 1343 2266 ‘Afriranns
1361 2219 1578 2269 desponderet.
1608 2223 1803 2261 VORST.

1201 2284 1254 2317 14.
1282 2273 1405 2308 Filiam
1426 2288 1455 2308 ei
1473 2271 1677 2321 Corneliam]
1710 2275 1817 2311 Haec
1837 2273 1886 2310 est
1904 2273 1961 2312 illa
1982 2276 2126 2313 Corne-2

1146 2320 1193 2359 lia
1205 2322 1291 2360 Tib.
1314 2324 1352 2360 ὅ(
1375 2323 1418 2360 C.
1429 2324 1687 2361 Gracchorum
1702 2355 1711 2370 ‚
1725 2326 1789 2375 qui
1809 2324 1939 2362 eadem
1961 2326 2005 2363 de
2027 2327 2121 2363 caus-

1144 2374 1179 2411 sa
1207 2373 1390 2412 interfecti
1421 2374 1502 2412 sunt
1522 2402 1533 2419 ,
1567 2384 1694 2413 mater.
1748 2377 1796 2414 Et
1823 2377 2030 2420 Gracchus,
2059 2378 2121 2424 qui

1144 2425 1205 2462 hic
1226 2426 1443 2463 nominatur
1455 2455 1465 2471 ,
1480 2425 1704 2464 eorumdem
1716 2436 1820 2476 pater
1841 2427 2115 2465 fuit.V0!<5T.

1147 2476 1249 2515 Barb.
1273 2477 1380 2525 prim.
1409 2475 1631 2528 despopondit.
1658 2479 1773 2528 vulgo
1796 2478 1970 2517 edebatur
1989 2476 2118 2515 ibidem.

1145 2528 1216 2567 Sed
1238 2528 1284 2568 ibi
1306 2528 1353 2566 est
1375 2529 1413 2567 in
1432 2530 1540 2568 MSS.
1570 2530 1609 2567 &
1630 2530 1700 2569 Ed.
1723 2533 1828 2579 Mog.

1199 2594 1255 2632 15.
1281 2583 1494 2620 Humanitas
1521 2583 1624 2618 etiam
1657 2585 1693 2619 in
1724 2588 1779 2620 M.
1811 2578 1974 2626 Cicerone]
2006 2578 2116 2617 Etiam

1142 2634 1181 2672 in
1199 2634 1378 2686 aliquibus
1402 2634 1499 2673 deest
1520 2633 1629 2671 MSS.

1197 2688 1252 2726 16.
1301 2686 1482 2723 Gabinium
1508 2684 1759 2735 repetundarum
1789 2678 1900 2728 reum]
1939 2679 2119 2718 Gabinius

1143 2736 1204 2777 ille
1230 2738 1359 2777 consul
1377 2739 1522 2782 fuerat,
1541 2748 1624 2774 cum
1650 2736 1782 2773 Cicero
1803 2734 1838 2769 in
1863 2730 2014 2768 exilium
2036 2732 2118 2769 iret.

1143 2791 1221 2839 Qui
1245 2790 1309 2828 nifi
1332 2789 1352 2829 a
1376 2789 1535 2840 partibus
1558 2786 1680 2825 Clodii
1708 2781 1876 2827 stetisset,
1905 2782 2058 2820 Clodius
2079 2782 2119 2820 id

1144 2842 1247 2891 quod
1279 2842 1509 2881 machinatus
1541 2840 1628 2883 fuit,
1657 2837 1799 2874 efficere
1826 2846 1904 2871 non
1933 2831 2118 2882 potuisset.

1145 2893 1296 2932 Deinde
1316 2896 1353 2933 ὅ(
1376 2891 1572 2944 proconsul
1593 2889 1717 2937 Syriae
1736 2887 1814 2925 fuit.
1855 2886 1969 2923 Geffit
1987 2892 2116 2921 autem

1143 2946 1179 2999 se
1198 2945 1297 2997 apud
1316 2945 1430 2997 SYros
1447 2946 1497 2985 ita
1508 2970 1522 2992 ‚
1541 2949 1581 2983 ut
1600 2940 1651 3030 illXi
1669 2938 1870 2987 Plurimum
1892 2937 1938 2979 de
1958 2947 2004 2974 ΕΟ
2024 2947 2117 2984 que-

1663 3002 1685 3030 x
1711 3001 1733 3028 2
1997 2997 2122 3026 reten-
