2516 3509
214 111 438 189 QUAE
480 112 802 186 CUIQUE
842 111 1305 172 MAGNIFICA
1345 110 1996 171 coNT1GERUNT.
2030 114 2134 188 785

122 222 273 256 autem
308 205 466 252 decem
514 204 631 251 sorte
674 205 834 253 ducitae
857 241 872 266 ,
928 206 974 247 48
1023 209 1079 255 de
1122 207 1383 256 sanffiffima
1426 208 1594 256 femina
1631 209 1860 273 judicium
1904 211 2130 276 facerent·‚

124 285 296 335 cunetis
328 283 530 330 castitate
564 281 759 345 praelata
793 283 869 329 est.

888 421 1362 469 EXTERNA.

188 556 409 602 Ceterum
445 554 549 616 quia
589 551 678 600 fine
712 553 801 600 ulla
833 555 1137 603 diminutione
1159 557 1398 602 Romanae
1420 552 1658 616 majestatis
1681 559 1725 590 49
1751 566 1904 601 extera
1934 573 2114 622 quoque

122 633 313 698 insignia
347 632 504 696 respici
539 631 746 694 possunt,
796 639 839 670 50
875 634 930 679 ad
965 650 1013 680 ea
1048 634 1439 699 transgrediamur.

1508 631 1795 694 Pythagorae
1830 645 1951 678 tanta
1984 648 2118 678 vene-

2226 580 2239 604 1
2253 597 2257 602 .

122 718 238 763 ratio
274 715 328 761 ab
364 713 645 761 auditoribus
682 714 851 761 tributa
884 715 973 776 est,
1009 731 1087 775 ut,
1119 732 1232 780 quae
1266 716 1320 762 ab
1355 731 1410 760 eo
1445 726 1737 776 acceperant,
1772 714 1819 758 in
1853 712 2290 778 disputatio-Aristoph-

124 811 227 842 nem
261 794 481 840 deducere
526 791 644 838 nefas
690 792 1010 840 existimarent.

1076 793 1209 854 Qin
1252 794 1388 840 etiam
1437 790 1706 854 interpellati
1751 790 1804 836 ad
1848 792 2113 839 reddendam
2131 762 2328 833 &igi-agn

2130 844 2159 873 in
2184 845 2259 874 vita.

124 876 345 935 caussam,
384 882 419 913 5¹
461 875 552 920 hoc
586 873 729 920 solum
765 874 1118 938 respondebant,
1155 874 1285 937 ipsum
1320 874 1478 933 dixiffie.
1530 880 1543 909 5
1555 878 1569 897 2
1596 872 1796 934 Magnus
1832 872 2004 929 hon035
2040 873 2303 925 sedJassin.xx.

118 951 271 999 schola
305 965 464 998 tenus:
512 951 586 997 illa
619 950 802 996 urbium
851 957 890 988 ⁵3
929 950 1149 1015 suffragiis
1184 951 1369 997 tributa.

119 1029 174 1075 ab
209 1045 264 1075 eo
301 1030 529 1092 petierunt
572 1038 619 1073 ut
661 1027 848 1084 senatum
892 1027 1103 1090 ipfhrum‚
1157 1029 1235 1091 qui
1279 1028 1402 1073 mille
1430 1025 1676 1073 'hominum
1713 1044 1902 1075 numero
1939 1031 2110 1077 consta·

120 1106 225 1166 bat,
261 1109 431 1173 confiliis
453 1105 547 1167 suis
579 1109 643 1152 uti
669 1117 898 1166 pateretur.
950 1105 1394 1171 Opulentisfimaque
1429 1107 1587 1153 civitas
1622 1120 1713 1153 tam
1748 1107 2004 1169 frequenter
2038 1128 2112 1157 vc-

125 1188 267 1234 nerati
313 1193 356 1224 54
391 1185 494 1250 post
529 1198 726 1232 mortem
761 1185 952 1232 domum
975 1219 990 1245 ,
1035 1186 1212 1232 Cereris
1234 1177 1482 1232 >sacrarium
1521 1186 1664 1233 fecit:
1726 1187 1762 1224 '55
1802 1202 2113 1254 quantumque

171 1405 229 1440 44.
257 1393 366 1428 Ser-vii
398 1389 582 1440 Parricidi]
623 1389 732 1427 Leid.
758 1399 881 1440 quart.
911 1393 1012 1429 Servi
1031 1394 1097 1429 Pa-

127 1447 235 1482 trocli.
263 1443 371 1480 Leid.
392 1442 476 1480 sext.
500 1443 545 1491 Q
565 1443 706 1478 servilii
724 1436 867 1480 Flaui!

178 1508 236 1543 45.
268 1496 396 1532 Veneris
419 1492 666 1541 Verticordiae]
692 1493 751 1529 De
769 1493 1016 1531 haC‘OvidiUS
1040 1505 1097 1531 1v.

130 1545 219 1583 Fast.
244 1545 414 1582 Lutatius
432 1543 476 1581 ad
496 1543 584 1581 illud
608 1544 712 1580 Statii
728 1543 821 1581 libro
839 1545 982 1593 quinto.
1015 1535 1085 1562 “⁷⁴

331 1603 375 1630 (J
396 1595 525 1630 Idalias
539 1596 652 1643 procul
669 1595 831 1646 ablegasse
849 1598 1007 1632 volucres.

131 1645 254 1683 fimilis
275 1645 529 1694 appellationis
550 1646 680 1682 Venus
705 1647 802 1693 apud
821 1647 985 1683 Graecos
1003 1646 1092 1689 fuit,

128 1697 189 1734 sed
211 1709 288 1733 non
308 1697 428 1734 similis
450 1696 654 1744 potestatis:
683 1707 768 1733 nam
782 1698 1019 1746 Ἀποςρρφίοω
1038 1696 1092 1733 di-

128 1755 272 1785 xerunt.
295 1747 340 1784 de
358 1759 430 1796 qua
450 1747 649 1783 Pausanias,
677 1746 870 1784 COLER.

174 1800 234 1846 46.
266 1801 400 1834 Mentes
429 1812 449 1833 a
473 1797 610 1833 libidine
636 1796 680 1833 ad
703 1796 902 1847 pudicitiam
928 1808 1095 1834 con-verte-

125 1847 258 1898 rentur]
292 1849 349 1886 Sic
382 1847 532 1886 dederat
553 1847 699 1895 Pighius
721 1875 730 1890 ,
765 1860 881 1897 quum
912 1847 1095 1897 legeretur

126 1909 231 1938 antea
245 1928 254 1944 ‚
284 1904 381 1935 Mens
400 1915 419 1934 a
441 1897 580 1935 libidine
601 1898 645 1933 ad
670 1898 867 1946 pudicitiam
892 1911 1096 1937 con-vertere-

124 1961 191 1987 tur.
219 1950 322 1999 quod
341 1962 458 1998 quum
480 1951 515 1987 in
536 1949 714 1986 tredecim
740 1950 846 1986 MSS.
871 1951 1068 1998 reperirem
1083 1978 1093 1994 ,

126 2002 214 2038 licet
242 2013 372 2048 parum
401 2000 562 2043 interfit,
592 2002 766 2037 revocavi
794 2006 933 2037 tamen.

2040 1267 2116 1313 illa

1150 1399 1286 1440 terpres
1314 1390 1498 1439 Aristoph.
1536 1390 1672 1428 Nubib.
1704 1391 1938 1430 CORRAD.
1980 1395 2113 1433 Latine

1150 1443 1286 1479 exstant
1312 1442 1404 1478 haec
1431 1441 1542 1479 verba
1561 1443 1665 1489 ipsum
1686 1440 1803 1489 dtxtffe
1823 1445 1931 1480 etiam
1953 1446 1989 1482 in
2008 1447 2112 1484 NlSS,

1148 1494 1298 1536 nostris,
1327 1492 1397 1530 Ed.
1419 1494 1527 1540 Mog.
1547 1493 1645 1529 Ven.
1674 1494 1711 1530 ὃ(
1730 1494 1888 1532 Mediol.
1913 1495 1971 1533 sed
1997 1497 2112 1534 Aldus

1148 1544 1296 1582 Ascens.
1323 1545 1360 1581 ὃ(
1382 1543 1512 1593 reliqui
1541 1543 1638 1583 uv'vo‘g
1664 1543 1742 1586 ἔφη.

1196 1607 1254 1643 52..
1281 1598 1437 1645 Magnm
1463 1596 1563 1631 honos
1581 1593 1642 1641 sed
1654 1594 1767 1642 schola
1786 1604 1901 1638 tenus,
1931 1594 2014 1643 illa}
2028 1597 2111 1633 Me-

1144 1645 1230 1683 diol.
1254 1649 1410 1697 Magnus
1429 1646 1528 1682 honos
1540 1645 1652 1692 schola
1671 1656 1765 1681 tenus
1781 1672 1790 1689 ‚
1818 1646 1879 1692 fid
1894 1647 1973 1683 illa.
2004 1646 2109 1684 Prae-

1142 1695 1208 1732 stat
1227 1695 1382 1732 alterum
1398 1723 1408 1739 ‚
1426 1697 1463 1734 δε
1482 1696 1595 1744 longe
1613 1695 1764 1745 quidem
1777 1724 1788 1740 ,
1817 1695 1980 1734 firmatur
2000 1698 2110 1735 etiam

1144 1745 1253 1782 MSS.
1280 1745 1511 1784 auctoritate.

1197 1809 1256 1846 53.
1290 1795 1472 1847 Suffiagiis
1500 1795 1628 1833 tributa
1656 1794 1719 1844 est]
1772 1797 1878 1835 MSS.
1911 1797 2111 1838 duodecim

1122 1851 1233 1884 'cum
1255 1846 1346 1884 Edd.
1375 1849 1483 1896 Mog.
1512 1848 1610 1884 Ven.
1638 1846 1794 1884 Mediol.
1822 1849 1965 1886 Ascens.
1988 1850 2110 1888 delen-

1147 1897 1236 1935 dum
1267 1897 1420 1936 verbum
1451 1897 1732 1942 substantivum,
1762 1898 1865 1948 quod
1894 1900 2029 1947 primus
2049 1901 2109 1940 ad-

1147 1948 1290 1987 diderat
1317 1949 1457 1992 Aldus,
1486 1948 1702 1986 admonent.

1197 2013 1253 2048 54.
1282 2003 1358 2047 Post
1384 2011 1518 2036 mortem
1535 1999 1664 2036 domum
1684 2003 1755 2043 eius
1775 2001 1902 2036 Cereris
1923 2004 2108 2048 sacrarium

175 2063 234 2098 47.
264 2055 314 2086 Ex
342 2062 468 2086 centum
489 2061 599 2086 autem
623 2050 726 2085 decem
742 2055 833 2096 sorte
850 2050 985 2100 duHae]
1017 2052 1091 2089 Co-
1136 2052 1308 2096 fecerunt5
1336 2065 1478 2100 namque
1492 2052 1557 2087 illa
1573 2050 1650 2086 urbs
1668 2050 1798 2102 viguit]
1829 2051 1870 2088 In
1893 2052 2109 2091 Atrebatem-

127 2103 198 2152 pes.
227 2101 324 2138 delet
342 2100 579 2138 autem.Barb.
601 2101 708 2148 prim.
729 2101 823 2138 haec
842 2102 928 2142 tria,
959 2117 1000 2137 ex
1021 2116 1092 2139 cen-

125 2166 196 2191 tum
224 2164 348 2190 autem.

177 2204 236 2250 48.
272 2206 330 2238 De
347 2201 556 2250 ‘sanfflffima
584 2200 731 2250 femina]
782 2201 839 2238 Sic
868 2201 986 2239 solent
1011 2214 1090 2240 mu-

125 2255 231 2292 lieres
258 2257 362 2300 castas
394 2253 518 2290 Latini
545 2254 684 2296 sanc‘ias
721 2252 877 2289 dicere.-
902 2252 1002 2291 Vide
1034 2253 1090 2290 CI.

128 2306 301 2343 Burman.
327 2302 371 2340 ad
391 2302 529 2340 Phaed.
555 2303 600 2338 L.
626 2315 687 2339 111.
718 2316 773 2341 10.
801 2315 860 2352 30.

178 2358 399 2403 Santsiamque
425 2367 558 2390 uxorem
583 2352 794 2389 dormientem
817 2353 972 2391 cubiculo.

177 2419 236 2453 49.
267 2408 393 2442 Extera
421 2419 551 2454 quoque
580 2404 743 2454 insignia]
780 2404 838 2441 Sic
858 2405 1023 2452 PighiuS,
1052 2406 1091 2443 &

78 2480 81 2483 ·
130 2458 294 2507 plerique
313 2455 418 2493 MSS.
442 2467 527 2492 cum
548 2454 616 2491 Ed.
647 2457 754 2503 Mog.
784 2465 926 2492 ceterae
953 2467 1090 2493 externa

128 2509 231 2558 quod
261 2507 307 2544 est
335 2507 370 2543 in
402 2506 469 2544 Bit.
502 2507 539 2544 ὃς
560 2506 666 2544 Leid.
693 2507 845 2555 primis,
876 2514 916 2544 ut
938 2507 1031 2545 &in
1051 2520 1090 2545 u-

127 2569 262 2608 troque
282 2557 379 2595 Uitr.

178 2624 236 2659 50,
281 2608 353 2650 esni
390 2621 426 2643 ea
459 2606 762 2658 transgrediamur]
809 2608 917 2646 MSS.
960 2609 1090 2647 decem

129 2674 215 2699 cum
245 2659 316 2702 Ed,
340 2660 445 2706 Mog.
472 2657 776 2708 Transgrediemur.
810 2660 958 2697 Deinde
985 2661 1092 2698 Paris.

127 2721 209 2751 tert.
234 2709 340 2747 Leid.
362 2710 477 2757 quint.
512 2710 550 2746 δέ
581 2710 677 2758 Cop.
703 2709 747 2747 ad
776 2710 975 2748 reddendum
1001 2715 1092 2761 caus-

119 2768 210 2814 sam.
236 2761 303 2797 Bit.
326 2760 432 2808 prim.
466 2759 543 2795 baec
570 2761 651 2799 sola,

181 2827 238 2862 51.
264 2814 335 2846 Hoc
356 2812 464 2856 solum
492 2810 754 2857 respondebant,
785 2811 873 2852 αυἜς
901 2811 981 2860 ἔφη]
1009 2814 1090 2851 Ma-

128 2863 300 2910 nuscripti
325 2861 403 2898 libri
434 2861 575 2898 Graeca
601 2861 711 2898 verba
739 2873 817 2898 non
847 2862 1004 2907 habent,
1030 2864 1092 2902 sed

129 2916 264 2954 Latine
292 2912 453 2961 produnt
482 2911 529 2948 ita
549 2939 558 2955 ,
598 2914 673 2948 Hoc
704 2914 812 2960 solum
837 2913 1093 2962 respondebant,

129 2969 240 3016 Ipsum
278 2963 408 3010 dixtffe.
462 2962 516 2999 Ea
555 2962 665 3000 verba
701 2963 927 3002 Graeciffans
964 2966 1094 3004 sciolus

1144 2100 1171 2137 fi
1190 2102 1228 2138 &
1241 2102 1525 2146 Winchelian0‚
1546 2101 1714 2152 aliisque,
1737 2104 1811 2149 Post
1829 2114 1961 2139 mortem
1979 2104 2108 2142 domum

1145 2153 1272 2189 Cereris
1298 2155 1486 2199 fhcraerium
1517 2154 1596 2197 fecit
1618 2180 1628 2197 ,
1671 2165 1898 2203 quantumque
1933 2156 1997 2190 illa
2033 2157 2109 2193 urbs

1141 2203 1265 2253 viguit.
1289 2204 1428 2242 PIGH.
1451 2203 1767 2253 Opulenttffimaque
1793 2205 1917 2240 civitas
1942 2216 2010 2242 tam
2034 2210 2105 2252 fre-

1140 2265 1278 2303 quenter
1306 2256 1456 2291 ‘venerati
1478 2257 1549 2301 post
1580 2265 1715 2290 mortem
1748 2256 1876 2290 domum
1903 2259 2028 2293 Cereris
2047 2260 2106 2304 fit-

1142 2307 1283 2341 crarium
1300 2308 1395 2350 fecit.
1447 2304 1505 2341 Sic
1525 2304 1670 2352 Pighius
1696 2304 1809 2344 edidit
1836 2318 1880 2343 ex
1904 2307 2006 2344 MSS.
2037 2310 2103 2345 Al-

1142 2353 1208 2392 dus
1240 2355 1421 2397 ediderat,
1445 2358 1528 2391 Tam
1550 2358 1744 2406 frequenter
1761 2360 1912 2393 venerati
1927 2362 1998 2407 post
2018 2374 2101 2395 mor-

1141 2416 1206 2441 tem
1232 2405 1362 2442 domum
1389 2412 1458 2451 ejus
1480 2409 1606 2442 Cereris
1626 2409 1814 2455 sacrarium
1833 2411 1990 2454 fererant.
2009 2410 2099 2446 Ver-

1142 2456 1230 2494 bum
1280 2457 1423 2507 pluralis
1468 2469 1571 2494 num.
1619 2458 1829 2506 profectum
1878 2458 2018 2495 videtur
2056 2459 2099 2496 ab

1141 2508 1207 2550 iis,
1230 2509 1294 2557 qui
1324 2517 1493 2557 putarent
1515 2511 1665 2545 venerati
1686 2509 1814 2547 itidem
1835 2509 1975 2556 pluralis
1994 2521 2097 2547 num.

1143 2556 1225 2595 effe.
1279 2559 1399 2597 Iidem
1438 2561 1476 2597 &
1513 2571 1725 2608 pronomen
1763 2564 1831 2600 eins
1876 2557 2097 2605 adjecerunt.

1143 2611 1180 2646 A
1209 2609 1316 2648 codd.
1353 2610 1530 2648 Brandeb.
1564 2616 1634 2657 ejus
1656 2611 1781 2648 itidem
1813 2608 1916 2644 abest.
1944 2611 1995 2645 At
2023 2609 2097 2647 hoc

1143 2660 1336 2709 repudiato
1360 2661 1441 2700 satis
1469 2671 1640 2711 apparet,
1671 2661 1820 2697 venerati
1846 2658 1941 2694 casus
1971 2660 2098 2698 secun—

1144 2710 1180 2749 di
1209 2711 1393 2761 singularis
1424 2714 1568 2751 numeri
1597 2711 1694 2754 effe;
1731 2719 1769 2747 ut
1795 2709 2028 2747 referendum
2055 2711 2097 2750 fit

1143 2762 1188 2800 ad
1218 2763 1480 2813 Pythagoram.
1534 2764 1665 2811 Neque
1704 2771 1845 2796 novum
1884 2760 1931 2796 est
1969 2761 2096 2800 talium

1141 2813 1341 2852 verborum
1368 2815 1552 2864 participia
1579 2812 1752 2859 temporis
1770 2811 1971 2858 praeteriti,
1994 2812 2100 2860 figni-

1144 2863 1359 2904 ficationem
1389 2866 1559 2914 paffivam
1591 2862 1733 2898 habere.
1768 2862 1961 2899 VORST.
2014 2867 2096 2911 Ejus

1145 2925 1360 2965 expungunt
1384 2916 1490 2954 MSS.
1523 2914 1582 2951 sed
1610 2915 1755 2957 feu-erunt
1783 2912 1988 2949 constanter
2015 2916 2098 2950 reti-

1145 2974 1249 3012 nent,
1275 2976 1417 3016 praeter
1445 2966 1574 3014 Copes.
1605 2975 1670 3010 pro
1700 2966 1909 3013 frequenter,
1939 2972 2098 3012 quatuor

129 3020 329 3057 immutare
350 3013 480 3053 voluit.
502 3013 644 3052 PIGH.
673 3013 773 3055 αυίδς
801 3014 874 3065 ’ἔφα
895 3016 1014 3055 scribit
1039 3018 1094 3055 in·
1138 3019 1346 3069 frequentem
1379 3019 1526 3057 habent.
1570 3014 1639 3051 Sed
1668 3013 1765 3050 reae
1792 3014 1921 3051 domum
1941 3017 2096 3063 frequen-

1559 3066 1658 3113 Ggg
1693 3075 1748 3113 gg
2052 3077 2101 3102 rer

2173 926 2310 968 Quintil.

1437 951 1592 996 Enixo
1628 948 1926 997 Crotoniatae
1968 940 2326 1000 studi021,Aeiian.

2134 1020 2177 1042 1v.
2205 1021 2252 1046 172
