2516 3509
287 63 407 121 DE
446 63 940 131 GRAVITER
980 69 1311 133 DICT‘IS
1351 77 1548 138 AUT
1586 25 1955 145 FACiIS..
2028 104 2134 164 571

123 166 333 213 monium
369 175 411 206 43
451 184 558 216 cum
593 168 738 217 decies
772 186 958 222 centum
993 177 1194 226 millibus
1229 178 1450 231 talentum
1485 182 1761 246 pollicente,
1797 202 1904 235 cum
1939 190 2122 240 Parme-

124 247 234 292 nion
267 246 474 308 dixisset,
511 251 598 308 Se,
628 255 672 313 st
706 255 947 302 Alexander
981 259 1074 318 estet
1094 291 1110 316 ,
1157 264 1202 305 44
1236 258 1404 319 ufitrum
1438 263 1660 310 conditione
1689 281 1705 310 .·

1748 267 1978 330 respondit
2001 287 2012 316 :
2059 271 2123 315 Et

115 340 185 386 ego
219 335 353 372 uterer
376 359 391 384 ‚
427 331 471 387 st
505 329 764 377 Parmenion
796 333 930 391 efflm.
993 335 1186 401 Vocemx
1209 335 1382 383 duabus
1415 336 1624 386 victoriis»
1648 341 2019 406 respondentem,
2052 346 2121 393 di·

123 421 352 470 gnamque
385 409 462 455 cui
496 410 652 469 tertia,
688 410 804 458 ficut
837 415 1018 474 evenit,
1053 416 1345 463 tribueretur.

190 491 230 522 45
277 485 433 548 Atque
480 487 589 534 haec
625 489 810 551 quidem
859 492 995 538 animi
1029 493 1265 556 magnifici
1301 492 1349 538 ὃς
1384 491 1585 556 prosperi
1633 495 1802 546 status:
1851 500 1926 547 illa
1968 519 2077 550 vero
2101 539 2116 563 ‚

123 576 216 627 qua·
244 561 389 626 legati
414 563 884 613 Lacedaemoniorum
919 569 1039 633 apud
1070 584 1242 633 patrem
1277 573 1372 635 ejus
1395 569 1441 610 ⁴1⁶

117 639 432 687 conditionem
469 642 616 689 testati
650 643 779 704 sunt,
819 653 858 684 ⁴7
886 646 1155 710 gloriosior,
1190 666 1325 712 quam
1360 649 1620 713 optabilior.
1671 654 2037 704 Intolerabilibus
2073 675 2118 706 e-

57 762 64 765 ,
122 716 218 761 nim
263 718 474 765 oneribus
514 720 749 768 civitatem
789 737 949 769 eorum
996 724 1249 787 implicanti
1273 759 1289 783 ‚
1332 731 1393 787 st.
1420 728 1522 788 quid
1550 737 1679 774 morte
1706 732 1888 790 gravius
1921 735 2121 793 imperare

114 793 433 856 perseveraret,
467 809 640 843 mortem
663 798 713 860 se
738 803 1030 859 praelaturos,
1066 800 1406 865 responderunt.
1649 790 1658 803 Ι

112 860 115 861 ⁷
187 871 297 917 Nec
346 889 502 935 parum
562 890 699 936 grave
743 877 948 939 Spartani
995 877 1224 942 cujusdam
1282 878 1471 926 dietum.
1531 880 1749 943 siquidem
1794 884 2031 934 nobilitate
2072 889 2120 936 ὃς

119 942 351 993 sanetitate:
386 948 604 1010 praestans
627 984 643 1009 a
690 950 738 996 δε
773 952 818 996 in
854 954 1078 1014 petitione
1112 952 1396 1017 magistratus
1428 956 1610 1016 vietus,
1671 963 1878 1007 maximae
1905 967 1993 1024 fibi
2036 970 2111 1014 lae-

115 1027 237 1070 titia-e
270 1025 343 1083 eff&
378 1024 683 1087 praedicavit,
718 1021 765 1062 43
786 1028 895 1093 quod
922 1031 1078 1090 aliquos
1104 1031 1253 1088 patria
1277 1028 1364 1090 sats-z
1387 1030 1435 1092 se
1468 1033 1648 1077 meliores
1669 1035 1783 1079 viros
1807 1035 2116 1101 haberet.Q10

120 1097 322 1144 sermone
352 1099 570 1162 repulsam
605 1099 770 1145 honori
804 1100 1081 1165 adaequavit.

114 1228 285 1276 exstingui
304 1240 405 1276 quam
427 1227 516 1274 Lisia
535 1228 559 1264 ιῖ.
587 1241 616 1264 e.
644 1229 710 1264 tali
728 1227 878 1275 beneficio
906 1230 1016 1275 Lifiae
1036 1232 1095 1278 sto·

113 1280 255 1325 percſje,
285 1286 329 1313 07¹
349 1280 476 1313 vivere.
531 1278 610 1324 Nifi
624 1280 715 1322 forte
743 1281 852 1324 Lifias
878 1280 1097 1327 indeclinabi-

118 1329 150 1362 le
184 1330 235 1369 est.
293 1327 454 1376 Thyfius
491 1328 656 1376 explicat.
720 1329 855 1367 Maluit
889 1332 988 1368 mori
1016 1340 1097 1369 tan-

116 1389 234 1426 quam
263 1378 455 1422 Socrates,
480 1391 593 1427 quam
620 1380 772 1423 vivere,
798 1387 993 1430 tamquam
1014 1383 1094 1431 Ly-

119 1427 196 1465 fias.
223 1429 325 1477 quod
344 1429 494 1477 peffime
514 1430 653 1466 factum
676 1430 828 1468 notabat
849 1431 1094 1470 Gudius.Ve-

119 1489 204 1516 rum
236 1490 278 1516 ea
311 1491 389 1516 non
412 1488 488 1516 tam
506 1479 639 1527 Thyfii
658 1488 748 1518 nota
768 1481 840 1525 est,
874 1494 987 1532 quam
1010 1483 1090 1521 Oli-

119 1530 240 1572 vetii,
272 1530 368 1566 unde
391 1541 473 1566 eam
500 1529 679 1578 descripsit
699 1530 882 1579 Thyfius‚
909 1541 948 1570 ut
968 1534 1089 1571 infini-

117 1585 170 1616 tas
202 1580 284 1616 alias
313 1580 600 1627 explicationes,
629 1581 758 1629 quibus
778 1593 921 1620 nomen
942 1583 1084 1622 nullum

114 1628 276 1677 subjecit.
332 1630 516 1678 Significat
550 1643 641 1668 vero
681 1631 821 1669 auc‘tor.
875 1634 972 1671 Eum
1006 1646 1086 1672 ma-

113 1678 217 1716 luiffe
240 1681 338 1717 mori
359 1690 399 1719 ut
415 1681 536 1717 virum
559 1681 857 1729 sapientiffimum
872 1712 882 1728 ‚
912 1684 975 1733 qui
996 1696 1082 1722 mo-

111 1729 142 1765 ri
168 1730 315 1773 mallet,
343 1742 455 1779 quam
481 1730 685 1780 quidquam
714 1733 850 1771 virtute
877 1736 915 1773 &
942 1734 1083 1782 sapien-

109 1779 160 1816 tia
185 1780 246 1818 sua
275 1781 470 1828 indignum
499 1783 762 1825 committere,
791 1785 894 1834 quod
924 1785 1084 1824 faeturus

111 1829 305 1868 videbatur
332 1831 416 1876 fibi,
443 1830 468 1868 fi
489 1833 700 1870 orationem
723 1847 742 1872 a
761 1835 870 1883 Lyfia
896 1837 1084 1884 composi-

110 1887 189 1918 tam
208 1880 406 1930 perorasset
419 1907 429 1924 ,
450 1890 489 1919 ut
510 1883 747 1933 eloquentiae
771 1887 807 1922 vi
827 1897 871 1922 ac
889 1886 1082 1926 lenociniis

110 1929 176 1968 fibi
204 1933 320 1969 vitam
348 1934 588 1981 impetraret,
635 1936 674 1972 &
706 1935 888 1974 absolutus
926 1949 946 1974 e
980 1938 1082 1986 judi-

107 1981 169 2017 cio
219 1982 333 2019 abiret
364 2011 375 2027 ,
428 1983 466 2019 ὃς
503 1983 550 2020 fic
597 1994 674 2022 arte
718 1987 854 2034 Lyfiae
903 1988 1047 2023 viveret
1071 2012 1080 2027 ‚

108 2032 170 2069 seu
190 2033 333 2069 viveret
348 2060 358 2075 ,
385 2039 426 2069 ut
450 2033 576 2081 Lyfias
598 2036 635 2072 in
656 2036 719 2072 tali
740 2037 821 2072 casu
842 2035 995 2072 vixisset.
1026 2037 1080 2073 Si-

109 2081 199 2119 mile
226 2083 275 2120 est
298 2082 386 2120 illud
414 2082 616 2122 Alexandri
639 2099 647 2122 :
693 2085 799 2135 quod
827 2097 918 2122 mox
958 2086 1075 2136 sequi-

108 2140 180 2170 tur.

156 2195 215 2230 42.
242 2186 379 2220 Partem
399 2185 495 2234 regni
508 2186 617 2221 Tauro
636 2196 731 2222 tenus
752 2183 876 2233 monte]
908 2186 993 2223 Imo
1021 2188 1080 2224 of-

107 2233 250 2271 ferebat
274 2245 357 2271 cum
381 2233 450 2271 filia
470 2235 651 2284 quidquid
675 2237 769 2273 inter
792 2237 1078 2285 Hellespontum

111 2286 150 2322 ὃ(
173 2285 400 2333 Euphratem
426 2286 485 2322 est.
513 2286 617 2322 Curt.
632 2286 676 2322 L.
692 2299 749 2323 1v.
765 2287 1073 2326 11.6.&A1·rian.

64 2361 65 2364 =
107 2335 157 2373 L.
183 2347 227 2372 11.
256 2347 314 2384 25.
341 2335 401 2372 sed
423 2334 569 2373 fortaffe
595 2336 644 2373 ita
670 2335 825 2383 scripsit,
845 2339 929 2385 quia
949 2339 1073 2386 postea

107 2396 152 2423 ea
178 2394 280 2433 parte
308 2386 409 2434 regni
435 2387 643 2424 Antiochus
673 2386 846 2429 multatus
874 2389 921 2425 est
951 2401 970 2426 a
994 2391 1072 2427 Ro-

104 2437 235 2473 manis.
262 2437 364 2485 quod
394 2436 542 2474 videtur
566 2437 759 2485 suspicatus
788 2435 891 2474 fuisse
922 2439 1070 2477 Perizo-

102 2487 185 2523 nius
202 2486 275 2524 hoc
295 2486 507 2525 adscribens.

151 2549 211 2586 43.
239 2540 322 2573 Cum
348 2537 451 2574 decies
475 2549 601 2575 centum
631 2537 799 2587 millibus]
830 2538 984 2577 Summa
1004 2552 1068 2588 pe-

102 2588 287 2632 cuniaria,
322 2600 434 2636 quam
463 2589 598 2628 Darius
624 2588 836 2627 Alexandro
864 2591 1067 2637 promififfe

103 2638 257 2682 dicitur,
284 2637 432 2676 barbare
450 2640 505 2677 his
526 2640 643 2678 verbis
661 2640 737 2677 fere
764 2641 802 2678 in
822 2640 976 2689 vulgatis
1003 2654 1067 2681 co-

81 2688 240 2726 *dicibus
258 2689 410 2736 legitur,
435 2704 505 2726 cum
522 2690 625 2727 decies
639 2703 765 2728 centum
785 2692 935 2728 millibus
955 2695 1066 2732 talen-

103 2738 189 2777 tam.
255 2739 355 2776 Cum
389 2739 588 2787 legendum
626 2741 689 2784 fit,
719 2755 790 2777 cum
819 2741 923 2779 decem
953 2746 1065 2781 milli-

101 2789 164 2827 bus
191 2787 368 2827 talemvim.
403 2790 440 2826 id
457 2791 561 2840 quod
581 2803 625 2828 ex
651 2791 835 2830 Plutarchi
863 2794 1064 2842 apophthe-

101 2842 235 2889 gmatis
254 2852 296 2878 ac
318 2840 393 2877 aliis
413 2841 626 2879 authoribus
648 2841 789 2892 liquere
806 2844 942 2892 potest:
960 2843 1064 2884 fieret

103 2892 205 2929 enim
233 2891 343 2928 nimis
367 2902 501 2940 magna
519 2893 673 2930 summa.
725 2894 768 2930 In
789 2894 874 2939 Just.
901 2894 984 2933 Lib.
1003 2909 1063 2936 τη.

98 2953 167 2991 pro
195 2942 346 2992 captivis
373 2943 517 2993 triginta
546 2944 658 2982 millia
680 2941 869 2990 talentdm,
898 2944 1064 2988 obtulisse

1145 1230 1289 1270 dicitur.
1318 1233 1356 1270 in
1378 1233 1554 1272 Diodoro
1575 1235 1642 1272 tria
1662 1236 1772 1272 millia
1786 1264 1796 1280 ‚
1828 1240 1931 1288 quod
1948 1244 2113 1282 maxime

1147 1282 1196 1319 est
1215 1283 1410 1321 verisimile
1424 1313 1433 1328 ‚
1461 1285 1498 1322 in
1511 1286 1642 1323 Curtio
1664 1287 1775 1323 etiam
1792 1299 1926 1337 3oooo.
1951 1293 2115 1340 produn-

1142 1340 1205 1369 tur
1231 1342 1271 1371 ut
1299 1335 1335 1371 in
1368 1335 1537 1381 Justino3
1587 1335 1647 1373 sed
1676 1336 1886 1385 adjedtione
1913 1344 1988 1379 auri
2009 1346 2113 1393 quod

1147 1383 1195 1420 est
1217 1384 1440 1423 incredibile.
1485 1386 1673 1433 Judicium
1695 1399 1803 1435 penes
1821 1388 1999 1432 leftorem
2023 1396 2108 1434 esto.

1145 1433 1416 1473 GLAREAN.
1448 1440 1530 1473 Cum
1558 1436 1663 1473 decies
1691 1449 1817 1473 centnm
1837 1441 1983 1478 millibus
2004 1447 2114 1482 talen-

1141 1482 1227 1522 tfam.
1263 1487 1420 1524 Vari-ant
1447 1487 1638 1535 scriptores
1674 1487 1712 1524 in
1740 1491 1918 1536 pecuniae
1945 1493 2114 1541 summa,

1141 1534 1256 1572 Diod.
1284 1537 1353 1574 Sic.
1386 1539 1467 1574 Tria
1488 1539 1612 1574 millia.
1653 1538 1748 1576 Plut.
1776 1540 1813 1576 ἓξ
1839 1541 1983 1579 ArrIan.
2009 1543 2112 1583 decem

1136 1586 1258 1625 millia.
1281 1588 1384 1625 Curt.
1411 1590 1568 1637 Triginta
1589 1590 1701 1624 millia
1722 1591 1923 1628 talentorum
1941 1593 2108 1634 scribunt.

1135 1635 1245 1672 Haec
1275 1646 1374 1674 certe
1403 1638 1573 1682 summa,
1600 1651 1714 1688 quam
1743 1640 1863 1678 noster
1892 1643 2021 1681 annor
2043 1658 2107 1684 ex-

1134 1684 1237 1722 hibet
1277 1699 1434 1724 omnem
1475 1689 1622 1726 excedit
1661 1689 1832 1728 modum.
1903 1694 2030 1741 Quare
2065 1706 2105 1735 ut

1136 1735 1339 1774 Glareanus
1366 1739 1417 1774 ita
1437 1739 1474 1775 δε
1493 1740 1704 1777 Loccenius
1731 1739 1873 1778 dudum
1896 1746 2038 1790 putavit
2066 1747 2104 1784 τὲ

1132 1796 1259 1823 centum
1281 1788 1474 1825 abundare.
1529 1789 1628 1826 Vide
1645 1798 1751 1828 notas
1774 1792 1850 1839 ejus
1867 1793 1912 1830 ad
1934 1794 2036 1832 Curt.
2056 1797 2102 1835 L.

1138 1849 1194 1873 1v.
1225 1850 1281 1876 11.
1309 1840 1343 1876 6.
1369 1839 1539 1877 Perizon.
1561 1840 1668 1888 jubet
1697 1842 1809 1880 etiam
1837 1843 1962 1882 videre
1983 1846 2101 1885 Uffer.

1133 1888 1235 1926 Ann.
1265 1901 1299 1937 p.
1331 1890 1411 1928 166.
1440 1892 1477 1926 ὃς
1500 1903 1580 1937 172.

1185 1950 1243 1984 44.
1269 1943 1409 1988 Usnrum
1439 1940 1644 1990 conditione]
1669 1941 1776 1979 MSS.
1807 1943 1909 1982 O<sto
1938 1953 1979 1983 ut
2008 1949 2102 1986 anti*-

1133 1988 1255 2034 quitus
1278 1990 1464 2028 edebatur.
1490 1995 1632 2040 Usurum
1653 2006 1692 2028 ea
1712 1992 1905 2032 conditione.

1181 2050 1244 2085 45.
1271 2048 1405 2090 vitque
1423 2041 1500 2078 haec
1519 2041 1687 2092 quidem]
1706 2043 1840 2092 Copes.
1867 2048 1936 2085 «At
1956 2055 2002 2082 <9⁹
2023 2048 2098 2086 hae:

1131 2088 1275 2145 widem.
1322 2092 1492 2142 Aliquot.
1533 2097 1578 2130 Et
1596 2095 1701 2129 animi
1723 2096 1891 2145 magnifici
1911 2105 1956 2132 (φ
1974 2102 2103 2150 prospe-

1130 2151 1160 2173 νι
1171 2141 1297 2185 status.

1181 2191 1238 2236 46.
1266 2193 1434 2239 Miseram
1458 2197 1615 2235 fortunae
1631 2195 1716 2240 fime
1741 2195 1962 2233 conditionem
1989 2200 2103 2246 testati

1123 2240 1225 2289 sunt]
1265 2242 1477 2289 Elegantius
1507 2245 1544 2281 ὅ(
1576 2244 1696 2280 verius
1724 2245 1804 2283 MS.
1841 2258 1908 2294 pro
1941 2251 2099 2293 fortunae

1125 2288 1263 2328 habent
1285 2291 1511 2337 fortitudinis.
1546 2305 1676 2331 revera
1705 2304 1781 2333 erat
1809 2300 1928 2345 mtsera
1956 2299 2096 2336 conditio

1118 2340 1333 2384 fortitudinis
1347 2371 1358 2387 ,
1380 2343 1429 2380 ita
1451 2344 1668 2381 fortitudine
1686 2345 1746 2383 sua
1770 2348 1832 2384 uti.
1853 2349 2095 2386 PERIZON.

1124 2391 1348 2429 Fortitudinis
1368 2393 1505 2430 habent
1520 2395 1633 2433 etiam
1654 2407 1797 2434 novem
1819 2398 1877 2436 alii
1889 2400 1991 2436 MSS.
2007 2411 2091 2436 cum

1124 2440 1292 2480 editione
1313 2444 1554 2491 Moguntina.

1171 2504 1230 2539 47.
1260 2495 1453 2542 Generofior
1474 2524 1484 2538 ‚
1526 2509 1627 2545 quam
1654 2497 1848 2547 optabilior]
1892 2498 1926 2536 A
1955 2498 2083 2544 Pighio

1120 2541 1194 2579 hoc
1214 2543 1272 2581 est.
1327 2546 1473 2583 Omnes
1502 2554 1587 2584 ante
1610 2547 1726 2596 ipsum
1747 2549 1833 2585 editi
1862 2548 2082 2595 praeferunt.

1120 2594 1302 2642 Gloriofior
1320 2609 1421 2645 quam
1440 2596 1631 2644 optabilior.
1683 2598 1799 2646 Quod
1824 2598 1859 2633 in
1882 2596 2081 2636 duodecim

1116 2643 1271 2684 invenio
1300 2647 1408 2685 MSS.
1442 2648 1610 2686 Perizon.
1647 2647 1832 2694 adscripfit.
1885 2647 1943 2683 Sic
1968 2648 2079 2696 paulo

1116 2703 1213 2734 ante.
1257 2698 1361 2734 Illam
1376 2712 1485 2734 ‘vocem
1511 2698 1665 2745 nobilitfr
1684 2696 1797 2733 edidit.
1825 2697 1927 2734 item.
1980 2699 2080 2736 Vide

1114 2745 1208 2783 Plut.
1233 2748 1402 2797 Apopht.
1432 2750 1520 2786 Lac.
1548 2761 1583 2797 p.
1612 2759 1691 2793 140.
1723 2745 1781 2783 ubi
1810 2746 1881 2784 tale
1908 2748 1996 2797 quid
2023 2761 2079 2787 re—

1113 2796 1339 2846 sponderunt
1356 2801 1563 2849 Antipatro,
1836 2846 1843 2852 ἱ

1163 2848 1224 2894 48.
1258 2850 1361 2900 Quod
1388 2852 1519 2900 aliquos
1543 2848 1657 2898 patria
1677 2844 1759 2895 sua]
1810 2845 1867 2883 Sic
1894 2846 1992 2884 re<stc
2019 2847 2079 2885 Pi-

1113 2898 1219 2945 ghius
1247 2911 1292 2937 ex
1321 2902 1538 2940 auetoritate
1567 2898 1673 2935 MSS.
1701 2899 1739 2935 δε
1762 2897 2076 2935 vetustissimarum

1113 2948 1211 2989 Edd.
1235 2951 1352 2992 Aldus
1369 2953 1408 2992 &
1419 2963 1504 2991 eum
1523 2949 1654 2992 secuti,
1675 2947 1841 2999 ,Aliquot
1853 2975 1864 2994 ,
1878 2948 2075 2987 ediderant.

1498 3015 1531 3054 C
1542 3026 1561 3054 c
1572 3025 1593 3053 c
1634 3025 1655 3052 c
1690 3027 1711 3052 2
1990 3014 2024 3051 C
2035 3026 2076 3051 a·

1469 573 1671 621 miseram
1708 575 1987 624 fortitudinis
2019 580 2116 627 suae
2130 552 2242 631 {nixib
2266 559 2296 583 Β

2134 927 2215 959 Plut.
2245 908 2292 961 λ-

2136 970 2232 1011 perh--
