<?xml version="1.0" encoding="UTF-8"?>
<!DOCTYPE html PUBLIC "-//W3C//DTD XHTML 1.0 Transitional//EN"
    "http://www.w3.org/TR/xhtml1/DTD/xhtml1-transitional.dtd">
<html xmlns="http://www.w3.org/1999/xhtml" xml:lang="en" lang="en">
 <head>
  <title>
</title>
<meta http-equiv="Content-Type" content="text/html;charset=utf-8" />
  <meta name='ocr-system' content='tesseract 3.04.00' />
  <meta name='ocr-capabilities' content='ocr_page ocr_carea ocr_par ocr_line ocrx_word'/>
</head>
<body>
  <div class='ocr_page' id='page_1' title='image "./librinovemfactor00valeuoft_0725.png"; bbox 0 0 2516 3509; ppageno 0'>
   <div class='ocr_carea' id='block_1_1' title="bbox 489 84 667 145">
    <p class='ocr_par' dir='ltr' id='par_1_1' title="bbox 489 84 667 145">
     <span class='ocr_line' id='line_1_1' title="bbox 489 84 667 145; baseline 0 -4"><span class='ocrx_word' id='word_1_1' title='bbox 489 84 667 145; x_wconf 86' lang='lat' dir='ltr'><strong>DE</strong></span> 
     </span>
    </p>
   </div>
   <div class='ocr_carea' id='block_1_2' title="bbox 829 89 1716 158">
    <p class='ocr_par' dir='ltr' id='par_1_2' title="bbox 829 89 1716 158">
     <span class='ocr_line' id='line_1_2' title="bbox 829 89 1716 158; baseline 0.017 -15"><span class='ocrx_word' id='word_1_2' title='bbox 829 89 1716 158; x_wconf 87' lang='lat' dir='ltr'>REPULSIS.</span> 
     </span>
    </p>
   </div>
   <div class='ocr_carea' id='block_1_3' title="bbox 86 182 2284 292">
    <p class='ocr_par' dir='ltr' id='par_1_3' title="bbox 86 182 2284 292">
     <span class='ocr_line' id='line_1_3' title="bbox 86 182 2284 292; baseline 0.011 -54"><span class='ocrx_word' id='word_1_3' title='bbox 86 186 284 256; x_wconf 83' lang='lat' dir='ltr'><strong>populus</strong></span> <span class='ocrx_word' id='word_1_4' title='bbox 317 182 601 234; x_wconf 88' lang='lat' dir='ltr'><strong>consulatum</strong></span> <span class='ocrx_word' id='word_1_5' title='bbox 633 201 797 251; x_wconf 78' lang='lat' dir='ltr'><strong>negare</strong></span> <span class='ocrx_word' id='word_1_6' title='bbox 831 191 1014 254; x_wconf 80' lang='lat' dir='ltr'><strong>potuit,</strong></span> <span class='ocrx_word' id='word_1_7' title='bbox 1070 200 1113 221; x_wconf 81' lang='lat'><strong>²2</strong></span> <span class='ocrx_word' id='word_1_8' title='bbox 1151 195 1227 242; x_wconf 89' lang='lat' dir='ltr'><strong>cui</strong></span> <span class='ocrx_word' id='word_1_9' title='bbox 1262 213 1375 245; x_wconf 83' lang='lat' dir='ltr'><strong>mox</strong></span> <span class='ocrx_word' id='word_1_10' title='bbox 1410 199 1516 248; x_wconf 84' lang='lat' dir='ltr'><strong>duas</strong></span> <span class='ocrx_word' id='word_1_11' title='bbox 1548 203 1799 253; x_wconf 83' lang='lat' dir='ltr'><strong>clariffimas</strong></span> <span class='ocrx_word' id='word_1_12' title='bbox 1833 210 2089 271; x_wconf 82' lang='lat' dir='ltr'><strong>provincias</strong></span> <span class='ocrx_word' id='word_1_13' title='bbox 2106 217 2284 292; x_wconf 46' lang='grc' dir='ltr'><strong>ἓξόΠ-Ρξὲῐῗ</strong></span> 
     </span>
    </p>
   </div>
   <div class='ocr_carea' id='block_1_4' title="bbox 1981 112 2090 182">
    <p class='ocr_par' dir='ltr' id='par_1_4' title="bbox 1981 112 2090 182">
     <span class='ocr_line' id='line_1_4' title="bbox 1981 112 2090 182; baseline -0.018 -17"><span class='ocrx_word' id='word_1_14' title='bbox 1981 112 2090 182; x_wconf 82' lang='lat'><strong>671</strong></span> 
     </span>
    </p>
   </div>
   <div class='ocr_carea' id='block_1_5' title="bbox 80 268 2120 681">
    <p class='ocr_par' dir='ltr' id='par_1_5' title="bbox 83 268 2120 506">
     <span class='ocr_line' id='line_1_5' title="bbox 84 268 2088 352; baseline 0.012 -34"><span class='ocrx_word' id='word_1_15' title='bbox 84 283 163 318; x_wconf 83' lang='lat' dir='ltr'><strong>aut</strong></span> <span class='ocrx_word' id='word_1_16' title='bbox 196 268 379 315; x_wconf 85' lang='lat' dir='ltr'><strong>daturus</strong></span> <span class='ocrx_word' id='word_1_17' title='bbox 413 280 536 328; x_wconf 79' lang='lat' dir='ltr'><strong>erat,</strong></span> <span class='ocrx_word' id='word_1_18' title='bbox 571 281 648 315; x_wconf 87' lang='lat' dir='ltr'><strong>aut</strong></span> <span class='ocrx_word' id='word_1_19' title='bbox 683 268 941 332; x_wconf 77' lang='lat' dir='ltr'>debiturus,</span> <span class='ocrx_word' id='word_1_20' title='bbox 977 275 1201 340; x_wconf 82' lang='lat' dir='ltr'><strong>Achajam</strong></span> <span class='ocrx_word' id='word_1_21' title='bbox 1225 277 1273 325; x_wconf 86' lang='lat'>&amp;</span> <span class='ocrx_word' id='word_1_22' title='bbox 1296 281 1652 333; x_wconf 83' lang='lat' dir='ltr'><strong>Macedoniam?</strong></span> <span class='ocrx_word' id='word_1_23' title='bbox 1687 289 1752 335; x_wconf 86' lang='lat' dir='ltr'><strong>Et</strong></span> <span class='ocrx_word' id='word_1_24' title='bbox 1777 292 1960 352; x_wconf 84' lang='lat' dir='ltr'><strong>quidem</strong></span> <span class='ocrx_word' id='word_1_25' title='bbox 1998 295 2088 343; x_wconf 90' lang='lat' dir='ltr'><strong>hoc</strong></span> 
     </span>
     <span class='ocr_line' id='line_1_6' title="bbox 84 348 2120 441; baseline 0.014 -44"><span class='ocrx_word' id='word_1_26' title='bbox 84 349 204 397; x_wconf 61' lang='lat' dir='ltr'><strong>facito</strong></span> <span class='ocrx_word' id='word_1_27' title='bbox 225 382 241 408; x_wconf 87' lang='lat'>‚</span> <span class='ocrx_word' id='word_1_28' title='bbox 287 348 475 395; x_wconf 87' lang='lat' dir='ltr'><strong>meliore</strong></span> <span class='ocrx_word' id='word_1_29' title='bbox 519 365 574 396; x_wconf 88' lang='lat' dir='ltr'><strong>eo</strong></span> <span class='ocrx_word' id='word_1_30' title='bbox 619 351 720 397; x_wconf 87' lang='lat' dir='ltr'><strong>cive</strong></span> <span class='ocrx_word' id='word_1_31' title='bbox 765 351 864 399; x_wconf 87' lang='lat' dir='ltr'><strong>usus</strong></span> <span class='ocrx_word' id='word_1_32' title='bbox 900 353 977 400; x_wconf 87' lang='lat' dir='ltr'><strong>est.</strong></span> <span class='ocrx_word' id='word_1_33' title='bbox 1048 357 1282 406; x_wconf 82' lang='lat' dir='ltr'><strong>Intellexit</strong></span> <span class='ocrx_word' id='word_1_34' title='bbox 1317 363 1437 409; x_wconf 88' lang='lat' dir='ltr'><strong>enim</strong></span> <span class='ocrx_word' id='word_1_35' title='bbox 1469 381 1604 427; x_wconf 85' lang='lat' dir='ltr'><strong>quam</strong></span> <span class='ocrx_word' id='word_1_36' title='bbox 1639 369 1856 419; x_wconf 86' lang='lat' dir='ltr'><strong>industrie</strong></span> <span class='ocrx_word' id='word_1_37' title='bbox 1891 374 1971 421; x_wconf 84' lang='lat' dir='ltr'><strong>fibi</strong></span> <span class='ocrx_word' id='word_1_38' title='bbox 2005 394 2120 441; x_wconf 73' lang='lat' dir='ltr'><strong>ge-x</strong></span> 
     </span>
     <span class='ocr_line' id='line_1_7' title="bbox 83 429 1731 506; baseline 0.012 -31"><span class='ocrx_word' id='word_1_39' title='bbox 83 429 246 477; x_wconf 86' lang='lat' dir='ltr'><strong>rendus</strong></span> <span class='ocrx_word' id='word_1_40' title='bbox 281 429 389 477; x_wconf 80' lang='lat' dir='ltr'><strong>esset</strong></span> <span class='ocrx_word' id='word_1_41' title='bbox 424 430 707 493; x_wconf 78' lang='lat' dir='ltr'><strong>consulatus,</strong></span> <span class='ocrx_word' id='word_1_42' title='bbox 742 449 878 497; x_wconf 87' lang='lat' dir='ltr'><strong>quern</strong></span> <span class='ocrx_word' id='word_1_43' title='bbox 913 447 1042 484; x_wconf 84' lang='lat' dir='ltr'><strong>tanto</strong></span> <span class='ocrx_word' id='word_1_44' title='bbox 1079 438 1235 487; x_wconf 82' lang='lat' dir='ltr'><strong>labore</strong></span> <span class='ocrx_word' id='word_1_45' title='bbox 1269 442 1500 506; x_wconf 83' lang='lat' dir='ltr'><strong>impetrari</strong></span> <span class='ocrx_word' id='word_1_46' title='bbox 1534 446 1731 496; x_wconf 81' lang='lat' dir='ltr'>senserat.</span> 
     </span>
    </p>

    <p class='ocr_par' dir='ltr' id='par_1_6' title="bbox 80 509 2081 681">
     <span class='ocr_line' id='line_1_8' title="bbox 148 509 2081 584; baseline 0.015 -31"><span class='ocrx_word' id='word_1_47' title='bbox 148 509 280 569; x_wconf 68' lang='lat' dir='ltr'><strong>Qud</strong></span> <span class='ocrx_word' id='word_1_48' title='bbox 316 522 408 557; x_wconf 88' lang='lat' dir='ltr'><strong>tam</strong></span> <span class='ocrx_word' id='word_1_49' title='bbox 445 511 667 559; x_wconf 80' lang='lat' dir='ltr'><strong>excellens</strong></span> <span class='ocrx_word' id='word_1_50' title='bbox 691 547 706 572; x_wconf 87' lang='lat'>,</span> <span class='ocrx_word' id='word_1_51' title='bbox 751 513 862 577; x_wconf 86' lang='lat' dir='ltr'><strong>quid</strong></span> <span class='ocrx_word' id='word_1_52' title='bbox 906 527 998 561; x_wconf 83' lang='lat' dir='ltr'><strong>tam</strong></span> <span class='ocrx_word' id='word_1_53' title='bbox 1045 519 1317 581; x_wconf 89' lang='lat' dir='ltr'><strong>opulentum</strong></span> <span class='ocrx_word' id='word_1_54' title='bbox 1353 537 1489 584; x_wconf 85' lang='lat' dir='ltr'><strong>quam</strong></span> <span class='ocrx_word' id='word_1_55' title='bbox 1526 525 1583 572; x_wconf 90' lang='lat' dir='ltr'><strong>L.</strong></span> <span class='ocrx_word' id='word_1_56' title='bbox 1622 527 1775 574; x_wconf 77' lang='lat' dir='ltr'><strong>Sulla?</strong></span> <span class='ocrx_word' id='word_1_57' title='bbox 1825 537 1865 568; x_wconf 77' lang='lat'><strong>23</strong></span> <span class='ocrx_word' id='word_1_58' title='bbox 1905 532 2081 583; x_wconf 75' lang='lat' dir='ltr'><strong>divitias</strong></span> 
     </span>
     <span class='ocr_line' id='line_1_9' title="bbox 80 592 2080 681; baseline 0.014 -46"><span class='ocrx_word' id='word_1_59' title='bbox 80 592 130 640; x_wconf 70' lang='grc' dir='ltr'><strong>ὃς</strong></span> <span class='ocrx_word' id='word_1_60' title='bbox 164 592 352 655; x_wconf 82' lang='lat' dir='ltr'><strong>imperia</strong></span> <span class='ocrx_word' id='word_1_61' title='bbox 385 592 570 657; x_wconf 83' lang='lat' dir='ltr'><strong>largitus</strong></span> <span class='ocrx_word' id='word_1_62' title='bbox 604 593 699 641; x_wconf 89' lang='lat' dir='ltr'><strong>est:</strong></span> <span class='ocrx_word' id='word_1_63' title='bbox 747 595 868 660; x_wconf 82' lang='lat' dir='ltr'><strong>leges</strong></span> <span class='ocrx_word' id='word_1_64' title='bbox 901 598 1093 645; x_wconf 82' lang='lat' dir='ltr'><strong>vetustas</strong></span> <span class='ocrx_word' id='word_1_65' title='bbox 1127 600 1364 665; x_wconf 84' lang='lat' dir='ltr'><strong>abrogavit</strong></span> <span class='ocrx_word' id='word_1_66' title='bbox 1385 637 1400 662; x_wconf 87' lang='lat'>‚</span> <span class='ocrx_word' id='word_1_67' title='bbox 1445 621 1584 654; x_wconf 85' lang='lat' dir='ltr'><strong>novas</strong></span> <span class='ocrx_word' id='word_1_68' title='bbox 1620 608 1740 656; x_wconf 89' lang='lat' dir='ltr'><strong>tulit.</strong></span> <span class='ocrx_word' id='word_1_69' title='bbox 1787 610 1863 658; x_wconf 86' lang='lat' dir='ltr'><strong>hic</strong></span> <span class='ocrx_word' id='word_1_70' title='bbox 1898 631 2080 681; x_wconf 84' lang='lat' dir='ltr'><strong>quoque</strong></span> 
     </span>
    </p>
   </div>
   <div class='ocr_carea' id='block_1_6' title="bbox 88 674 2037 759">
    <p class='ocr_par' dir='ltr' id='par_1_7' title="bbox 88 674 2037 759">
     <span class='ocr_line' id='line_1_10' title="bbox 88 674 2037 759; baseline 0.014 -42"><span class='ocrx_word' id='word_1_71' title='bbox 88 681 133 713; x_wconf 72' lang='lat'><strong>24</strong></span> <span class='ocrx_word' id='word_1_72' title='bbox 168 674 214 719; x_wconf 90' lang='lat' dir='ltr'><strong>in</strong></span> <span class='ocrx_word' id='word_1_73' title='bbox 249 688 304 720; x_wconf 90' lang='lat' dir='ltr'><strong>eo</strong></span> <span class='ocrx_word' id='word_1_74' title='bbox 342 689 535 737; x_wconf 79' lang='lat' dir='ltr'><strong>campo,</strong></span> <span class='ocrx_word' id='word_1_75' title='bbox 573 675 708 737; x_wconf 80' lang='lat' dir='ltr'><strong>cujus</strong></span> <span class='ocrx_word' id='word_1_76' title='bbox 750 675 903 738; x_wconf 80' lang='lat' dir='ltr'><strong>postea</strong></span> <span class='ocrx_word' id='word_1_77' title='bbox 947 677 1156 727; x_wconf 83' lang='lat' dir='ltr'><strong>dominus</strong></span> <span class='ocrx_word' id='word_1_78' title='bbox 1198 682 1391 742; x_wconf 82' lang='lat' dir='ltr'><strong>extitit,</strong></span> <span class='ocrx_word' id='word_1_79' title='bbox 1436 686 1608 749; x_wconf 80' lang='lat' dir='ltr'><strong>repulsa</strong></span> <span class='ocrx_word' id='word_1_80' title='bbox 1642 702 1874 751; x_wconf 84' lang='lat' dir='ltr'><strong>praeturae</strong></span> <span class='ocrx_word' id='word_1_81' title='bbox 1908 694 2037 759; x_wconf 80' lang='lat' dir='ltr'><strong>sugill</strong></span> 
     </span>
    </p>
   </div>
   <div class='ocr_carea' id='block_1_7' title="bbox 46 751 2077 914">
    <p class='ocr_par' dir='ltr' id='par_1_8' title="bbox 46 751 2077 914">
     <span class='ocr_line' id='line_1_11' title="bbox 82 751 2076 824; baseline 0.013 -28"><span class='ocrx_word' id='word_1_82' title='bbox 82 763 152 798; x_wconf 85' lang='lat' dir='ltr'><strong>tus</strong></span> <span class='ocrx_word' id='word_1_83' title='bbox 186 751 275 798; x_wconf 86' lang='lat' dir='ltr'><strong>est:</strong></span> <span class='ocrx_word' id='word_1_84' title='bbox 311 752 465 798; x_wconf 83' lang='lat' dir='ltr'><strong>omnia</strong></span> <span class='ocrx_word' id='word_1_85' title='bbox 497 752 596 800; x_wconf 87' lang='lat' dir='ltr'><strong>loca</strong></span> <span class='ocrx_word' id='word_1_86' title='bbox 631 755 763 818; x_wconf 86' lang='lat' dir='ltr'><strong>petiti</strong></span> <span class='ocrx_word' id='word_1_87' title='bbox 799 757 1014 816; x_wconf 80' lang='lat' dir='ltr'><strong>honoris,</strong></span> <span class='ocrx_word' id='word_1_88' title='bbox 1051 758 1082 805; x_wconf 79' lang='lat' dir='ltr'><strong>si</strong></span> <span class='ocrx_word' id='word_1_89' title='bbox 1118 761 1215 823; x_wconf 87' lang='lat' dir='ltr'><strong>quis</strong></span> <span class='ocrx_word' id='word_1_90' title='bbox 1251 761 1391 808; x_wconf 83' lang='lat' dir='ltr'><strong>modo</strong></span> <span class='ocrx_word' id='word_1_91' title='bbox 1428 763 1618 811; x_wconf 86' lang='lat' dir='ltr'><strong>deorum</strong></span> <span class='ocrx_word' id='word_1_92' title='bbox 1656 767 1848 816; x_wconf 82' lang='lat' dir='ltr'><strong>formam</strong></span> <span class='ocrx_word' id='word_1_93' title='bbox 1886 772 1934 819; x_wconf 66' lang='lat' dir='ltr'><strong>&amp;t</strong></span> <span class='ocrx_word' id='word_1_94' title='bbox 1968 776 2076 824; x_wconf 85' lang='lat' dir='ltr'><strong>ima—</strong></span> 
     </span>
     <span class='ocr_line' id='line_1_12' title="bbox 46 828 2077 914; baseline 0.015 -42"><span class='ocrx_word' id='word_1_95' title='bbox 46 828 234 890; x_wconf 63' lang='lat' dir='ltr'><strong>⁴ginem</strong></span> <span class='ocrx_word' id='word_1_96' title='bbox 281 831 460 879; x_wconf 73' lang='lat' dir='ltr'><strong>futurae</strong></span> <span class='ocrx_word' id='word_1_97' title='bbox 506 835 600 896; x_wconf 90' lang='lat' dir='ltr'><strong>ejus</strong></span> <span class='ocrx_word' id='word_1_98' title='bbox 645 837 876 898; x_wconf 77' lang='lat' dir='ltr'><strong>potentiae</strong></span> <span class='ocrx_word' id='word_1_99' title='bbox 911 838 1089 901; x_wconf 82' lang='lat' dir='ltr'><strong>populo</strong></span> <span class='ocrx_word' id='word_1_100' title='bbox 1123 840 1342 886; x_wconf 82' lang='lat' dir='ltr'><strong>Romano</strong></span> <span class='ocrx_word' id='word_1_101' title='bbox 1380 842 1765 906; x_wconf 79' lang='lat' dir='ltr'><strong>repraesentasset,</strong></span> <span class='ocrx_word' id='word_1_102' title='bbox 1809 850 2077 914; x_wconf 75' lang='lat' dir='ltr'><strong>impetratu-</strong></span> 
     </span>
    </p>
   </div>
   <div class='ocr_carea' id='block_1_8' title="bbox 80 923 167 955">
    <p class='ocr_par' dir='ltr' id='par_1_9' title="bbox 80 923 167 955">
     <span class='ocr_line' id='line_1_13' title="bbox 80 923 167 955; baseline 0.034 -3"><span class='ocrx_word' id='word_1_103' title='bbox 80 923 167 955; x_wconf 72' lang='lat' dir='ltr'>TUS-</span> 
     </span>
    </p>
   </div>
   <div class='ocr_carea' id='block_1_9' title="bbox 74 1113 1060 3052">
    <p class='ocr_par' dir='ltr' id='par_1_10' title="bbox 84 1113 1060 1418">
     <span class='ocr_line' id='line_1_14' title="bbox 84 1113 1059 1161; baseline 0.01 -10"><span class='ocrx_word' id='word_1_104' title='bbox 84 1113 130 1151; x_wconf 93' lang='lat' dir='ltr'><strong>L.</strong></span> <span class='ocrx_word' id='word_1_105' title='bbox 160 1126 269 1154; x_wconf 70' lang='lat' dir='ltr'><strong>xttx.</strong></span> <span class='ocrx_word' id='word_1_106' title='bbox 308 1117 420 1155; x_wconf 89' lang='lat' dir='ltr'><strong>Livii.</strong></span> <span class='ocrx_word' id='word_1_107' title='bbox 455 1119 652 1158; x_wconf 88' lang='lat' dir='ltr'>VORST.</span> <span class='ocrx_word' id='word_1_108' title='bbox 697 1121 811 1160; x_wconf 86' lang='lat' dir='ltr'><strong>Error</strong></span> <span class='ocrx_word' id='word_1_109' title='bbox 839 1122 886 1160; x_wconf 89' lang='lat' dir='ltr'><strong>est</strong></span> <span class='ocrx_word' id='word_1_110' title='bbox 916 1124 1059 1161; x_wconf 81' lang='lat' dir='ltr'><strong>Valerii</strong></span> 
     </span>
     <span class='ocr_line' id='line_1_15' title="bbox 85 1165 1059 1218; baseline 0.011 -17"><span class='ocrx_word' id='word_1_111' title='bbox 85 1165 269 1210; x_wconf 84' lang='lat' dir='ltr'>Maximi,</span> <span class='ocrx_word' id='word_1_112' title='bbox 298 1179 384 1206; x_wconf 87' lang='lat' dir='ltr'><strong>cum</strong></span> <span class='ocrx_word' id='word_1_113' title='bbox 413 1181 490 1218; x_wconf 92' lang='lat' dir='ltr'><strong>quo</strong></span> <span class='ocrx_word' id='word_1_114' title='bbox 511 1180 638 1209; x_wconf 85' lang='lat' dir='ltr'><strong>tamen</strong></span> <span class='ocrx_word' id='word_1_115' title='bbox 668 1174 849 1217; x_wconf 75' lang='lat' dir='ltr'>consentit</span> <span class='ocrx_word' id='word_1_116' title='bbox 868 1175 995 1212; x_wconf 84' lang='lat' dir='ltr'><strong>Florus</strong></span> <span class='ocrx_word' id='word_1_117' title='bbox 1015 1176 1059 1212; x_wconf 91' lang='lat' dir='ltr'><strong>L.</strong></span> 
     </span>
     <span class='ocr_line' id='line_1_16' title="bbox 86 1220 1060 1269; baseline 0.011 -16"><span class='ocrx_word' id='word_1_118' title='bbox 86 1227 146 1254; x_wconf 88' lang='lat'><strong>11.</strong></span> <span class='ocrx_word' id='word_1_119' title='bbox 175 1227 207 1254; x_wconf 90' lang='lat' dir='ltr'><strong>c.</strong></span> <span class='ocrx_word' id='word_1_120' title='bbox 238 1229 292 1265; x_wconf 70' lang='lat'><strong>14.</strong></span> <span class='ocrx_word' id='word_1_121' title='bbox 321 1221 359 1257; x_wconf 67' lang='grc' dir='ltr'><strong>δε</strong></span> <span class='ocrx_word' id='word_1_122' title='bbox 383 1220 428 1257; x_wconf 89' lang='lat' dir='ltr'><strong>L.</strong></span> <span class='ocrx_word' id='word_1_123' title='bbox 461 1234 515 1258; x_wconf 78' lang='lat'><strong>11.</strong></span> <span class='ocrx_word' id='word_1_124' title='bbox 549 1222 601 1259; x_wconf 90' lang='lat'><strong>16.</strong></span> <span class='ocrx_word' id='word_1_125' title='bbox 642 1222 885 1269; x_wconf 73' lang='lat' dir='ltr'><strong>PERIZON.</strong></span> <span class='ocrx_word' id='word_1_126' title='bbox 941 1227 1060 1263; x_wconf 86' lang='lat' dir='ltr'><strong>Nem—</strong></span> 
     </span>
     <span class='ocr_line' id='line_1_17' title="bbox 85 1267 1057 1319; baseline 0.011 -16"><span class='ocrx_word' id='word_1_127' title='bbox 85 1278 134 1315; x_wconf 91' lang='lat' dir='ltr'><strong>pe</strong></span> <span class='ocrx_word' id='word_1_128' title='bbox 164 1267 202 1304; x_wconf 91' lang='lat' dir='ltr'><strong>in</strong></span> <span class='ocrx_word' id='word_1_129' title='bbox 236 1269 367 1313; x_wconf 56' lang='lat' dir='ltr'><strong>codice</strong></span> <span class='ocrx_word' id='word_1_130' title='bbox 385 1271 597 1319; x_wconf 84' lang='lat' dir='ltr'><strong>Copcfiano</strong></span> <span class='ocrx_word' id='word_1_131' title='bbox 630 1283 731 1317; x_wconf 86' lang='lat' dir='ltr'><strong>erat,</strong></span> <span class='ocrx_word' id='word_1_132' title='bbox 759 1275 928 1319; x_wconf 86' lang='lat' dir='ltr'><strong>eumdem,</strong></span> <span class='ocrx_word' id='word_1_133' title='bbox 962 1286 1000 1314; x_wconf 85' lang='lat' dir='ltr'><strong>ut</strong></span> <span class='ocrx_word' id='word_1_134' title='bbox 1020 1278 1057 1315; x_wconf 91' lang='lat' dir='ltr'><strong>in</strong></span> 
     </span>
     <span class='ocr_line' id='line_1_18' title="bbox 87 1318 1055 1374; baseline 0.012 -20"><span class='ocrx_word' id='word_1_135' title='bbox 87 1318 259 1356; x_wconf 77' lang='lat' dir='ltr'><strong>omnibus</strong></span> <span class='ocrx_word' id='word_1_136' title='bbox 289 1321 364 1358; x_wconf 79' lang='lat' dir='ltr'><strong>aliis</strong></span> <span class='ocrx_word' id='word_1_137' title='bbox 386 1322 491 1359; x_wconf 86' lang='lat' dir='ltr'>MSS.</span> <span class='ocrx_word' id='word_1_138' title='bbox 520 1324 624 1372; x_wconf 89' lang='lat' dir='ltr'><strong>quod</strong></span> <span class='ocrx_word' id='word_1_139' title='bbox 651 1325 798 1374; x_wconf 79' lang='lat' dir='ltr'>Pighius</span> <span class='ocrx_word' id='word_1_140' title='bbox 824 1336 1055 1373; x_wconf 53' lang='lat' dir='ltr'><strong>mutaveram</strong></span> 
     </span>
     <span class='ocr_line' id='line_1_19' title="bbox 84 1373 846 1418; baseline 0.012 -13"><span class='ocrx_word' id='word_1_141' title='bbox 84 1379 157 1418; x_wconf 89' lang='lat' dir='ltr'><strong>ego</strong></span> <span class='ocrx_word' id='word_1_142' title='bbox 181 1377 306 1408; x_wconf 75' lang='lat' dir='ltr'><strong>motus</strong></span> <span class='ocrx_word' id='word_1_143' title='bbox 328 1373 434 1410; x_wconf 90' lang='lat' dir='ltr'>MSS.</span> <span class='ocrx_word' id='word_1_144' title='bbox 460 1373 680 1412; x_wconf 64' lang='lat' dir='ltr'><strong>auetoritare</strong></span> <span class='ocrx_word' id='word_1_145' title='bbox 701 1376 846 1415; x_wconf 86' lang='lat' dir='ltr'><strong>restitui.</strong></span> 
     </span>
    </p>

    <p class='ocr_par' dir='ltr' id='par_1_11' title="bbox 76 1423 1059 1825">
     <span class='ocr_line' id='line_1_20' title="bbox 132 1423 1057 1476; baseline 0.012 -20"><span class='ocrx_word' id='word_1_146' title='bbox 132 1431 192 1457; x_wconf 85' lang='lat'><strong>21.</strong></span> <span class='ocrx_word' id='word_1_147' title='bbox 219 1423 261 1457; x_wconf 83' lang='lat' dir='ltr'><strong>In</strong></span> <span class='ocrx_word' id='word_1_148' title='bbox 290 1424 494 1465; x_wconf 76' lang='lat' dir='ltr'><em>Capitolium</em></span> <span class='ocrx_word' id='word_1_149' title='bbox 516 1428 701 1473; x_wconf 78' lang='lat' dir='ltr'><strong>prosecutus</strong></span> <span class='ocrx_word' id='word_1_150' title='bbox 729 1427 792 1476; x_wconf 84' lang='lat' dir='ltr'><strong>est]</strong></span> <span class='ocrx_word' id='word_1_151' title='bbox 836 1429 889 1466; x_wconf 78' lang='lat' dir='ltr'><strong>Ita</strong></span> <span class='ocrx_word' id='word_1_152' title='bbox 915 1436 1057 1467; x_wconf 82' lang='lat' dir='ltr'><strong>veteres</strong></span> 
     </span>
     <span class='ocr_line' id='line_1_21' title="bbox 83 1470 1057 1526; baseline 0.012 -20"><span class='ocrx_word' id='word_1_153' title='bbox 83 1470 179 1518; x_wconf 88' lang='lat' dir='ltr'><strong>typis</strong></span> <span class='ocrx_word' id='word_1_154' title='bbox 199 1473 374 1520; x_wconf 81' lang='lat' dir='ltr'><strong>expreffi,</strong></span> <span class='ocrx_word' id='word_1_155' title='bbox 405 1475 443 1511; x_wconf 90' lang='lat'>&amp;</span> <span class='ocrx_word' id='word_1_156' title='bbox 462 1475 595 1513; x_wconf 84' lang='lat' dir='ltr'><strong>Brand.</strong></span> <span class='ocrx_word' id='word_1_157' title='bbox 625 1477 733 1515; x_wconf 86' lang='lat' dir='ltr'>MSS.</span> <span class='ocrx_word' id='word_1_158' title='bbox 761 1479 907 1526; x_wconf 82' lang='lat' dir='ltr'>Pighius</span> <span class='ocrx_word' id='word_1_159' title='bbox 927 1480 1057 1518; x_wconf 85' lang='lat' dir='ltr'><strong>maluit</strong></span> 
     </span>
     <span class='ocr_line' id='line_1_22' title="bbox 76 1524 1057 1581; baseline 0.012 -26"><span class='ocrx_word' id='word_1_160' title='bbox 76 1524 267 1570; x_wconf 75' lang='lat' dir='ltr'><strong>prosecutus</strong></span> <span class='ocrx_word' id='word_1_161' title='bbox 295 1534 391 1567; x_wconf 76' lang='lat' dir='ltr'><strong>erat,</strong></span> <span class='ocrx_word' id='word_1_162' title='bbox 421 1526 459 1562; x_wconf 89' lang='lat'>&amp;</span> <span class='ocrx_word' id='word_1_163' title='bbox 480 1526 590 1574; x_wconf 82' lang='lat' dir='ltr'><strong>paulo</strong></span> <span class='ocrx_word' id='word_1_164' title='bbox 616 1528 696 1576; x_wconf 90' lang='lat' dir='ltr'><strong>post</strong></span> <span class='ocrx_word' id='word_1_165' title='bbox 722 1532 902 1581; x_wconf 68' lang='lat' dir='ltr'><strong>profligata</strong></span> <span class='ocrx_word' id='word_1_166' title='bbox 928 1533 1057 1577; x_wconf 83' lang='lat' dir='ltr'><strong>fuerat.</strong></span> 
     </span>
     <span class='ocr_line' id='line_1_23' title="bbox 88 1571 1059 1622; baseline 0.012 -15"><span class='ocrx_word' id='word_1_167' title='bbox 88 1571 283 1612; x_wconf 88' lang='lat' dir='ltr'>VORST.</span> <span class='ocrx_word' id='word_1_168' title='bbox 313 1577 368 1622; x_wconf 83' lang='lat' dir='ltr'><strong>Est</strong></span> <span class='ocrx_word' id='word_1_169' title='bbox 389 1575 532 1614; x_wconf 86' lang='lat' dir='ltr'><strong>servant</strong></span> <span class='ocrx_word' id='word_1_170' title='bbox 560 1578 672 1615; x_wconf 85' lang='lat' dir='ltr'><strong>etiam</strong></span> <span class='ocrx_word' id='word_1_171' title='bbox 703 1580 810 1617; x_wconf 88' lang='lat' dir='ltr'>MSS.</span> <span class='ocrx_word' id='word_1_172' title='bbox 839 1582 961 1618; x_wconf 80' lang='lat' dir='ltr'><strong>nostri.</strong></span> <span class='ocrx_word' id='word_1_173' title='bbox 987 1582 1059 1620; x_wconf 86' lang='lat' dir='ltr'><strong>Sed</strong></span> 
     </span>
     <span class='ocr_line' id='line_1_24' title="bbox 83 1621 1058 1680; baseline 0.013 -22"><span class='ocrx_word' id='word_1_174' title='bbox 83 1621 228 1660; x_wconf 84' lang='lat' dir='ltr'><strong>neceffe</strong></span> <span class='ocrx_word' id='word_1_175' title='bbox 260 1633 335 1662; x_wconf 86' lang='lat' dir='ltr'><strong>erat</strong></span> <span class='ocrx_word' id='word_1_176' title='bbox 356 1626 487 1674; x_wconf 82' lang='lat' dir='ltr'><strong>Pighio</strong></span> <span class='ocrx_word' id='word_1_177' title='bbox 515 1628 603 1666; x_wconf 90' lang='lat' dir='ltr'><strong>illud</strong></span> <span class='ocrx_word' id='word_1_178' title='bbox 624 1638 768 1668; x_wconf 82' lang='lat' dir='ltr'><strong>mutare</strong></span> <span class='ocrx_word' id='word_1_179' title='bbox 797 1632 835 1668; x_wconf 89' lang='lat' dir='ltr'><strong>in</strong></span> <span class='ocrx_word' id='word_1_180' title='bbox 859 1643 941 1667; x_wconf 43' lang='lat' dir='ltr'><strong>erat.</strong></span> <span class='ocrx_word' id='word_1_181' title='bbox 972 1634 1058 1680; x_wconf 84' lang='lat' dir='ltr'><strong>quia</strong></span> 
     </span>
     <span class='ocr_line' id='line_1_25' title="bbox 82 1672 1057 1728; baseline 0.011 -19"><span class='ocrx_word' id='word_1_182' title='bbox 82 1672 235 1711; x_wconf 88' lang='lat' dir='ltr'><strong>volebat</strong></span> <span class='ocrx_word' id='word_1_183' title='bbox 261 1675 363 1712; x_wconf 87' lang='lat' dir='ltr'><strong>illum</strong></span> <span class='ocrx_word' id='word_1_184' title='bbox 395 1677 519 1725; x_wconf 84' lang='lat' dir='ltr'><strong>postea</strong></span> <span class='ocrx_word' id='word_1_185' title='bbox 550 1680 688 1728; x_wconf 86' lang='lat' dir='ltr'><strong>repulsa</strong></span> <span class='ocrx_word' id='word_1_186' title='bbox 717 1681 895 1719; x_wconf 68' lang='lat' dir='ltr'><strong>affliehim</strong></span> <span class='ocrx_word' id='word_1_187' title='bbox 930 1682 1057 1728; x_wconf 89' lang='lat' dir='ltr'><strong>fuisse,</strong></span> 
     </span>
     <span class='ocr_line' id='line_1_26' title="bbox 80 1726 1059 1779; baseline 0.011 -18"><span class='ocrx_word' id='word_1_188' title='bbox 80 1734 194 1773; x_wconf 84' lang='lat' dir='ltr'><strong>quam</strong></span> <span class='ocrx_word' id='word_1_189' title='bbox 227 1726 517 1775; x_wconf 83' lang='lat' dir='ltr'><strong>triumphantem</strong></span> <span class='ocrx_word' id='word_1_190' title='bbox 550 1730 733 1779; x_wconf 83' lang='lat' dir='ltr'><strong>prosecuti</strong></span> <span class='ocrx_word' id='word_1_191' title='bbox 773 1733 884 1770; x_wconf 83' lang='lat' dir='ltr'><strong>amici</strong></span> <span class='ocrx_word' id='word_1_192' title='bbox 913 1734 1059 1772; x_wconf 82' lang='lat' dir='ltr'><strong>fuerant</strong></span> 
     </span>
     <span class='ocr_line' id='line_1_27' title="bbox 80 1774 388 1825; baseline 0.01 -13"><span class='ocrx_word' id='word_1_193' title='bbox 80 1774 119 1812; x_wconf 89' lang='lat' dir='ltr'><strong>in</strong></span> <span class='ocrx_word' id='word_1_194' title='bbox 145 1775 388 1825; x_wconf 84' lang='lat' dir='ltr'><strong>Capitolium.</strong></span> 
     </span>
    </p>

    <p class='ocr_par' dir='ltr' id='par_1_12' title="bbox 74 1827 1057 3052">
     <span class='ocr_line' id='line_1_28' title="bbox 127 1827 1057 1882; baseline 0.01 -19"><span class='ocrx_word' id='word_1_195' title='bbox 127 1838 188 1864; x_wconf 83' lang='lat'><strong>22.</strong></span> <span class='ocrx_word' id='word_1_196' title='bbox 216 1829 280 1864; x_wconf 82' lang='lat' dir='ltr'><strong>Cui</strong></span> <span class='ocrx_word' id='word_1_197' title='bbox 300 1843 377 1865; x_wconf 85' lang='lat' dir='ltr'><strong>mox</strong></span> <span class='ocrx_word' id='word_1_198' title='bbox 395 1827 479 1866; x_wconf 78' lang='lat' dir='ltr'><strong>duas</strong></span> <span class='ocrx_word' id='word_1_199' title='bbox 499 1829 689 1878; x_wconf 77' lang='lat' dir='ltr'><strong>clariffimas</strong></span> <span class='ocrx_word' id='word_1_200' title='bbox 705 1835 894 1882; x_wconf 71' lang='lat' dir='ltr'><strong>pro-vincias</strong></span> <span class='ocrx_word' id='word_1_201' title='bbox 914 1845 974 1872; x_wconf 81' lang='lat' dir='ltr'><strong>aut</strong></span> <span class='ocrx_word' id='word_1_202' title='bbox 995 1834 1057 1872; x_wconf 74' lang='lat' dir='ltr'><strong>da-</strong></span> 
     </span>
     <span class='ocr_line' id='line_1_29' title="bbox 79 1880 1054 1932; baseline 0.011 -19"><span class='ocrx_word' id='word_1_203' title='bbox 79 1885 176 1914; x_wconf 73' lang='lat' dir='ltr'><strong>turus</strong></span> <span class='ocrx_word' id='word_1_204' title='bbox 194 1888 290 1922; x_wconf 78' lang='lat' dir='ltr'><strong>erat,</strong></span> <span class='ocrx_word' id='word_1_205' title='bbox 315 1891 377 1916; x_wconf 76' lang='lat' dir='ltr'><strong>aut</strong></span> <span class='ocrx_word' id='word_1_206' title='bbox 404 1880 596 1926; x_wconf 66' lang='lat' dir='ltr'><strong>debiturus,</strong></span> <span class='ocrx_word' id='word_1_207' title='bbox 626 1884 807 1932; x_wconf 49' lang='lat' dir='ltr'><strong>fficlmjam</strong></span> <span class='ocrx_word' id='word_1_208' title='bbox 831 1895 876 1923; x_wconf 67' lang='lat'><strong>(9⁹</strong></span> <span class='ocrx_word' id='word_1_209' title='bbox 897 1886 1054 1924; x_wconf 74' lang='lat' dir='ltr'><strong>Macedo-</strong></span> 
     </span>
     <span class='ocr_line' id='line_1_30' title="bbox 81 1927 1057 1985; baseline 0.013 -22"><span class='ocrx_word' id='word_1_210' title='bbox 81 1927 192 1977; x_wconf 76' lang='lat' dir='ltr'><strong>niam]</strong></span> <span class='ocrx_word' id='word_1_211' title='bbox 223 1930 315 1967; x_wconf 91' lang='lat' dir='ltr'><strong>Non</strong></span> <span class='ocrx_word' id='word_1_212' title='bbox 338 1930 444 1968; x_wconf 85' lang='lat' dir='ltr'><strong>dabat</strong></span> <span class='ocrx_word' id='word_1_213' title='bbox 466 1939 546 1969; x_wconf 86' lang='lat' dir='ltr'><strong>tum</strong></span> <span class='ocrx_word' id='word_1_214' title='bbox 569 1935 779 1981; x_wconf 83' lang='lat' dir='ltr'><strong>provincias</strong></span> <span class='ocrx_word' id='word_1_215' title='bbox 797 1937 976 1985; x_wconf 83' lang='lat' dir='ltr'><strong>populus,</strong></span> <span class='ocrx_word' id='word_1_216' title='bbox 996 1938 1057 1976; x_wconf 88' lang='lat' dir='ltr'><strong>sed</strong></span> 
     </span>
     <span class='ocr_line' id='line_1_31' title="bbox 82 1979 1056 2033; baseline 0.013 -19"><span class='ocrx_word' id='word_1_217' title='bbox 82 1988 142 2014; x_wconf 86' lang='lat' dir='ltr'><strong>eas</strong></span> <span class='ocrx_word' id='word_1_218' title='bbox 162 1979 304 2017; x_wconf 81' lang='lat' dir='ltr'><strong>senatus</strong></span> <span class='ocrx_word' id='word_1_219' title='bbox 323 1980 542 2021; x_wconf 86' lang='lat' dir='ltr'><strong>decernebat</strong></span> <span class='ocrx_word' id='word_1_220' title='bbox 563 1986 822 2033; x_wconf 78' lang='lat' dir='ltr'><strong>magistratibus</strong></span> <span class='ocrx_word' id='word_1_221' title='bbox 842 1988 1056 2027; x_wconf 80' lang='lat' dir='ltr'><strong>sortiendas.</strong></span> 
     </span>
     <span class='ocr_line' id='line_1_32' title="bbox 81 2028 1057 2084; baseline 0.008 -17"><span class='ocrx_word' id='word_1_222' title='bbox 81 2028 164 2067; x_wconf 78' lang='lat' dir='ltr'><strong>Alia</strong></span> <span class='ocrx_word' id='word_1_223' title='bbox 189 2030 238 2068; x_wconf 88' lang='lat' dir='ltr'><strong>est</strong></span> <span class='ocrx_word' id='word_1_224' title='bbox 265 2031 377 2069; x_wconf 63' lang='lat' dir='ltr'><strong>leetio</strong></span> <span class='ocrx_word' id='word_1_225' title='bbox 401 2033 438 2070; x_wconf 91' lang='lat' dir='ltr'><strong>in</strong></span> <span class='ocrx_word' id='word_1_226' title='bbox 460 2033 658 2084; x_wconf 79' lang='lat' dir='ltr'><strong>Campenfi</strong></span> <span class='ocrx_word' id='word_1_227' title='bbox 690 2037 762 2080; x_wconf 87' lang='lat' dir='ltr'><strong>fic;</strong></span> <span class='ocrx_word' id='word_1_228' title='bbox 791 2041 854 2075; x_wconf 72' lang='lat' dir='ltr'><strong>Cui</strong></span> <span class='ocrx_word' id='word_1_229' title='bbox 873 2054 950 2075; x_wconf 77' lang='lat' dir='ltr'><strong>mox</strong></span> <span class='ocrx_word' id='word_1_230' title='bbox 972 2038 1057 2076; x_wconf 78' lang='lat' dir='ltr'><strong>duas</strong></span> 
     </span>
     <span class='ocr_line' id='line_1_33' title="bbox 78 2081 1057 2133; baseline 0.011 -18"><span class='ocrx_word' id='word_1_231' title='bbox 78 2081 269 2127; x_wconf 77' lang='lat' dir='ltr'><strong>clariffimas</strong></span> <span class='ocrx_word' id='word_1_232' title='bbox 289 2085 479 2129; x_wconf 63' lang='lat' dir='ltr'><strong>provincias</strong></span> <span class='ocrx_word' id='word_1_233' title='bbox 499 2097 558 2121; x_wconf 75' lang='lat' dir='ltr'><strong>aut</strong></span> <span class='ocrx_word' id='word_1_234' title='bbox 589 2086 759 2125; x_wconf 75' lang='lat' dir='ltr'><strong>debiturus</strong></span> <span class='ocrx_word' id='word_1_235' title='bbox 784 2101 880 2133; x_wconf 76' lang='lat' dir='ltr'><strong>erat,</strong></span> <span class='ocrx_word' id='word_1_236' title='bbox 912 2100 972 2125; x_wconf 79' lang='lat' dir='ltr'><strong>aut</strong></span> <span class='ocrx_word' id='word_1_237' title='bbox 999 2092 1057 2126; x_wconf 85' lang='lat' dir='ltr'><strong>de-</strong></span> 
     </span>
     <span class='ocr_line' id='line_1_34' title="bbox 77 2128 1057 2188; baseline 0.013 -22"><span class='ocrx_word' id='word_1_238' title='bbox 77 2128 207 2169; x_wconf 66' lang='lat' dir='ltr'><strong>biturus</strong></span> <span class='ocrx_word' id='word_1_239' title='bbox 274 2133 467 2171; x_wconf 74' lang='lat' dir='ltr'><strong>Mendose.</strong></span> <span class='ocrx_word' id='word_1_240' title='bbox 494 2135 691 2183; x_wconf 81' lang='lat' dir='ltr'><strong>legendum</strong></span> <span class='ocrx_word' id='word_1_241' title='bbox 727 2139 826 2176; x_wconf 89' lang='lat' dir='ltr'><strong>enim</strong></span> <span class='ocrx_word' id='word_1_242' title='bbox 853 2148 969 2188; x_wconf 85' lang='lat' dir='ltr'><strong>puto,</strong></span> <span class='ocrx_word' id='word_1_243' title='bbox 995 2150 1057 2179; x_wconf 81' lang='lat' dir='ltr'><strong>aut</strong></span> 
     </span>
     <span class='ocr_line' id='line_1_35' title="bbox 79 2179 1056 2230; baseline 0.013 -14"><span class='ocrx_word' id='word_1_244' title='bbox 79 2179 239 2225; x_wconf 76' lang='lat' dir='ltr'><strong>debebat,</strong></span> <span class='ocrx_word' id='word_1_245' title='bbox 269 2193 330 2222; x_wconf 74' lang='lat' dir='ltr'><strong>aut</strong></span> <span class='ocrx_word' id='word_1_246' title='bbox 361 2196 432 2221; x_wconf 86' lang='lat' dir='ltr'><strong>erat</strong></span> <span class='ocrx_word' id='word_1_247' title='bbox 456 2184 636 2225; x_wconf 63' lang='lat' dir='ltr'><strong>debiturus.</strong></span> <span class='ocrx_word' id='word_1_248' title='bbox 689 2189 843 2225; x_wconf 79' lang='lat' dir='ltr'><strong>Debebat</strong></span> <span class='ocrx_word' id='word_1_249' title='bbox 872 2192 971 2228; x_wconf 79' lang='lat' dir='ltr'><strong>enim</strong></span> <span class='ocrx_word' id='word_1_250' title='bbox 1006 2192 1056 2230; x_wconf 79' lang='lat' dir='ltr'><strong>illi</strong></span> 
     </span>
     <span class='ocr_line' id='line_1_36' title="bbox 84 2233 1051 2287; baseline 0.011 -19"><span class='ocrx_word' id='word_1_251' title='bbox 84 2233 344 2280; x_wconf 50' lang='lat' dir='ltr'><strong>flandoniam,</strong></span> <span class='ocrx_word' id='word_1_252' title='bbox 372 2247 457 2274; x_wconf 85' lang='lat' dir='ltr'><strong>cum</strong></span> <span class='ocrx_word' id='word_1_253' title='bbox 487 2250 621 2286; x_wconf 76' lang='lat' dir='ltr'><strong><em>negaret</em></strong></span> <span class='ocrx_word' id='word_1_254' title='bbox 647 2242 869 2287; x_wconf 67' lang='lat' dir='ltr'><strong>consulatum,</strong></span> <span class='ocrx_word' id='word_1_255' title='bbox 903 2243 940 2279; x_wconf 65' lang='grc' dir='ltr'>ἃ</span> <span class='ocrx_word' id='word_1_256' title='bbox 960 2241 1051 2279; x_wconf 73' lang='lat' dir='ltr'><strong>dehi-</strong></span> 
     </span>
     <span class='ocr_line' id='line_1_37' title="bbox 81 2289 1050 2341; baseline 0.013 -23"><span class='ocrx_word' id='word_1_257' title='bbox 81 2293 177 2320; x_wconf 76' lang='lat' dir='ltr'><strong>turus</strong></span> <span class='ocrx_word' id='word_1_258' title='bbox 199 2310 209 2326; x_wconf 89' lang='lat'><em>,</em></span> <span class='ocrx_word' id='word_1_259' title='bbox 248 2297 339 2324; x_wconf 86' lang='lat' dir='ltr'><strong>mox</strong></span> <span class='ocrx_word' id='word_1_260' title='bbox 369 2295 447 2323; x_wconf 72' lang='lat' dir='ltr'><strong>erat</strong></span> <span class='ocrx_word' id='word_1_261' title='bbox 473 2289 573 2338; x_wconf 53' lang='lat' dir='ltr'><strong>Htfiy.</strong></span> <span class='ocrx_word' id='word_1_262' title='bbox 599 2292 794 2328; x_wconf 67' lang='lat' dir='ltr'><strong>senriorem.</strong></span> <span class='ocrx_word' id='word_1_263' title='bbox 830 2304 942 2341; x_wconf 83' lang='lat' dir='ltr'><strong>quam</strong></span> <span class='ocrx_word' id='word_1_264' title='bbox 971 2294 1050 2341; x_wconf 89' lang='lat' dir='ltr'><strong>post</strong></span> 
     </span>
     <span class='ocr_line' id='line_1_38' title="bbox 82 2334 1048 2391; baseline 0.011 -20"><span class='ocrx_word' id='word_1_265' title='bbox 82 2334 312 2374; x_wconf 82' lang='lat' dir='ltr'><strong>consulatum</strong></span> <span class='ocrx_word' id='word_1_266' title='bbox 346 2337 536 2375; x_wconf 85' lang='lat' dir='ltr'><strong>Celtiberis</strong></span> <span class='ocrx_word' id='word_1_267' title='bbox 567 2340 717 2378; x_wconf 68' lang='lat' dir='ltr'><strong>subaetis</strong></span> <span class='ocrx_word' id='word_1_268' title='bbox 752 2342 790 2378; x_wconf 90' lang='lat' dir='ltr'><strong>in</strong></span> <span class='ocrx_word' id='word_1_269' title='bbox 827 2343 1048 2391; x_wconf 75' lang='lat' dir='ltr'><strong>potestatem</strong></span> 
     </span>
     <span class='ocr_line' id='line_1_39' title="bbox 81 2384 1047 2437; baseline 0.012 -16"><span class='ocrx_word' id='word_1_270' title='bbox 81 2384 233 2434; x_wconf 79' lang='lat' dir='ltr'><strong>redegit.</strong></span> <span class='ocrx_word' id='word_1_271' title='bbox 294 2387 395 2424; x_wconf 86' lang='lat' dir='ltr'><strong>Hinc</strong></span> <span class='ocrx_word' id='word_1_272' title='bbox 431 2389 581 2437; x_wconf 76' lang='lat' dir='ltr'><strong>pulchre</strong></span> <span class='ocrx_word' id='word_1_273' title='bbox 621 2392 667 2429; x_wconf 88' lang='lat' dir='ltr'><strong>L.</strong></span> <span class='ocrx_word' id='word_1_274' title='bbox 702 2392 830 2430; x_wconf 66' lang='lat' dir='ltr'><strong>Florus</strong></span> <span class='ocrx_word' id='word_1_275' title='bbox 869 2394 961 2432; x_wconf 84' lang='lat' dir='ltr'><strong>libro</strong></span> <span class='ocrx_word' id='word_1_276' title='bbox 993 2408 1047 2434; x_wconf 87' lang='lat'><strong>11.</strong></span> 
     </span>
     <span class='ocr_line' id='line_1_40' title="bbox 81 2438 1049 2485; baseline 0.012 -13"><span class='ocrx_word' id='word_1_277' title='bbox 81 2446 160 2483; x_wconf 83' lang='lat' dir='ltr'><strong>cap.</strong></span> <span class='ocrx_word' id='word_1_278' title='bbox 193 2449 248 2481; x_wconf 90' lang='lat'><strong>17.</strong></span> <span class='ocrx_word' id='word_1_279' title='bbox 274 2438 448 2476; x_wconf 79' lang='lat' dir='ltr'><strong>Metellus</strong></span> <span class='ocrx_word' id='word_1_280' title='bbox 472 2440 552 2484; x_wconf 89' lang='lat' dir='ltr'><strong>ille,</strong></span> <span class='ocrx_word' id='word_1_281' title='bbox 583 2443 641 2479; x_wconf 89' lang='lat' dir='ltr'><strong>cui</strong></span> <span class='ocrx_word' id='word_1_282' title='bbox 662 2454 707 2480; x_wconf 85' lang='lat' dir='ltr'><strong>ex</strong></span> <span class='ocrx_word' id='word_1_283' title='bbox 726 2443 951 2483; x_wconf 87' lang='lat' dir='ltr'><strong>Macedonia</strong></span> <span class='ocrx_word' id='word_1_284' title='bbox 983 2458 1049 2485; x_wconf 88' lang='lat' dir='ltr'><strong>co-</strong></span> 
     </span>
     <span class='ocr_line' id='line_1_41' title="bbox 80 2493 1051 2536; baseline 0.013 -14"><span class='ocrx_word' id='word_1_285' title='bbox 80 2497 248 2534; x_wconf 86' lang='lat' dir='ltr'><strong>gnomen</strong></span> <span class='ocrx_word' id='word_1_286' title='bbox 267 2515 276 2532; x_wconf 92' lang='lat'>,</span> <span class='ocrx_word' id='word_1_287' title='bbox 302 2500 487 2528; x_wconf 83' lang='lat' dir='ltr'><strong>meruerat</strong></span> <span class='ocrx_word' id='word_1_288' title='bbox 509 2493 545 2529; x_wconf 65' lang='lat'><strong>8&lt;</strong></span> <span class='ocrx_word' id='word_1_289' title='bbox 569 2493 807 2532; x_wconf 85' lang='lat' dir='ltr'><strong>Celtibericus</strong></span> <span class='ocrx_word' id='word_1_290' title='bbox 828 2494 917 2533; x_wconf 82' lang='lat' dir='ltr'><strong>fieti.</strong></span> <span class='ocrx_word' id='word_1_291' title='bbox 968 2498 1051 2536; x_wconf 90' lang='lat' dir='ltr'><strong>No-</strong></span> 
     </span>
     <span class='ocr_line' id='line_1_42' title="bbox 82 2537 1049 2595; baseline 0.013 -22"><span class='ocrx_word' id='word_1_292' title='bbox 82 2537 185 2574; x_wconf 84' lang='lat' dir='ltr'><strong>mina</strong></span> <span class='ocrx_word' id='word_1_293' title='bbox 220 2550 311 2576; x_wconf 87' lang='lat' dir='ltr'><strong>vero</strong></span> <span class='ocrx_word' id='word_1_294' title='bbox 342 2543 616 2589; x_wconf 85' lang='lat' dir='ltr'><strong>provinciarum</strong></span> <span class='ocrx_word' id='word_1_295' title='bbox 648 2556 744 2594; x_wconf 88' lang='lat' dir='ltr'><strong>quae</strong></span> <span class='ocrx_word' id='word_1_296' title='bbox 781 2546 981 2595; x_wconf 84' lang='lat' dir='ltr'><strong>sequuntur</strong></span> <span class='ocrx_word' id='word_1_297' title='bbox 1011 2549 1049 2586; x_wconf 89' lang='lat' dir='ltr'><strong>in</strong></span> 
     </span>
     <span class='ocr_line' id='line_1_43' title="bbox 82 2588 1050 2640; baseline 0.013 -16"><span class='ocrx_word' id='word_1_298' title='bbox 82 2588 238 2636; x_wconf 85' lang='lat' dir='ltr'><strong>vulgatis</strong></span> <span class='ocrx_word' id='word_1_299' title='bbox 258 2592 526 2640; x_wconf 82' lang='lat' dir='ltr'><strong>exemplaribus</strong></span> <span class='ocrx_word' id='word_1_300' title='bbox 536 2595 683 2639; x_wconf 43' lang='lat' dir='ltr'><strong>..dit-haja</strong></span> <span class='ocrx_word' id='word_1_301' title='bbox 702 2605 746 2632; x_wconf 68' lang='lat'><strong>(7</strong></span> <span class='ocrx_word' id='word_1_302' title='bbox 760 2597 965 2635; x_wconf 75' lang='lat' dir='ltr'><strong>Macedonia</strong></span> <span class='ocrx_word' id='word_1_303' title='bbox 986 2599 1050 2637; x_wconf 88' lang='lat' dir='ltr'><strong>sci—</strong></span> 
     </span>
     <span class='ocr_line' id='line_1_44' title="bbox 79 2637 1050 2692; baseline 0.013 -17"><span class='ocrx_word' id='word_1_304' title='bbox 79 2637 190 2682; x_wconf 89' lang='lat' dir='ltr'><strong>licet,</strong></span> <span class='ocrx_word' id='word_1_305' title='bbox 231 2640 269 2676; x_wconf 87' lang='lat' dir='ltr'><strong>in</strong></span> <span class='ocrx_word' id='word_1_306' title='bbox 292 2641 490 2692; x_wconf 85' lang='lat' dir='ltr'><strong>Campenfi</strong></span> <span class='ocrx_word' id='word_1_307' title='bbox 521 2646 616 2683; x_wconf 82' lang='lat' dir='ltr'><strong>erasa</strong></span> <span class='ocrx_word' id='word_1_308' title='bbox 643 2647 747 2691; x_wconf 89' lang='lat' dir='ltr'><strong>sunt,</strong></span> <span class='ocrx_word' id='word_1_309' title='bbox 784 2649 823 2686; x_wconf 68' lang='grc' dir='ltr'><strong>ὅ(</strong></span> <span class='ocrx_word' id='word_1_310' title='bbox 844 2661 922 2687; x_wconf 92' lang='lat' dir='ltr'><strong>non</strong></span> <span class='ocrx_word' id='word_1_311' title='bbox 953 2651 1050 2689; x_wconf 85' lang='lat' dir='ltr'><strong>male</strong></span> 
     </span>
     <span class='ocr_line' id='line_1_45' title="bbox 79 2689 1051 2741; baseline 0.014 -16"><span class='ocrx_word' id='word_1_312' title='bbox 79 2689 253 2738; x_wconf 76' lang='lat' dir='ltr'><strong>profec‘to</strong></span> <span class='ocrx_word' id='word_1_313' title='bbox 276 2718 287 2735; x_wconf 85' lang='lat'><strong>,</strong></span> <span class='ocrx_word' id='word_1_314' title='bbox 335 2704 420 2731; x_wconf 86' lang='lat' dir='ltr'><strong>curn</strong></span> <span class='ocrx_word' id='word_1_315' title='bbox 449 2707 494 2732; x_wconf 81' lang='lat' dir='ltr'><strong>ex</strong></span> <span class='ocrx_word' id='word_1_316' title='bbox 523 2696 614 2735; x_wconf 85' lang='lat' dir='ltr'><strong>falfis</strong></span> <span class='ocrx_word' id='word_1_317' title='bbox 643 2699 954 2738; x_wconf 86' lang='lat' dir='ltr'><strong>annotatiunculis</strong></span> <span class='ocrx_word' id='word_1_318' title='bbox 983 2701 1051 2741; x_wconf 88' lang='lat' dir='ltr'><strong>fint</strong></span> 
     </span>
     <span class='ocr_line' id='line_1_46' title="bbox 78 2740 1051 2800; baseline 0.012 -23"><span class='ocrx_word' id='word_1_319' title='bbox 78 2740 234 2779; x_wconf 82' lang='lat' dir='ltr'><strong>fortasfis</strong></span> <span class='ocrx_word' id='word_1_320' title='bbox 259 2740 382 2781; x_wconf 76' lang='lat' dir='ltr'><strong>assuta.</strong></span> <span class='ocrx_word' id='word_1_321' title='bbox 405 2744 544 2785; x_wconf 89' lang='lat' dir='ltr'><strong>PIGH.</strong></span> <span class='ocrx_word' id='word_1_322' title='bbox 582 2750 646 2784; x_wconf 82' lang='lat' dir='ltr'><strong>Cm&#39;</strong></span> <span class='ocrx_word' id='word_1_323' title='bbox 667 2764 743 2785; x_wconf 87' lang='lat' dir='ltr'><strong>mox</strong></span> <span class='ocrx_word' id='word_1_324' title='bbox 763 2748 847 2787; x_wconf 82' lang='lat' dir='ltr'><strong>duas</strong></span> <span class='ocrx_word' id='word_1_325' title='bbox 862 2751 1051 2800; x_wconf 74' lang='lat' dir='ltr'><strong>clariffimas</strong></span> 
     </span>
     <span class='ocr_line' id='line_1_47' title="bbox 75 2793 1051 2846; baseline 0.014 -19"><span class='ocrx_word' id='word_1_326' title='bbox 75 2793 265 2837; x_wconf 64' lang='lat' dir='ltr'><strong>provincias</strong></span> <span class='ocrx_word' id='word_1_327' title='bbox 285 2805 347 2830; x_wconf 80' lang='lat' dir='ltr'><strong>aut</strong></span> <span class='ocrx_word' id='word_1_328' title='bbox 366 2793 505 2834; x_wconf 78' lang='lat' dir='ltr'><strong>daturus</strong></span> <span class='ocrx_word' id='word_1_329' title='bbox 523 2809 595 2834; x_wconf 78' lang='lat' dir='ltr'><strong>erat</strong></span> <span class='ocrx_word' id='word_1_330' title='bbox 613 2810 675 2836; x_wconf 80' lang='lat' dir='ltr'><strong>aut</strong></span> <span class='ocrx_word' id='word_1_331' title='bbox 694 2799 886 2846; x_wconf 78' lang='lat' dir='ltr'><strong>debiturus,</strong></span> <span class='ocrx_word' id='word_1_332' title='bbox 922 2803 1051 2844; x_wconf 54' lang='lat' dir='ltr'><strong>eAcha-</strong></span> 
     </span>
     <span class='ocr_line' id='line_1_48' title="bbox 74 2843 1052 2902; baseline 0.014 -24"><span class='ocrx_word' id='word_1_333' title='bbox 74 2846 149 2891; x_wconf 81' lang='lat' dir='ltr'><strong>jam</strong></span> <span class='ocrx_word' id='word_1_334' title='bbox 169 2843 464 2882; x_wconf 64' lang='lat' dir='ltr'><strong>&amp;Macedoniam</strong></span> <span class='ocrx_word' id='word_1_335' title='bbox 478 2849 506 2884; x_wconf 69' lang='grc' dir='ltr'><strong>ἓ.</strong></span> <span class='ocrx_word' id='word_1_336' title='bbox 552 2849 680 2888; x_wconf 81' lang='lat' dir='ltr'><strong>Voces</strong></span> <span class='ocrx_word' id='word_1_337' title='bbox 700 2852 886 2902; x_wconf 60' lang='lat' dir='ltr'><strong>Achajam</strong></span> <span class='ocrx_word' id='word_1_338' title='bbox 907 2858 1052 2892; x_wconf 66' lang='lat' dir='ltr'><strong>&amp;Ma-</strong></span> 
     </span>
     <span class='ocr_line' id='line_1_49' title="bbox 79 2892 1050 2953; baseline 0.018 -25"><span class='ocrx_word' id='word_1_339' title='bbox 79 2892 245 2930; x_wconf 74' lang='lat' dir='ltr'><strong>cedoniam</strong></span> <span class='ocrx_word' id='word_1_340' title='bbox 258 2922 268 2939; x_wconf 92' lang='lat'>,</span> <span class='ocrx_word' id='word_1_341' title='bbox 295 2907 381 2934; x_wconf 89' lang='lat' dir='ltr'><strong>cum</strong></span> <span class='ocrx_word' id='word_1_342' title='bbox 400 2898 439 2934; x_wconf 90' lang='lat' dir='ltr'><strong>in</strong></span> <span class='ocrx_word' id='word_1_343' title='bbox 459 2900 631 2938; x_wconf 90' lang='lat' dir='ltr'><strong>omnibus</strong></span> <span class='ocrx_word' id='word_1_344' title='bbox 652 2901 763 2940; x_wconf 84' lang='lat' dir='ltr'>codd.</span> <span class='ocrx_word' id='word_1_345' title='bbox 782 2903 972 2953; x_wconf 79' lang='lat' dir='ltr'><strong>legantur,</strong></span> <span class='ocrx_word' id='word_1_346' title='bbox 990 2907 1050 2945; x_wconf 90' lang='lat' dir='ltr'><strong>Pi-</strong></span> 
     </span>
     <span class='ocr_line' id='line_1_50' title="bbox 77 2943 1046 3002; baseline 0.015 -21"><span class='ocrx_word' id='word_1_347' title='bbox 77 2943 181 2990; x_wconf 71' lang='lat' dir='ltr'><strong>ghius</strong></span> <span class='ocrx_word' id='word_1_348' title='bbox 211 2953 339 2984; x_wconf 85' lang='lat' dir='ltr'><strong>tamen</strong></span> <span class='ocrx_word' id='word_1_349' title='bbox 378 2951 588 2997; x_wconf 78' lang='lat' dir='ltr'><strong>expunxit3</strong></span> <span class='ocrx_word' id='word_1_350' title='bbox 634 2952 739 3002; x_wconf 85' lang='lat' dir='ltr'><strong>quod</strong></span> <span class='ocrx_word' id='word_1_351' title='bbox 779 2954 818 2992; x_wconf 89' lang='lat' dir='ltr'><strong>in</strong></span> <span class='ocrx_word' id='word_1_352' title='bbox 855 2967 933 2994; x_wconf 88' lang='lat' dir='ltr'><strong>uno</strong></span> <span class='ocrx_word' id='word_1_353' title='bbox 962 2958 1046 2997; x_wconf 89' lang='lat' dir='ltr'><strong>cod.</strong></span> 
     </span>
     <span class='ocr_line' id='line_1_51' title="bbox 78 2994 1047 3052; baseline 0.017 -19"><span class='ocrx_word' id='word_1_354' title='bbox 78 2994 278 3047; x_wconf 77' lang='lat' dir='ltr'><strong>campensi</strong></span> <span class='ocrx_word' id='word_1_355' title='bbox 297 3010 375 3038; x_wconf 88' lang='lat' dir='ltr'><strong>non</strong></span> <span class='ocrx_word' id='word_1_356' title='bbox 397 3002 541 3049; x_wconf 78' lang='lat' dir='ltr'><strong>prorsus</strong></span> <span class='ocrx_word' id='word_1_357' title='bbox 560 3001 717 3043; x_wconf 87' lang='lat' dir='ltr'><strong>deficere</strong></span> <span class='ocrx_word' id='word_1_358' title='bbox 729 3003 812 3052; x_wconf 73' lang='lat' dir='ltr'><strong>‚sed</strong></span> <span class='ocrx_word' id='word_1_359' title='bbox 830 3008 944 3047; x_wconf 79' lang='lat' dir='ltr'><strong>erasas</strong></span> <span class='ocrx_word' id='word_1_360' title='bbox 965 3020 1047 3049; x_wconf 76' lang='lat' dir='ltr'><strong>rno-</strong></span> 
     </span>
    </p>
   </div>
   <div class='ocr_carea' id='block_1_10' title="bbox 1993 1013 2082 1061">
    <p class='ocr_par' dir='ltr' id='par_1_13' title="bbox 1993 1013 2082 1061">
     <span class='ocr_line' id='line_1_52' title="bbox 1993 1013 2082 1061; baseline 0.022 -2"><span class='ocrx_word' id='word_1_361' title='bbox 1993 1013 2082 1061; x_wconf 87' lang='lat' dir='ltr'><strong>Sed</strong></span> 
     </span>
    </p>
   </div>
   <div class='ocr_carea' id='block_1_11' title="bbox 1098 1123 2081 3114">
    <p class='ocr_par' dir='ltr' id='par_1_14' title="bbox 1098 1123 2081 2896">
     <span class='ocr_line' id='line_1_53' title="bbox 1111 1123 2078 1186; baseline 0.021 -25"><span class='ocrx_word' id='word_1_362' title='bbox 1111 1123 1161 1162; x_wconf 88' lang='lat' dir='ltr'><strong>do</strong></span> <span class='ocrx_word' id='word_1_363' title='bbox 1189 1124 1261 1163; x_wconf 80' lang='lat' dir='ltr'><strong>effe</strong></span> <span class='ocrx_word' id='word_1_364' title='bbox 1291 1127 1611 1168; x_wconf 77' lang='lat' dir='ltr'><strong>animadvertisset.</strong></span> <span class='ocrx_word' id='word_1_365' title='bbox 1673 1133 1821 1174; x_wconf 86' lang='lat' dir='ltr'><strong>Deinde</strong></span> <span class='ocrx_word' id='word_1_366' title='bbox 1855 1150 1923 1186; x_wconf 89' lang='lat' dir='ltr'><strong>pro</strong></span> <span class='ocrx_word' id='word_1_367' title='bbox 1960 1142 2078 1181; x_wconf 80' lang='lat' dir='ltr'><strong>verbis</strong></span> 
     </span>
     <span class='ocr_line' id='line_1_54' title="bbox 1110 1177 2081 1235; baseline 0.016 -24"><span class='ocrx_word' id='word_1_368' title='bbox 1110 1188 1168 1213; x_wconf 78' lang='lat' dir='ltr'><strong>aut</strong></span> <span class='ocrx_word' id='word_1_369' title='bbox 1189 1177 1329 1213; x_wconf 75' lang='lat' dir='ltr'><strong>daturus</strong></span> <span class='ocrx_word' id='word_1_370' title='bbox 1350 1191 1421 1214; x_wconf 76' lang='lat' dir='ltr'><strong>erat</strong></span> <span class='ocrx_word' id='word_1_371' title='bbox 1442 1191 1501 1216; x_wconf 83' lang='lat' dir='ltr'><strong>aut</strong></span> <span class='ocrx_word' id='word_1_372' title='bbox 1530 1180 1700 1218; x_wconf 83' lang='lat' dir='ltr'><strong>debiturus</strong></span> <span class='ocrx_word' id='word_1_373' title='bbox 1726 1187 1880 1235; x_wconf 73' lang='lat' dir='ltr'><strong>scripsit,</strong></span> <span class='ocrx_word' id='word_1_374' title='bbox 1907 1203 1965 1226; x_wconf 74' lang='lat' dir='ltr'><strong>aut</strong></span> <span class='ocrx_word' id='word_1_375' title='bbox 1987 1192 2081 1230; x_wconf 67' lang='lat' dir='ltr'><strong>debe-</strong></span> 
     </span>
     <span class='ocr_line' id='line_1_55' title="bbox 1111 1226 2077 1281; baseline 0.021 -20"><span class='ocrx_word' id='word_1_376' title='bbox 1111 1226 1187 1269; x_wconf 46' lang='lat' dir='ltr'><strong>bat.</strong></span> <span class='ocrx_word' id='word_1_377' title='bbox 1218 1240 1278 1264; x_wconf 73' lang='lat' dir='ltr'><strong>aut</strong></span> <span class='ocrx_word' id='word_1_378' title='bbox 1297 1241 1365 1264; x_wconf 72' lang='lat' dir='ltr'><strong>erat</strong></span> <span class='ocrx_word' id='word_1_379' title='bbox 1387 1229 1572 1269; x_wconf 77' lang='lat' dir='ltr'><strong>debiturus.</strong></span> <span class='ocrx_word' id='word_1_380' title='bbox 1601 1233 1743 1272; x_wconf 85' lang='lat' dir='ltr'><strong>Verum</strong></span> <span class='ocrx_word' id='word_1_381' title='bbox 1766 1238 1823 1274; x_wconf 90' lang='lat' dir='ltr'><strong>vel</strong></span> <span class='ocrx_word' id='word_1_382' title='bbox 1850 1242 1981 1278; x_wconf 86' lang='lat' dir='ltr'><strong>vocula</strong></span> <span class='ocrx_word' id='word_1_383' title='bbox 2001 1258 2077 1281; x_wconf 83' lang='lat' dir='ltr'><strong>mox</strong></span> 
     </span>
     <span class='ocr_line' id='line_1_56' title="bbox 1111 1279 2077 1343; baseline 0.019 -29"><span class='ocrx_word' id='word_1_384' title='bbox 1111 1279 1418 1318; x_wconf 69' lang='lat' dir='ltr'><strong>emendationem</strong></span> <span class='ocrx_word' id='word_1_385' title='bbox 1450 1292 1534 1318; x_wconf 86' lang='lat' dir='ltr'><strong>eam</strong></span> <span class='ocrx_word' id='word_1_386' title='bbox 1563 1284 1797 1324; x_wconf 81' lang='lat' dir='ltr'><strong>refutaverit:</strong></span> <span class='ocrx_word' id='word_1_387' title='bbox 1826 1291 1960 1339; x_wconf 85' lang='lat' dir='ltr'><strong>quippe</strong></span> <span class='ocrx_word' id='word_1_388' title='bbox 1981 1307 2077 1343; x_wconf 84' lang='lat' dir='ltr'><strong>quae</strong></span> 
     </span>
     <span class='ocr_line' id='line_1_57' title="bbox 1111 1330 2075 1389; baseline 0.018 -24"><span class='ocrx_word' id='word_1_389' title='bbox 1111 1330 1263 1367; x_wconf 87' lang='lat' dir='ltr'><strong>verbum</strong></span> <span class='ocrx_word' id='word_1_390' title='bbox 1292 1331 1404 1368; x_wconf 87' lang='lat' dir='ltr'><strong>futuri</strong></span> <span class='ocrx_word' id='word_1_391' title='bbox 1426 1335 1605 1380; x_wconf 80' lang='lat' dir='ltr'><strong>temporis</strong></span> <span class='ocrx_word' id='word_1_392' title='bbox 1624 1334 1764 1372; x_wconf 78' lang='lat' dir='ltr'><strong>daturus</strong></span> <span class='ocrx_word' id='word_1_393' title='bbox 1791 1342 1962 1389; x_wconf 84' lang='lat' dir='ltr'><strong>requirit;</strong></span> <span class='ocrx_word' id='word_1_394' title='bbox 1998 1357 2075 1384; x_wconf 84' lang='lat' dir='ltr'><strong>non</strong></span> 
     </span>
     <span class='ocr_line' id='line_1_58' title="bbox 1110 1380 2073 1436; baseline 0.019 -20"><span class='ocrx_word' id='word_1_395' title='bbox 1110 1380 1263 1418; x_wconf 82' lang='lat' dir='ltr'><strong>verbum</strong></span> <span class='ocrx_word' id='word_1_396' title='bbox 1286 1383 1470 1429; x_wconf 83' lang='lat' dir='ltr'><strong>praeteriti</strong></span> <span class='ocrx_word' id='word_1_397' title='bbox 1486 1382 1636 1422; x_wconf 71' lang='lat' dir='ltr'><strong>debebat.</strong></span> <span class='ocrx_word' id='word_1_398' title='bbox 1670 1386 1718 1423; x_wconf 86' lang='lat' dir='ltr'><strong>Et</strong></span> <span class='ocrx_word' id='word_1_399' title='bbox 1734 1389 1859 1436; x_wconf 86' lang='lat' dir='ltr'><strong>quidni</strong></span> <span class='ocrx_word' id='word_1_400' title='bbox 1883 1394 2073 1435; x_wconf 73' lang='lat' dir='ltr'><strong>confit‘tere</strong></span> 
     </span>
     <span class='ocr_line' id='line_1_59' title="bbox 1108 1432 2076 1489; baseline 0.019 -23"><span class='ocrx_word' id='word_1_401' title='bbox 1108 1432 1215 1479; x_wconf 79' lang='lat' dir='ltr'><strong>poffit</strong></span> <span class='ocrx_word' id='word_1_402' title='bbox 1247 1432 1386 1468; x_wconf 77' lang='lat' dir='ltr'><strong>daturus</strong></span> <span class='ocrx_word' id='word_1_403' title='bbox 1421 1436 1521 1470; x_wconf 76' lang='lat' dir='ltr'><strong>erat?</strong></span> <span class='ocrx_word' id='word_1_404' title='bbox 1559 1436 1732 1474; x_wconf 81' lang='lat' dir='ltr'><strong>Omnino</strong></span> <span class='ocrx_word' id='word_1_405' title='bbox 1765 1441 1946 1489; x_wconf 76' lang='lat' dir='ltr'><strong>populus,</strong></span> <span class='ocrx_word' id='word_1_406' title='bbox 1990 1457 2076 1486; x_wconf 88' lang='lat' dir='ltr'><strong>cum</strong></span> 
     </span>
     <span class='ocr_line' id='line_1_60' title="bbox 1110 1481 2075 1539; baseline 0.018 -21"><span class='ocrx_word' id='word_1_407' title='bbox 1110 1481 1305 1520; x_wconf 79' lang='lat' dir='ltr'><strong>Metellum</strong></span> <span class='ocrx_word' id='word_1_408' title='bbox 1339 1484 1528 1522; x_wconf 89' lang='lat' dir='ltr'><strong>consulem</strong></span> <span class='ocrx_word' id='word_1_409' title='bbox 1560 1487 1671 1531; x_wconf 88' lang='lat' dir='ltr'><strong>fecit,</strong></span> <span class='ocrx_word' id='word_1_410' title='bbox 1714 1490 1750 1525; x_wconf 68' lang='grc' dir='ltr'>ἃ</span> <span class='ocrx_word' id='word_1_411' title='bbox 1780 1493 2010 1539; x_wconf 74' lang='lat' dir='ltr'><strong>provinciam</strong></span> <span class='ocrx_word' id='word_1_412' title='bbox 2042 1500 2075 1535; x_wconf 86' lang='lat' dir='ltr'><strong>ei</strong></span> 
     </span>
     <span class='ocr_line' id='line_1_61' title="bbox 1111 1532 2074 1595; baseline 0.017 -26"><span class='ocrx_word' id='word_1_413' title='bbox 1111 1532 1220 1571; x_wconf 86' lang='lat' dir='ltr'><strong>dedit.</strong></span> <span class='ocrx_word' id='word_1_414' title='bbox 1274 1534 1355 1571; x_wconf 89' lang='lat' dir='ltr'><strong>Nec</strong></span> <span class='ocrx_word' id='word_1_415' title='bbox 1377 1534 1491 1573; x_wconf 80' lang='lat' dir='ltr'><strong>obstat</strong></span> <span class='ocrx_word' id='word_1_416' title='bbox 1512 1538 1613 1584; x_wconf 84' lang='lat' dir='ltr'><strong>quod</strong></span> <span class='ocrx_word' id='word_1_417' title='bbox 1632 1539 1779 1587; x_wconf 85' lang='lat' dir='ltr'><strong>Pighius</strong></span> <span class='ocrx_word' id='word_1_418' title='bbox 1807 1543 1879 1586; x_wconf 85' lang='lat' dir='ltr'><strong>ait,</strong></span> <span class='ocrx_word' id='word_1_419' title='bbox 1907 1557 1984 1582; x_wconf 83' lang='lat' dir='ltr'><strong>non</strong></span> <span class='ocrx_word' id='word_1_420' title='bbox 2005 1560 2074 1595; x_wconf 87' lang='lat' dir='ltr'><strong>po-</strong></span> 
     </span>
     <span class='ocr_line' id='line_1_62' title="bbox 1111 1585 2074 1636; baseline 0.017 -16"><span class='ocrx_word' id='word_1_421' title='bbox 1111 1585 1238 1632; x_wconf 90' lang='lat' dir='ltr'><strong>pulum</strong></span> <span class='ocrx_word' id='word_1_422' title='bbox 1267 1585 1476 1632; x_wconf 81' lang='lat' dir='ltr'><strong>provincias</strong></span> <span class='ocrx_word' id='word_1_423' title='bbox 1508 1587 1675 1633; x_wconf 80' lang='lat' dir='ltr'><strong>dedisse3</strong></span> <span class='ocrx_word' id='word_1_424' title='bbox 1722 1590 1781 1627; x_wconf 88' lang='lat' dir='ltr'><strong>sed</strong></span> <span class='ocrx_word' id='word_1_425' title='bbox 1818 1593 1982 1634; x_wconf 76' lang='lat' dir='ltr'><strong>senatum</strong></span> <span class='ocrx_word' id='word_1_426' title='bbox 2014 1611 2074 1636; x_wconf 80' lang='lat' dir='ltr'><strong>eas</strong></span> 
     </span>
     <span class='ocr_line' id='line_1_63' title="bbox 1113 1635 2073 1688; baseline 0.019 -18"><span class='ocrx_word' id='word_1_427' title='bbox 1113 1635 1373 1683; x_wconf 82' lang='lat' dir='ltr'><strong>magistratibus</strong></span> <span class='ocrx_word' id='word_1_428' title='bbox 1392 1637 1591 1677; x_wconf 84' lang='lat' dir='ltr'><strong>sortiendas</strong></span> <span class='ocrx_word' id='word_1_429' title='bbox 1613 1640 1823 1680; x_wconf 84' lang='lat' dir='ltr'><strong>decreviffe.</strong></span> <span class='ocrx_word' id='word_1_430' title='bbox 1877 1646 1952 1684; x_wconf 84' lang='lat' dir='ltr'><strong>Nifi</strong></span> <span class='ocrx_word' id='word_1_431' title='bbox 1974 1651 2073 1688; x_wconf 74' lang='lat' dir='ltr'><strong>enirn</strong></span> 
     </span>
     <span class='ocr_line' id='line_1_64' title="bbox 1111 1685 2076 1746; baseline 0.019 -26"><span class='ocrx_word' id='word_1_432' title='bbox 1111 1685 1269 1734; x_wconf 87' lang='lat' dir='ltr'><strong>populus</strong></span> <span class='ocrx_word' id='word_1_433' title='bbox 1290 1687 1487 1725; x_wconf 86' lang='lat' dir='ltr'><strong>Metellum</strong></span> <span class='ocrx_word' id='word_1_434' title='bbox 1518 1691 1707 1728; x_wconf 83' lang='lat' dir='ltr'><strong>consulem</strong></span> <span class='ocrx_word' id='word_1_435' title='bbox 1736 1693 1898 1739; x_wconf 73' lang='lat' dir='ltr'><strong>fecisset,</strong></span> <span class='ocrx_word' id='word_1_436' title='bbox 1928 1702 2076 1746; x_wconf 69' lang='lat' dir='ltr'><strong>provin-</strong></span> 
     </span>
     <span class='ocr_line' id='line_1_65' title="bbox 1113 1735 2079 1797; baseline 0.02 -26"><span class='ocrx_word' id='word_1_437' title='bbox 1113 1735 1207 1773; x_wconf 76' lang='lat' dir='ltr'><strong>ciam</strong></span> <span class='ocrx_word' id='word_1_438' title='bbox 1235 1736 1295 1773; x_wconf 91' lang='lat' dir='ltr'><strong>ille</strong></span> <span class='ocrx_word' id='word_1_439' title='bbox 1330 1749 1400 1774; x_wconf 90' lang='lat' dir='ltr'><strong>nec</strong></span> <span class='ocrx_word' id='word_1_440' title='bbox 1427 1740 1593 1788; x_wconf 81' lang='lat' dir='ltr'><strong>accipere</strong></span> <span class='ocrx_word' id='word_1_441' title='bbox 1634 1742 1816 1790; x_wconf 76' lang='lat' dir='ltr'><strong>potuisset.</strong></span> <span class='ocrx_word' id='word_1_442' title='bbox 1869 1749 1986 1797; x_wconf 85' lang='lat' dir='ltr'><strong>Quod</strong></span> <span class='ocrx_word' id='word_1_443' title='bbox 2011 1763 2079 1790; x_wconf 89' lang='lat' dir='ltr'><strong>no-</strong></span> 
     </span>
     <span class='ocr_line' id='line_1_66' title="bbox 1111 1786 2079 1841; baseline 0.021 -20"><span class='ocrx_word' id='word_1_444' title='bbox 1111 1787 1180 1824; x_wconf 87' lang='lat' dir='ltr'><strong>ster</strong></span> <span class='ocrx_word' id='word_1_445' title='bbox 1202 1786 1287 1824; x_wconf 79' lang='lat' dir='ltr'><strong>duas</strong></span> <span class='ocrx_word' id='word_1_446' title='bbox 1309 1789 1498 1836; x_wconf 69' lang='lat' dir='ltr'><strong>pro-vincias</strong></span> <span class='ocrx_word' id='word_1_447' title='bbox 1527 1793 1721 1838; x_wconf 80' lang='lat' dir='ltr'><strong>nominat,</strong></span> <span class='ocrx_word' id='word_1_448' title='bbox 1748 1795 1890 1834; x_wconf 76' lang='lat' dir='ltr'><strong>necesse</strong></span> <span class='ocrx_word' id='word_1_449' title='bbox 1920 1803 2079 1841; x_wconf 82' lang='lat' dir='ltr'><strong>omnino</strong></span> 
     </span>
     <span class='ocr_line' id='line_1_67' title="bbox 1110 1839 2076 1902; baseline 0.018 -28"><span class='ocrx_word' id='word_1_450' title='bbox 1110 1840 1157 1875; x_wconf 80' lang='lat' dir='ltr'><strong>est</strong></span> <span class='ocrx_word' id='word_1_451' title='bbox 1185 1839 1371 1886; x_wconf 60' lang='lat' dir='ltr'><strong>Athajam</strong></span> <span class='ocrx_word' id='word_1_452' title='bbox 1407 1848 1452 1876; x_wconf 66' lang='lat'><strong>&lt;7</strong></span> <span class='ocrx_word' id='word_1_453' title='bbox 1474 1842 1710 1880; x_wconf 75' lang='lat' dir='ltr'><strong>Macedoniam</strong></span> <span class='ocrx_word' id='word_1_454' title='bbox 1749 1846 1932 1897; x_wconf 79' lang='lat' dir='ltr'><strong>intelligi:</strong></span> <span class='ocrx_word' id='word_1_455' title='bbox 1981 1866 2076 1902; x_wconf 79' lang='lat' dir='ltr'><strong>quae</strong></span> 
     </span>
     <span class='ocr_line' id='line_1_68' title="bbox 1110 1888 2079 1942; baseline 0.018 -17"><span class='ocrx_word' id='word_1_456' title='bbox 1110 1888 1239 1926; x_wconf 83' lang='lat' dir='ltr'><strong>diserte</strong></span> <span class='ocrx_word' id='word_1_457' title='bbox 1269 1902 1359 1927; x_wconf 85' lang='lat' dir='ltr'><strong>mox</strong></span> <span class='ocrx_word' id='word_1_458' title='bbox 1381 1891 1420 1928; x_wconf 68' lang='grc' dir='ltr'><strong>δε</strong></span> <span class='ocrx_word' id='word_1_459' title='bbox 1439 1893 1692 1932; x_wconf 81' lang='lat' dir='ltr'><strong>nominantur.</strong></span> <span class='ocrx_word' id='word_1_460' title='bbox 1741 1896 1789 1934; x_wconf 87' lang='lat' dir='ltr'><strong>Et</strong></span> <span class='ocrx_word' id='word_1_461' title='bbox 1808 1908 1902 1937; x_wconf 85' lang='lat' dir='ltr'><strong>err-at</strong></span> <span class='ocrx_word' id='word_1_462' title='bbox 1919 1902 1979 1939; x_wconf 84' lang='lat' dir='ltr'><strong>hic</strong></span> <span class='ocrx_word' id='word_1_463' title='bbox 2000 1917 2079 1942; x_wconf 86' lang='lat' dir='ltr'><strong>rur·</strong></span> 
     </span>
     <span class='ocr_line' id='line_1_69' title="bbox 1107 1939 2079 1994; baseline 0.019 -19"><span class='ocrx_word' id='word_1_464' title='bbox 1107 1939 1163 1976; x_wconf 85' lang='lat' dir='ltr'><strong>sus</strong></span> <span class='ocrx_word' id='word_1_465' title='bbox 1194 1941 1365 1988; x_wconf 81' lang='lat' dir='ltr'><strong>Pighius,</strong></span> <span class='ocrx_word' id='word_1_466' title='bbox 1406 1942 1508 1991; x_wconf 87' lang='lat' dir='ltr'><strong>quod</strong></span> <span class='ocrx_word' id='word_1_467' title='bbox 1537 1945 1751 1994; x_wconf 79' lang='lat' dir='ltr'><strong>Hispaniam</strong></span> <span class='ocrx_word' id='word_1_468' title='bbox 1781 1949 1988 1990; x_wconf 81' lang='lat' dir='ltr'><strong>citeriorem</strong></span> <span class='ocrx_word' id='word_1_469' title='bbox 2021 1956 2079 1992; x_wconf 83' lang='lat' dir='ltr'><strong>in-</strong></span> 
     </span>
     <span class='ocr_line' id='line_1_70' title="bbox 1108 1990 2076 2050; baseline 0.018 -24"><span class='ocrx_word' id='word_1_470' title='bbox 1108 1990 1221 2039; x_wconf 84' lang='lat' dir='ltr'><strong>telligi</strong></span> <span class='ocrx_word' id='word_1_471' title='bbox 1250 2000 1364 2039; x_wconf 82' lang='lat' dir='ltr'><strong>putat.</strong></span> <span class='ocrx_word' id='word_1_472' title='bbox 1428 1993 1657 2034; x_wconf 81' lang='lat' dir='ltr'><strong>Sententiam</strong></span> <span class='ocrx_word' id='word_1_473' title='bbox 1689 1997 1735 2034; x_wconf 87' lang='lat' dir='ltr'><strong>de</strong></span> <span class='ocrx_word' id='word_1_474' title='bbox 1770 2000 1910 2050; x_wconf 72' lang='lat' dir='ltr'><strong>Achaja</strong></span> <span class='ocrx_word' id='word_1_475' title='bbox 1941 2006 2076 2043; x_wconf 81' lang='lat' dir='ltr'><strong>confir-</strong></span> 
     </span>
     <span class='ocr_line' id='line_1_71' title="bbox 1109 2042 2075 2098; baseline 0.02 -21"><span class='ocrx_word' id='word_1_476' title='bbox 1109 2050 1187 2078; x_wconf 86' lang='lat' dir='ltr'><strong>mat</strong></span> <span class='ocrx_word' id='word_1_477' title='bbox 1218 2042 1321 2092; x_wconf 87' lang='lat' dir='ltr'><strong>quod</strong></span> <span class='ocrx_word' id='word_1_478' title='bbox 1351 2054 1430 2082; x_wconf 89' lang='lat' dir='ltr'><strong>non</strong></span> <span class='ocrx_word' id='word_1_479' title='bbox 1459 2052 1603 2084; x_wconf 85' lang='lat' dir='ltr'><strong>tantum</strong></span> <span class='ocrx_word' id='word_1_480' title='bbox 1637 2047 1681 2084; x_wconf 91' lang='lat' dir='ltr'><strong>de</strong></span> <span class='ocrx_word' id='word_1_481' title='bbox 1711 2050 1987 2098; x_wconf 81' lang='lat' dir='ltr'><strong>Macedonico,</strong></span> <span class='ocrx_word' id='word_1_482' title='bbox 2014 2057 2075 2096; x_wconf 84' lang='lat' dir='ltr'><strong>sed</strong></span> 
     </span>
     <span class='ocr_line' id='line_1_72' title="bbox 1109 2092 2074 2146; baseline 0.018 -17"><span class='ocrx_word' id='word_1_483' title='bbox 1109 2092 1147 2129; x_wconf 88' lang='lat'>&amp;</span> <span class='ocrx_word' id='word_1_484' title='bbox 1180 2092 1226 2130; x_wconf 92' lang='lat' dir='ltr'><strong>de</strong></span> <span class='ocrx_word' id='word_1_485' title='bbox 1253 2094 1424 2133; x_wconf 78' lang='lat' dir='ltr'><strong>Achaico</strong></span> <span class='ocrx_word' id='word_1_486' title='bbox 1460 2095 1557 2133; x_wconf 88' lang='lat' dir='ltr'><strong>bello</strong></span> <span class='ocrx_word' id='word_1_487' title='bbox 1596 2098 1832 2146; x_wconf 73' lang='lat' dir='ltr'><strong>praedixerat.</strong></span> <span class='ocrx_word' id='word_1_488' title='bbox 1879 2105 2074 2146; x_wconf 82' lang='lat' dir='ltr'>VORST.</span> 
     </span>
     <span class='ocr_line' id='line_1_73' title="bbox 1108 2143 2077 2201; baseline 0.019 -22"><span class='ocrx_word' id='word_1_489' title='bbox 1108 2143 1164 2180; x_wconf 90' lang='lat' dir='ltr'><strong>Ut</strong></span> <span class='ocrx_word' id='word_1_490' title='bbox 1197 2144 1364 2183; x_wconf 84' lang='lat' dir='ltr'><strong>Vorstius</strong></span> <span class='ocrx_word' id='word_1_491' title='bbox 1394 2148 1432 2184; x_wconf 73' lang='grc' dir='ltr'><strong>δε</strong></span> <span class='ocrx_word' id='word_1_492' title='bbox 1462 2159 1594 2185; x_wconf 86' lang='lat' dir='ltr'><strong>ornnes</strong></span> <span class='ocrx_word' id='word_1_493' title='bbox 1628 2159 1714 2191; x_wconf 78' lang='lat' dir='ltr'><strong>ante</strong></span> <span class='ocrx_word' id='word_1_494' title='bbox 1744 2151 1913 2201; x_wconf 83' lang='lat' dir='ltr'><strong>Pighium</strong></span> <span class='ocrx_word' id='word_1_495' title='bbox 1944 2158 2077 2197; x_wconf 53' lang='lat' dir='ltr'><strong>editio«</strong></span> 
     </span>
     <span class='ocr_line' id='line_1_74' title="bbox 1106 2196 2076 2249; baseline 0.018 -18"><span class='ocrx_word' id='word_1_496' title='bbox 1106 2205 1170 2231; x_wconf 87' lang='lat' dir='ltr'><strong>nes</strong></span> <span class='ocrx_word' id='word_1_497' title='bbox 1192 2196 1395 2241; x_wconf 87' lang='lat' dir='ltr'><strong>exhibent,</strong></span> <span class='ocrx_word' id='word_1_498' title='bbox 1421 2198 1470 2234; x_wconf 80' lang='lat' dir='ltr'><strong>ita</strong></span> <span class='ocrx_word' id='word_1_499' title='bbox 1490 2210 1644 2248; x_wconf 89' lang='lat' dir='ltr'><strong>quoque</strong></span> <span class='ocrx_word' id='word_1_500' title='bbox 1668 2200 1802 2249; x_wconf 84' lang='lat' dir='ltr'><strong>legitur</strong></span> <span class='ocrx_word' id='word_1_501' title='bbox 1820 2205 1856 2241; x_wconf 86' lang='lat' dir='ltr'><strong>in</strong></span> <span class='ocrx_word' id='word_1_502' title='bbox 1878 2207 1982 2246; x_wconf 88' lang='lat' dir='ltr'>MSS.</span> <span class='ocrx_word' id='word_1_503' title='bbox 2006 2223 2076 2248; x_wconf 81' lang='lat' dir='ltr'><strong>no-</strong></span> 
     </span>
     <span class='ocr_line' id='line_1_75' title="bbox 1106 2244 2075 2302; baseline 0.017 -21"><span class='ocrx_word' id='word_1_504' title='bbox 1106 2244 1182 2282; x_wconf 85' lang='lat' dir='ltr'><strong>stris</strong></span> <span class='ocrx_word' id='word_1_505' title='bbox 1209 2247 1406 2291; x_wconf 75' lang='lat' dir='ltr'><strong>omnibus,</strong></span> <span class='ocrx_word' id='word_1_506' title='bbox 1444 2248 1510 2286; x_wconf 82' lang='lat' dir='ltr'><strong>nisi</strong></span> <span class='ocrx_word' id='word_1_507' title='bbox 1539 2250 1642 2299; x_wconf 86' lang='lat' dir='ltr'><strong>quod</strong></span> <span class='ocrx_word' id='word_1_508' title='bbox 1669 2252 1813 2299; x_wconf 82' lang='lat' dir='ltr'><strong>pauculi</strong></span> <span class='ocrx_word' id='word_1_509' title='bbox 1843 2256 1978 2296; x_wconf 80' lang='lat' dir='ltr'><strong>habent</strong></span> <span class='ocrx_word' id='word_1_510' title='bbox 2007 2266 2075 2302; x_wconf 66' lang='grc' dir='ltr'><strong>ἱΛ-</strong></span> 
     </span>
     <span class='ocr_line' id='line_1_76' title="bbox 1102 2295 2071 2360; baseline 0.02 -30"><span class='ocrx_word' id='word_1_511' title='bbox 1102 2295 1233 2339; x_wconf 73' lang='lat' dir='ltr'><strong>clmjam</strong></span> <span class='ocrx_word' id='word_1_512' title='bbox 1268 2309 1327 2333; x_wconf 77' lang='lat' dir='ltr'><strong>aut</strong></span> <span class='ocrx_word' id='word_1_513' title='bbox 1359 2297 1608 2337; x_wconf 72' lang='lat' dir='ltr'><strong>Macedoniam.</strong></span> <span class='ocrx_word' id='word_1_514' title='bbox 1656 2303 1693 2339; x_wconf 80' lang='lat' dir='ltr'><strong>in</strong></span> <span class='ocrx_word' id='word_1_515' title='bbox 1719 2304 1793 2341; x_wconf 82' lang='lat' dir='ltr'><strong>fine</strong></span> <span class='ocrx_word' id='word_1_516' title='bbox 1822 2306 1920 2345; x_wconf 80' lang='lat' dir='ltr'><strong>addit</strong></span> <span class='ocrx_word' id='word_1_517' title='bbox 1942 2311 2071 2360; x_wconf 72' lang='lat' dir='ltr'><strong>Ultrstj.</strong></span> 
     </span>
     <span class='ocr_line' id='line_1_77' title="bbox 1101 2345 2074 2411; baseline 0.017 -30"><span class='ocrx_word' id='word_1_518' title='bbox 1101 2345 1169 2383; x_wconf 80' lang='lat' dir='ltr'><strong>sec.</strong></span> <span class='ocrx_word' id='word_1_519' title='bbox 1192 2349 1417 2394; x_wconf 62' lang='lat' dir='ltr'><strong>Reverentius</strong></span> <span class='ocrx_word' id='word_1_520' title='bbox 1443 2351 1544 2386; x_wconf 83' lang='lat' dir='ltr'><strong>etiam</strong></span> <span class='ocrx_word' id='word_1_521' title='bbox 1564 2359 1609 2387; x_wconf 76' lang='lat'><strong>&lt;9¹</strong></span> <span class='ocrx_word' id='word_1_522' title='bbox 1627 2351 1757 2390; x_wconf 76' lang='lat' dir='ltr'><strong>dulcius</strong></span> <span class='ocrx_word' id='word_1_523' title='bbox 1773 2358 1966 2405; x_wconf 77' lang='lat' dir='ltr'><strong>poffidetur,</strong></span> <span class='ocrx_word' id='word_1_524' title='bbox 1987 2362 2074 2411; x_wconf 73' lang='lat' dir='ltr'><strong>quod</strong></span> 
     </span>
     <span class='ocr_line' id='line_1_78' title="bbox 1101 2398 2068 2454; baseline 0.018 -22"><span class='ocrx_word' id='word_1_525' title='bbox 1101 2410 1171 2433; x_wconf 74' lang='lat' dir='ltr'><strong>cnm</strong></span> <span class='ocrx_word' id='word_1_526' title='bbox 1199 2398 1311 2435; x_wconf 83' lang='lat' dir='ltr'><strong>labore</strong></span> <span class='ocrx_word' id='word_1_527' title='bbox 1339 2401 1446 2452; x_wconf 76' lang='lat' dir='ltr'><strong>magis</strong></span> <span class='ocrx_word' id='word_1_528' title='bbox 1473 2406 1672 2450; x_wconf 79' lang='lat' dir='ltr'><strong>acqusrirur.</strong></span> <span class='ocrx_word' id='word_1_529' title='bbox 1699 2407 1802 2454; x_wconf 88' lang='lat' dir='ltr'><strong>quod</strong></span> <span class='ocrx_word' id='word_1_530' title='bbox 1826 2410 1935 2447; x_wconf 77' lang='lat' dir='ltr'><strong>exstat</strong></span> <span class='ocrx_word' id='word_1_531' title='bbox 1959 2414 2068 2449; x_wconf 82' lang='lat' dir='ltr'><strong>etiam</strong></span> 
     </span>
     <span class='ocr_line' id='line_1_79' title="bbox 1100 2447 2074 2535; baseline 0.015 -50"><span class='ocrx_word' id='word_1_532' title='bbox 1100 2447 1139 2535; x_wconf 82' lang='lat' dir='ltr'><strong>in1</strong></span> <span class='ocrx_word' id='word_1_533' title='bbox 1166 2460 1244 2487; x_wconf 90' lang='lat' dir='ltr'><strong>uno</strong></span> <span class='ocrx_word' id='word_1_534' title='bbox 1267 2450 1386 2489; x_wconf 80' lang='lat' dir='ltr'><strong>Duae.</strong></span> <span class='ocrx_word' id='word_1_535' title='bbox 1431 2451 1502 2490; x_wconf 90' lang='lat' dir='ltr'><strong>Sed</strong></span> <span class='ocrx_word' id='word_1_536' title='bbox 1523 2453 1681 2494; x_wconf 82' lang='lat' dir='ltr'><strong>nimium</strong></span> <span class='ocrx_word' id='word_1_537' title='bbox 1711 2460 1902 2497; x_wconf 83' lang='lat' dir='ltr'><strong>manifeste</strong></span> <span class='ocrx_word' id='word_1_538' title='bbox 1917 2460 2074 2509; x_wconf 75' lang='lat' dir='ltr'><strong>glossam.</strong></span> 
     </span>
     <span class='ocr_line' id='line_1_80' title="bbox 1101 2506 1460 2536; baseline 0.011 0"><span class='ocrx_word' id='word_1_539' title='bbox 1101 2511 1126 2536; x_wconf 92' lang='grc'>0</span> <span class='ocrx_word' id='word_1_540' title='bbox 1144 2506 1188 2536; x_wconf 85' lang='lat' dir='ltr'><strong>et.</strong></span> <span class='ocrx_word' id='word_1_541' title='bbox 1364 2525 1367 2526; x_wconf 30' lang='grc' dir='ltr'><em>ν</em></span> <span class='ocrx_word' id='word_1_542' title='bbox 1458 2527 1460 2529; x_wconf 97' lang='grc'>-</span> 
     </span>
     <span class='ocr_line' id='line_1_81' title="bbox 1152 2552 2070 2608; baseline 0.015 -23"><span class='ocrx_word' id='word_1_543' title='bbox 1152 2562 1211 2601; x_wconf 84' lang='lat'><strong>23.</strong></span> <span class='ocrx_word' id='word_1_544' title='bbox 1248 2552 1412 2589; x_wconf 65' lang='lat' dir='ltr'><strong>Divitias</strong></span> <span class='ocrx_word' id='word_1_545' title='bbox 1438 2561 1483 2590; x_wconf 61' lang='lat' dir='ltr'><strong>&lt;J</strong></span> <span class='ocrx_word' id='word_1_546' title='bbox 1502 2555 1642 2606; x_wconf 83' lang='lat' dir='ltr'><strong>imperia</strong></span> <span class='ocrx_word' id='word_1_547' title='bbox 1675 2559 1819 2608; x_wconf 68' lang='lat' dir='ltr'><strong>largitus</strong></span> <span class='ocrx_word' id='word_1_548' title='bbox 1845 2559 1906 2608; x_wconf 63' lang='lat' dir='ltr'><strong>esi]</strong></span> <span class='ocrx_word' id='word_1_549' title='bbox 1951 2561 2070 2598; x_wconf 27' lang='lat' dir='ltr'><strong>Pieri-⁷</strong></span> 
     </span>
     <span class='ocr_line' id='line_1_82' title="bbox 1100 2603 2067 2651; baseline 0.01 -13"><span class='ocrx_word' id='word_1_550' title='bbox 1100 2612 1174 2650; x_wconf 84' lang='lat' dir='ltr'><strong>que</strong></span> <span class='ocrx_word' id='word_1_551' title='bbox 1209 2603 1316 2640; x_wconf 89' lang='lat' dir='ltr'>MSS.</span> <span class='ocrx_word' id='word_1_552' title='bbox 1349 2603 1474 2643; x_wconf 81' lang='lat' dir='ltr'><strong>delent</strong></span> <span class='ocrx_word' id='word_1_553' title='bbox 1501 2614 1558 2643; x_wconf 60' lang='grc' dir='ltr'><strong>(δ’.</strong></span> <span class='ocrx_word' id='word_1_554' title='bbox 1611 2607 1792 2651; x_wconf 76' lang='lat' dir='ltr'><strong>Fortasse,</strong></span> <span class='ocrx_word' id='word_1_555' title='bbox 1827 2609 1968 2646; x_wconf 63' lang='lat' dir='ltr'><strong>divitias</strong></span> <span class='ocrx_word' id='word_1_556' title='bbox 2000 2614 2067 2648; x_wconf 78' lang='lat' dir='ltr'><strong>im-</strong></span> 
     </span>
     <span class='ocr_line' id='line_1_83' title="bbox 1098 2653 2065 2711; baseline 0.012 -24"><span class='ocrx_word' id='word_1_557' title='bbox 1098 2653 1190 2702; x_wconf 82' lang='lat' dir='ltr'><strong>perio</strong></span> <span class='ocrx_word' id='word_1_558' title='bbox 1225 2655 1370 2705; x_wconf 76' lang='lat' dir='ltr'><strong>largitus</strong></span> <span class='ocrx_word' id='word_1_559' title='bbox 1405 2659 1461 2704; x_wconf 84' lang='lat' dir='ltr'><strong>est.</strong></span> <span class='ocrx_word' id='word_1_560' title='bbox 1499 2658 1710 2695; x_wconf 84' lang='lat' dir='ltr'>GUDIUS.</span> <span class='ocrx_word' id='word_1_561' title='bbox 1763 2660 1812 2696; x_wconf 85' lang='lat' dir='ltr'><strong>Et</strong></span> <span class='ocrx_word' id='word_1_562' title='bbox 1839 2659 1963 2698; x_wconf 83' lang='lat' dir='ltr'><strong>delent</strong></span> <span class='ocrx_word' id='word_1_563' title='bbox 1989 2663 2065 2711; x_wconf 87' lang='lat' dir='ltr'><strong>ple-</strong></span> 
     </span>
     <span class='ocr_line' id='line_1_84' title="bbox 1102 2703 2064 2759; baseline 0.01 -18"><span class='ocrx_word' id='word_1_564' title='bbox 1102 2703 1208 2752; x_wconf 87' lang='lat' dir='ltr'><strong>rique</strong></span> <span class='ocrx_word' id='word_1_565' title='bbox 1241 2705 1353 2743; x_wconf 84' lang='lat' dir='ltr'><strong>nostri</strong></span> <span class='ocrx_word' id='word_1_566' title='bbox 1384 2706 1492 2745; x_wconf 85' lang='lat' dir='ltr'><strong>Leid.</strong></span> <span class='ocrx_word' id='word_1_567' title='bbox 1526 2708 1753 2756; x_wconf 72' lang='lat' dir='ltr'><strong>Ultrajecffin.</strong></span> <span class='ocrx_word' id='word_1_568' title='bbox 1785 2710 1823 2746; x_wconf 71' lang='grc' dir='ltr'><strong>δε</strong></span> <span class='ocrx_word' id='word_1_569' title='bbox 1852 2710 1983 2759; x_wconf 87' lang='lat' dir='ltr'><strong>Copes.</strong></span> <span class='ocrx_word' id='word_1_570' title='bbox 2024 2722 2064 2752; x_wconf 90' lang='lat' dir='ltr'><strong>ut</strong></span> 
     </span>
     <span class='ocr_line' id='line_1_85' title="bbox 1102 2754 2064 2810; baseline 0.011 -19"><span class='ocrx_word' id='word_1_571' title='bbox 1102 2754 1272 2793; x_wconf 86' lang='lat' dir='ltr'><strong>videatur</strong></span> <span class='ocrx_word' id='word_1_572' title='bbox 1298 2756 1392 2794; x_wconf 83' lang='lat' dir='ltr'><strong>haec</strong></span> <span class='ocrx_word' id='word_1_573' title='bbox 1423 2759 1550 2796; x_wconf 84' lang='lat' dir='ltr'><strong>omnia</strong></span> <span class='ocrx_word' id='word_1_574' title='bbox 1573 2757 1735 2795; x_wconf 80' lang='lat' dir='ltr'><strong>extulisse</strong></span> <span class='ocrx_word' id='word_1_575' title='bbox 1754 2771 1818 2807; x_wconf 87' lang='lat' dir='ltr'><strong>per</strong></span> <span class='ocrx_word' id='word_1_576' title='bbox 1847 2762 2064 2810; x_wconf 81' lang='lat' dir='ltr'><strong>asyndeton.</strong></span> 
     </span>
     <span class='ocr_line' id='line_1_86' title="bbox 1104 2805 2067 2862; baseline 0.011 -20"><span class='ocrx_word' id='word_1_577' title='bbox 1104 2805 1289 2854; x_wconf 87' lang='lat' dir='ltr'><strong>Copulam</strong></span> <span class='ocrx_word' id='word_1_578' title='bbox 1320 2808 1431 2847; x_wconf 87' lang='lat' dir='ltr'><strong>etiam</strong></span> <span class='ocrx_word' id='word_1_579' title='bbox 1461 2821 1539 2847; x_wconf 91' lang='lat' dir='ltr'><strong>non</strong></span> <span class='ocrx_word' id='word_1_580' title='bbox 1568 2808 1728 2857; x_wconf 79' lang='lat' dir='ltr'><strong>agnoscit</strong></span> <span class='ocrx_word' id='word_1_581' title='bbox 1754 2818 1910 2862; x_wconf 88' lang='lat' dir='ltr'><strong>utraque</strong></span> <span class='ocrx_word' id='word_1_582' title='bbox 1939 2814 2067 2853; x_wconf 84' lang='lat' dir='ltr'><strong>Vene-</strong></span> 
     </span>
     <span class='ocr_line' id='line_1_87' title="bbox 1100 2857 1234 2896; baseline 0.022 -3"><span class='ocrx_word' id='word_1_583' title='bbox 1100 2864 1137 2894; x_wconf 88' lang='lat' dir='ltr'><strong>ta</strong></span> <span class='ocrx_word' id='word_1_584' title='bbox 1165 2857 1234 2896; x_wconf 87' lang='lat' dir='ltr'><strong>Ed.</strong></span> 
     </span>
    </p>

    <p class='ocr_par' dir='ltr' id='par_1_15' title="bbox 1098 2909 2062 3102">
     <span class='ocr_line' id='line_1_88' title="bbox 1150 2909 2061 2964; baseline 0.013 -25"><span class='ocrx_word' id='word_1_585' title='bbox 1150 2921 1212 2955; x_wconf 76' lang='lat'><strong>24.</strong></span> <span class='ocrx_word' id='word_1_586' title='bbox 1240 2911 1280 2945; x_wconf 81' lang='lat' dir='ltr'><strong>ln</strong></span> <span class='ocrx_word' id='word_1_587' title='bbox 1293 2925 1329 2946; x_wconf 82' lang='lat' dir='ltr'><strong>eo</strong></span> <span class='ocrx_word' id='word_1_588' title='bbox 1347 2921 1457 2959; x_wconf 66' lang='lat' dir='ltr'><strong>campo</strong></span> <span class='ocrx_word' id='word_1_589' title='bbox 1470 2938 1480 2954; x_wconf 87' lang='lat'>‚</span> <span class='ocrx_word' id='word_1_590' title='bbox 1510 2915 1601 2958; x_wconf 79' lang='lat' dir='ltr'><strong>cujus</strong></span> <span class='ocrx_word' id='word_1_591' title='bbox 1616 2909 1722 2959; x_wconf 78' lang='lat' dir='ltr'><strong>postea</strong></span> <span class='ocrx_word' id='word_1_592' title='bbox 1742 2910 1894 2950; x_wconf 74' lang='lat' dir='ltr'><strong>dominus</strong></span> <span class='ocrx_word' id='word_1_593' title='bbox 1913 2915 2061 2964; x_wconf 69' lang='lat' dir='ltr'><strong>exstitit]</strong></span> 
     </span>
     <span class='ocr_line' id='line_1_89' title="bbox 1100 2959 2062 3015; baseline 0.014 -25"><span class='ocrx_word' id='word_1_594' title='bbox 1100 2960 1220 3006; x_wconf 77' lang='lat' dir='ltr'><strong>Postea</strong></span> <span class='ocrx_word' id='word_1_595' title='bbox 1240 2959 1338 2999; x_wconf 83' lang='lat' dir='ltr'><strong>deest</strong></span> <span class='ocrx_word' id='word_1_596' title='bbox 1355 2962 1393 2999; x_wconf 86' lang='lat' dir='ltr'><strong>in</strong></span> <span class='ocrx_word' id='word_1_597' title='bbox 1413 2961 1544 3009; x_wconf 87' lang='lat' dir='ltr'><strong>Copes.</strong></span> <span class='ocrx_word' id='word_1_598' title='bbox 1571 2962 1606 2997; x_wconf 84' lang='lat' dir='ltr'><strong>in</strong></span> <span class='ocrx_word' id='word_1_599' title='bbox 1621 2961 1728 2997; x_wconf 77' lang='lat' dir='ltr'><strong>eodem</strong></span> <span class='ocrx_word' id='word_1_600' title='bbox 1747 2976 1857 3015; x_wconf 80' lang='lat' dir='ltr'><strong>campo</strong></span> <span class='ocrx_word' id='word_1_601' title='bbox 1875 2965 2062 3014; x_wconf 78' lang='lat' dir='ltr'><strong>legebatur</strong></span> 
     </span>
     <span class='ocr_line' id='line_1_90' title="bbox 1098 3010 1984 3102; baseline 0.009 -54"><span class='ocrx_word' id='word_1_602' title='bbox 1098 3017 1186 3049; x_wconf 83' lang='lat' dir='ltr'><strong>ante</strong></span> <span class='ocrx_word' id='word_1_603' title='bbox 1204 3010 1403 3061; x_wconf 75' lang='lat' dir='ltr'><strong>Pighium3</strong></span> <span class='ocrx_word' id='word_1_604' title='bbox 1428 3011 1490 3051; x_wconf 86' lang='lat' dir='ltr'><strong>sed</strong></span> <span class='ocrx_word' id='word_1_605' title='bbox 1506 3026 1542 3048; x_wconf 69' lang='lat' dir='ltr'><strong>ea</strong></span> <span class='ocrx_word' id='word_1_606' title='bbox 1559 3012 1609 3051; x_wconf 89' lang='lat' dir='ltr'><strong>est</strong></span> <span class='ocrx_word' id='word_1_607' title='bbox 1627 3012 1667 3051; x_wconf 86' lang='lat' dir='ltr'><strong>in</strong></span> <span class='ocrx_word' id='word_1_608' title='bbox 1687 3012 1795 3055; x_wconf 80' lang='lat' dir='ltr'>MSS.</span> <span class='ocrx_word' id='word_1_609' title='bbox 1959 3066 1984 3102; x_wconf 72' lang='lat' dir='ltr'><em>P</em></span> 
     </span>
    </p>

    <p class='ocr_par' dir='ltr' id='par_1_16' title="bbox 1875 3077 2057 3114">
     <span class='ocr_line' id='line_1_91' title="bbox 1875 3077 2057 3114; baseline 0 -12"><span class='ocrx_word' id='word_1_610' title='bbox 1875 3077 1941 3114; x_wconf 68' lang='grc' dir='ltr'><strong>ῖς..</strong></span> <span class='ocrx_word' id='word_1_611' title='bbox 1987 3079 2057 3104; x_wconf 71' lang='grc' dir='ltr'><strong>ναε-</strong></span> 
     </span>
    </p>
   </div>
   <div class='ocr_carea' id='block_1_12' title="bbox 2101 301 2258 462">
    <p class='ocr_par' dir='ltr' id='par_1_17' title="bbox 2101 301 2258 462">
     <span class='ocr_line' id='line_1_92' title="bbox 2105 301 2236 334; baseline 0.031 -3"><span class='ocrx_word' id='word_1_612' title='bbox 2105 301 2236 334; x_wconf 84' lang='lat' dir='ltr'><strong>Achaic.</strong></span> 
     </span>
     <span class='ocr_line' id='line_1_93' title="bbox 2103 341 2215 383; baseline 0.036 -11"><span class='ocrx_word' id='word_1_613' title='bbox 2103 341 2215 383; x_wconf 76' lang='lat' dir='ltr'><strong>justin.</strong></span> 
     </span>
     <span class='ocr_line' id='line_1_94' title="bbox 2124 395 2216 417; baseline 0.022 -2"><span class='ocrx_word' id='word_1_614' title='bbox 2124 395 2162 416; x_wconf 79' lang='lat' dir='ltr'><strong>xx</strong></span> <span class='ocrx_word' id='word_1_615' title='bbox 2171 396 2180 416; x_wconf 80' lang='lat' dir='ltr'><strong>i</strong></span> <span class='ocrx_word' id='word_1_616' title='bbox 2189 395 2216 417; x_wconf 90' lang='lat' dir='ltr'><strong>v.</strong></span> 
     </span>
     <span class='ocr_line' id='line_1_95' title="bbox 2101 433 2258 462; baseline 0.013 -2"><span class='ocrx_word' id='word_1_617' title='bbox 2101 433 2258 462; x_wconf 73' lang='lat' dir='ltr'><strong>Zonaras.</strong></span> 
     </span>
    </p>
   </div>
   <div class='ocr_carea' id='block_1_13' title="bbox 2040 588 2274 831">
    <p class='ocr_par' dir='ltr' id='par_1_18' title="bbox 2040 588 2274 831">
     <span class='ocr_line' id='line_1_96' title="bbox 2098 588 2232 620; baseline 0.015 -2"><span class='ocrx_word' id='word_1_618' title='bbox 2098 588 2176 620; x_wconf 81' lang='lat' dir='ltr'><strong>Plut.</strong></span> <span class='ocrx_word' id='word_1_619' title='bbox 2198 591 2232 620; x_wconf 82' lang='lat' dir='ltr'><strong>in</strong></span> 
     </span>
     <span class='ocr_line' id='line_1_97' title="bbox 2097 631 2266 673; baseline 0.024 -13"><span class='ocrx_word' id='word_1_620' title='bbox 2097 631 2161 661; x_wconf 77' lang='lat' dir='ltr'><strong>vira</strong></span> <span class='ocrx_word' id='word_1_621' title='bbox 2184 637 2266 673; x_wconf 80' lang='lat' dir='ltr'><strong>App.</strong></span> 
     </span>
     <span class='ocr_line' id='line_1_98' title="bbox 2098 673 2244 704; baseline 0 0"><span class='ocrx_word' id='word_1_622' title='bbox 2098 673 2192 704; x_wconf 87' lang='lat' dir='ltr'><strong>Civil.</strong></span> <span class='ocrx_word' id='word_1_623' title='bbox 2217 684 2244 704; x_wconf 89' lang='lat'><strong>1.</strong></span> 
     </span>
     <span class='ocr_line' id='line_1_99' title="bbox 2040 715 2274 747; baseline 0.013 -3"><span class='ocrx_word' id='word_1_624' title='bbox 2040 717 2081 747; x_wconf 76' lang='lat' dir='ltr'><strong>a·</strong></span> <span class='ocrx_word' id='word_1_625' title='bbox 2099 719 2179 745; x_wconf 79' lang='lat' dir='ltr'><strong>Ann.</strong></span> <span class='ocrx_word' id='word_1_626' title='bbox 2203 715 2274 747; x_wconf 85' lang='lat' dir='ltr'><strong>urb.</strong></span> 
     </span>
     <span class='ocr_line' id='line_1_100' title="bbox 2099 758 2270 793; baseline 0.023 -7"><span class='ocrx_word' id='word_1_627' title='bbox 2099 762 2167 792; x_wconf 77' lang='lat'><strong>659.</strong></span> <span class='ocrx_word' id='word_1_628' title='bbox 2189 758 2270 793; x_wconf 76' lang='lat' dir='ltr'><strong>Plut.</strong></span> 
     </span>
     <span class='ocr_line' id='line_1_101' title="bbox 2096 798 2173 831; baseline 0.026 -2"><span class='ocrx_word' id='word_1_629' title='bbox 2096 798 2173 831; x_wconf 84' lang='lat' dir='ltr'><strong>ibid.</strong></span> 
     </span>
    </p>
   </div>
  </div>
 </body>
</html>
