2516 3509
253 224 266 248 t
279 222 309 253 2„

169 252 326 295 Plutaich.

172 304 353 376 coantomto·
378 297 546 341 duunt:
585 304 637 337 ut
673 288 963 336 deformitate
997 284 1147 332 cultus
1182 285 1435 345 commoti,
1480 290 1699 335 maturius
1732 287 1921 336 stultum
1953 290 2179 354 projicere
2210 307 2391 340 macro--

172 357 199 377 n
220 369 229 377 ·

251 473 303 508 14.

171 509 341 544 cieri-use.
432 533 439 539 .
479 531 485 538 .

169 563 197 584 «i.
219 554 343 584 Aeliam.
379 531 623 598 spiciantur

168 605 241 630 vxi,
264 601 310 626 18.

171 638 270 668 Solin.
291 647 319 668 v.

170 684 263 755 {iip'
288 689 356 719 m.
384 692 583 741 mexime
604 689 827 735 dilexerit.
884 683 928 724 70
953 683 1137 731 Victrix
1156 683 1324 747 gaudio
1346 683 1576 742 exultans,
1608 682 1889 746 deductaque
1911 682 1937 730 a
1956 685 2199 732 neceffariis
2221 686 2391 733 laetum

387 126 490 179 180

646 105 1049 171 VALERII
1127 103 1503 162 MAXIMI
1544 107 1672 164 L113.
1713 108 1783 164 11.
1826 107 1971 166 cip.
2017 109 2116 168 VI.

448 225 486 252 74
574 229 633 257 uo
667 210 788 255 circa
821 205 942 254 recte
975 204 1139 268 Lycii,
1175 219 1284 250 cum
1317 204 1369 250 iis
1403 204 1551 254 lucitus
1584 207 1773 268 incidit,
1807 208 2075 255 muliebrem
2110 191 2279 258 vestem
2313 212 2385 259 in-

385 390 481 420 rem
514 371 671 419 velint.

449 451 629 498 Verum
653 448 763 513 quid
784 464 872 512 ego
898 443 1158 492 fortissimos
1180 443 1273 489 hoc
1298 443 1345 489 in
1365 459 1528 507 genere
1548 446 1812 508 prudentiae
1839 450 1960 495 viros
1985 448 2195 496 laudem?
2229 455 2267 485 ⁷5
2289 453 2387 500 Re-

644 529 866 577 Indorum
884 526 1104 584 feminae,
1141 540 1254 588 quae
1282 540 1389 570 cum
1422 540 1551 571 more
1579 528 1726 588 patrio
1758 528 2014 591 complures
2042 528 2190 575 eidem
2223 545 2395 595 nuptae·

381 612 466 659 ess'e
490 609 683 668 soleant,
717 621 905 654 mortuo
930 605 1121 662 marito,
1152 604 1199 648 in
1225 615 1454 649 certamen
1480 601 1801 667 judiciumque
1827 605 2042 664 veniunt,
2076 623 2213 669 quam
2247 623 2305 654 ex
2340 613 2398 661 iis

386 768 738 839 praeferentibus
757 767 966 825 vultum,
1003 766 1215 829 conjugis
1237 763 1278 810 se
1299 763 1493 810 flammis
1512 762 1778 827 superjacit,
1814 761 1862 807 ἃ
1885 778 1993 808 cum
2012 779 2067 808 eo
2090 775 2303 827 tanquam
2327 763 2392 811 fe-

381 851 585 901 licisiinia
604 862 852 895 crematur:
889 846 1114 911 superatae
1133 853 1172 880 ⁷⁷
1189 861 1297 891 cum
1318 844 1500 891 tristitia
1522 842 1570 889 δί
1596 857 1799 888 maerore
1817 842 1864 887 in
1881 842 1974 888 vita
1997 849 2244 890 remanent.
2278 846 2392 891 Pro-

377 931 507 977 trahe
527 933 574 977 in
595 930 796 976 medium
821 928 1106 974 Cimbricam
1127 925 1356 972 audaciam
1367 946 1384 981 3
1422 923 1566 987 adjice
1589 921 1915 968 Celtibericam
1936 919 2074 967 fidem
2086 944 2103 978 3
2133 924 2280 986 junge
2300 923 2394 969 ani-

382 1010 552 1057 mosam
589 1010 628 1044 73
649 1009 877 1055 Thraciae
898 1006 1188 1071 sapientiam3
1224 1002 1409 1050 aniiefi’ce
1431 1002 1686 1065 Lyciorum
1724 1002 1771 1047 in
1795 999 1991 1047 luctibus
2021 1000 2284 1066 abjiciendis
2307 1004 2396 1051 cal-

384 1089 474 1136 lide
498 1087 743 1152 quaesitam
768 1087 1016 1134 rationem:
1055 1090 1095 1118 ⁷9
1118 1082 1282 1131 Indico
1307 1095 1460 1130 tamen
1494 1096 1611 1146 rogo
1635 1079 1749 1127 nihil
1784 1094 1944 1127 eorum
1979 1079 2224 1142 praeferes,
2259 1098 2401 1146 quem<

386 1299 486 1338 Vide
508 1300 546 1338 &
565 1301 672 1338 Bern.
699 1298 899 1339 Realinum
922 1299 1066 1337 Annot.
1087 1295 1314 1348 C.9.Tom.
1329 1309 1362 1334 2.

388 1353 524 1400 Lamp.
556 1353 646 1389 Crit.
669 1354 707 1390 δε
740 1350 874 1389 Usserii
902 1351 1065 1388 Annales
1096 1362 1131 1399 p.
1157 1349 1239 1399 198.
1263 1350 1301 1387 &
1328 1361 1363 1397 p.

387 1416 476 1453 239.
502 1403 747 1441 PERIZON.
776 1405 887 1450 Quae
898 1402 1064 1440 Vorstius
1088 1408 1219 1446 notat,
1240 1413 1282 1438 ea
1301 1401 1366 1437 ha-

388 1455 468 1492 buit
495 1466 650 1504 quoque
671 1453 865 1491 Corradus.
1155 1466 1158 1469 ’

440 1506 499 1552 76.
527 1506 667 1543 Victrix
689 1503 814 1556 gaudio
846 1506 1022 1549 exultans,
1049 1502 1250 1554 dednflaque
1273 1501 1293 1538 ἷι
1312 1517 1368 1537 ne-

388 1557 529 1606 cefficriis
551 1559 674 1593 laetum
693 1559 880 1605 praeferens
899 1555 1049 1604 vultum]
1081 1556 1186 1603 Lege
1207 1554 1368 1592 omnino

389 1620 476 1645 cum
504 1607 585 1644 MS.
615 1606 886 1657 praeferentibus.
937 1608 998 1644 De
1025 1605 1096 1655 ipsa
1129 1607 1202 1655 jam
1227 1605 1368 1643 dixerat

390 1675 462 1696 eam
475 1658 600 1708 gaudio
622 1661 790 1695 exultare:
804 1658 1050 1707 quamobrem
1066 1658 1144 1706 jam
1164 1658 1273 1695 nimis
1292 1657 1368 1693 exi-

390 1723 508 1759 guum
540 1711 611 1753 est,
639 1710 742 1760 quod
771 1710 932 1758 sequitur
958 1724 1028 1745 eam
1051 1711 1175 1744 laetum
1200 1711 1368 1758 praeferre

391 1764 548 1805 vultum,
576 1760 636 1798 sed
668 1761 846 1798 convenit
866 1760 1052 1808 necessarios
1077 1773 1115 1795 ac
1133 1763 1261 1795 comites
1278 1772 1369 1808 gatr-

391 1812 446 1849 dio
477 1814 665 1849 exultantis
696 1813 843 1848 mulieris
875 1814 1000 1848 laetum
1032 1813 1198 1859 praeferre
1224 1812 1368 1846 vultum.

392 1863 639 1903 PERIZON.
667 1866 862 1911 Praeferens
884 1864 1029 1899 voltum.
1056 1861 1216 1898 Videtur
1238 1858 1307 1897 effe
1325 1861 1369 1897 ab

396 1915 594 1959 Oliverio‚
623 1926 738 1964 quem
766 1914 879 1952 secuti
906 1914 985 1950 sunt
1019 1913 1152 1949 ceteri:
1181 1911 1241 1949 sed
1261 1913 1370 1960 Mog.

397 1968 436 2004 ἃ
456 1967 610 2003 Venett.
627 1966 764 2003 habent
779 1964 1039 2015 praeferentibus
1060 1975 1145 2000 cum
1166 1962 1371 2011 septemde-

396 2019 471 2055 cim
494 2017 603 2054 MSS.
629 2016 732 2067 quod
756 2028 842 2053 cum
863 2017 1007 2053 ratione
1028 2015 1048 2052 a
1068 2015 1268 2053 Perizonio
1290 2014 1372 2051 vin-

395 2070 558 2107 dicatum
588 2068 737 2105 censeo.
786 2066 928 2105 Gudius
957 2065 1161 2115 adscripsit,
1199 2077 1245 2103 an
1275 2065 1372 2102 forte

396 2122 515 2157 leffium
530 2119 791 2169 praeferentibus
806 2121 825 2155 θ’

450 2182 508 2217 77.
536 2175 616 2208 Cum
637 2172 778 2217 tristitia
794 2184 831 2206 ac
860 2167 1021 2218 maerore]
1052 2169 1224 2217 Uterque
1242 2168 1376 2215 Ultral'.

399 2222 535 2270 Copes.
549 2221 651 2259 Harl.
666 2222 761 2259 Tres
781 2223 889 2259 Rem.
911 2221 982 2258 Bit.
1003 2222 1040 2256 &
1061 2219 1163 2256 Barb.
1185 2219 1376 2267 primicum

398 2276 556 2321 tristitiae
575 2287 728 2310 maerore.
755 2272 962 2320 Vulgatum
979 2278 1129 2308 tuentur
1150 2270 1263 2307 ceteri
1276 2299 1286 2315 ‚
1313 2270 1379 2307 sed.

399 2324 568 2362 Perizon.
595 2326 734 2372 tristitia
755 2332 799 2359 ΕΤ
821 2335 900 2360 non
920 2321 1093 2370 agnoscit.

453 2376 513 2421 78.
548 2376 708 2412 Thraciae
730 2373 959 2424 sapientiam]
1001 2371 1227 2411 Odiodeclm
1268 2371 1374 2409 MSS.

402 2437 477 2465 una
494 2437 592 2463 VOCC
613 2425 791 2463 aURiOteS
805 2426 967 2461 Thraciae
979 2427 1163 2473 potentiam
1175 2425 1381 2471 sapientiam

405 2477 590 2515 exhibent.
640 2476 746 2515 Barb.
766 2475 873 2524 prim.
898 2477 1081 2524 potentiam
1102 2483 1146 2509 ω’
1171 2476 1377 2523 fizpientiam.

404 2528 502 2566 Ultr.
519 2537 674 2578 uterque
693 2535 738 2562 (Ὺ
757 2527 902 2563 annecte.
925 2526 993 2562 Ed.
1005 2527 1112 2572 Nlog.
1139 2525 1301 2560 Thraciae
1317 2535 1378 2573 po-

404 2582 554 2617 tentiam.
606 2580 812 2628 Sapientiam
829 2575 961 2613 adneffle
980 2579 1152 2624 Lyciorum
1166 2603 1176 2618 ‚
1204 2583 1248 2610 <7
1273 2578 1307 2611 in
1326 2577 1381 2611 ltr-

405 2632 509 2669 {tibus
528 2628 718 2680 abjiciendis
739 2628 857 2665 callide
878 2643 916 2664 ex
942 2628 1075 2671 {eisitam
1096 2628 1269 2662 rationem.
1310 2629 1378 2662 Ex-

406 2684 566 2734 qnifitam
589 2682 636 2719 est
656 2681 767 2719 etiam
785 2681 822 2717 in
834 2680 899 2717 Vo
931 2708 937 2714 .
960 2680 998 2715 δε
1015 2689 1092 2715 uno
1106 2678 1214 2714 Rem.
1229 2678 1267 2714 &
1285 2677 1380 2714 Ultr.

411 2734 535 2771 Credo
557 2742 682 2771 tamen
699 2732 880 2781 potentiam
893 2727 962 2766 effe
984 2728 1004 2766 a
1026 2728 1120 2766 mala
1142 2739 1256 2765 manu
1270 2739 1379 2772 ‚cum

410 2785 538 2824 diserte
572 2785 779 2832 Sapientiam
806 2784 844 2820 in
874 2779 1079 2819 Thracibus
1106 2779 1283 2823 laudarit,
1319 2779 1383 2827 qui

413 2836 488 2873 fine
508 2835 585 2872 ullis
603 2834 815 2872 Do&oru-m
842 2832 1045 2882 praeceptis
1066 2829 1288 2868 conditionis
1313 2841 1386 2867 no-

412 2888 503 2927 strae
522 2886 688 2923 habitum
710 2885 945 2933 perviderint.

465 2950 523 2986 79.
553 2935 657 2973 indico
679 2948 788 2972 tamen
805 2935 898 2986 rogo]
929 2933 1032 2973 Toll.
1053 2933 1090 2970 &
1113 2930 1219 2968 Leid.
1239 2931 1306 2968 sec.
1332 2934 1387 2967 In-

411 2988 563 3028 dicorum.
625 2987 774 3025 Deinde
801 2996 960 3034 quatuor
997 2998 1147 3020 uxorum.
1209 2983 1388 3034 Quinque

416 3053 501 3079 cum
523 3038 596 3082 Ed.
611 3039 720 3089 Mog.
741 3040 872 3078 uxoria.
901 3035 1021 3088 Quod
1039 3033 1147 3075 valde
1163 3034 1294 3084 probo.

2276 1179 2394 1210 UXO-

1466 1293 1526 1331 80.
1557 1295 1598 1329 In
1616 1292 1745 1330 modam
1759 1296 1907 1345 genialis
1927 1292 2011 1343 tori]
2038 1293 2190 1330 Genialis
2214 1303 2304 1329 torus
2321 1293 2398 1332 five

1416 1345 1520 1380 leffiu-
1543 1344 1768 1389 vocabatur,
1782 1347 1847 1395 qui
1873 1357 1997 1383 novae
2017 1353 2154 1393 nuptae
2177 1345 2214 1380 in
2238 1343 2318 1391 ipsis
2331 1357 2401 1383 nu-

1417 1396 1499 1444 ptiis
1529 1396 1726 1444 magnifice
1754 1395 1979 1434 sternebatur
1990 1412 2000 1440 ;
2031 1396 2148 1434 dictus
2178 1395 2252 1439 ita,
2282 1403 2321 1432 ut
2341 1397 2398 1433 vi-

1417 1447 1661 1498 detur,quod
1680 1448 1776 1484 sacer
1796 1446 1882 1485 effer
1902 1449 2039 1485 Genio.
2067 1447 2264 1484 VORST.
2295 1447 2397 1486 Vide

1419 1499 1597 1537 Torrent.
1617 1498 1663 1535 ad
1684 1500 1817 1536 Horat.
1840 1499 1885 1535 L.
1911 1512 1940 1536 1.
1962 1499 2030 1547 Ep.
2056 1511 2085 1536 1.
2111 1498 2170 1543 87.

1473 1550 1532 1588 81.
1560 1552 1763 1587 Punicarum
1791 1550 2019 1599 feminarum]
2060 1549 2159 1585 Cum
2196 1549 2309 1585 etiam
2338 1548 2401 1586 hic

1419 1602 1458 1638 in
1480 1602 1653 1639 omnibus
1680 1601 1815 1649 scriptis
1838 1603 1876 1638 &
1895 1600 2000 1638 editis
2025 1602 2225 1637 Punicarum
2255 1600 2401 1637 inveni-

1420 1665 1517 1698 rem,
1529 1654 1749 1702 Pighianum
1763 1655 1972 1689 Poenicarum
1983 1652 2070 1689 hinc
2082 1651 2259 1700 ablegavi.
2279 1650 2403 1699 Quid?

1421 1716 1468 1741 an
1486 1703 1733 1753 spernendum
1754 1705 1864 1741 etiam
1888 1705 1958 1741 fuit
1980 1703 2185 1753 quod&in
2197 1701 2403 1751 Eddprin-

1422 1756 1524 1803 cipe,
1554 1756 1733 1800 Venetis,
1762 1756 1800 1793 δε
1830 1755 1952 1792 MSS.
1982 1754 2177 1792 Sexdecim
2207 1758 2298 1802 cnjus
2322 1755 2402 1802 glo-

1420 1809 1502 1843 riae.
1554 1808 1609 1844 Ut
1631 1806 1672 1845 fit
1686 1835 1696 1851 ‚
1724 1810 1827 1855 Cujm
1841 1808 1981 1856 pietatis
1995 1807 2128 1857 gloriae
2138 1803 2329 1854 subnet‘iam
2346 1803 2404 1842 de·-

1420 1856 1513 1894 decas
1536 1861 1732 1895 Punicarum
1746 1857 1974 1904 feminarum?

1473 1908 1531 1946 82.
1565 1912 1661 1945 Sicae
1689 1911 1773 1945 etaim
1793 1912 1916 1955 fanum
1944 1910 2085 1947 Veneris
2112 1907 2173 1958 est]
2200 1908 2243 1945 In
2272 1908 2406 1947 manue

1419 1961 1555 2008 scriptis
1580 1964 1713 2003 Siccae,
1741 1967 1853 2008 atque
1880 1960 1929 1995 ita
1961 1959 2162 2007 appellatur
2191 1970 2233 1995 ea
2255 1959 2404 1997 colonia

1422 2010 1443 2048 a
1474 2011 1607 2049 Plinio.
1635 2011 1773 2047 PIGH.
1824 2011 1942 2046 Siccae.
1971 2010 2055 2047 Lib.
2083 2009 2250 2046 Danielis
2279 2011 2406 2048 Cirtae.

1425 2061 1529 2099 Libri
1559 2071 1700 2100 veteres
1729 2059 1871 2098 excusi:
1905 2064 2010 2098 Sicae.
2083 2059 2154 2097 Sed
2179 2060 2238 2097 alii
2271 2072 2406 2099 omnes

1421 2113 1613 2162 scriptores
1641 2113 1768 2150 Latini
1800 2114 1928 2148 Siccam
1952 2111 2124 2150 scribunt.
2176 2111 2322 2149 Solinus
2347 2123 2407 2149 ca-

1424 2165 1499 2213 pite
1529 2178 1588 2214 25.
1624 2166 1742 2214 Sigam
1779 2164 2011 2201 Graecorum
2043 2173 2162 2200 more.
2216 2162 2274 2199 Sic
2303 2163 2406 2201 enim

1426 2215 1555 2254 Strabo
1593 2224 1707 2253 vocat
1735 2214 1794 2252 lib.
1825 2226 1920 2252 xvn.
1959 2214 2195 2263 Stephanus:
2233 2213 2406 2260 Σίγοιθω,

1424 2268 1523 2305 πόλις
1542 2265 1684 2310 λιβυής,
1712 2265 1751 2306 ὦς
1770 2266 1931 2315 Στρθὲὃων
1950 2264 2228 2305 ἑπῶικοαὸεκάτη.
2265 2264 2409 2303 Emen-

1426 2317 1476 2355 do
1495 2318 1578 2354 sane
1601 2329 1646 2354 ex
1668 2316 1853 2354 Strabonis
1874 2316 1962 2354 loco
1991 2316 2119 2359 Elam,
2136 2314 2249 2357 m‘ate.
2301 2316 2409 2354 Idem

1428 2369 1632 2418 Stephanus
1652 2369 1747 2406 hanc
1758 2367 1960 2416 Polybium
1974 2365 2094 2410 ziysow
2114 2364 2304 2416 appellasse
2323 2367 2409 2404 scri-

1426 2420 1479 2457 bit
1493 2426 1514 2465 ‚¹
1540 2431 1652 2470 quam
1675 2431 1746 2468 ego
1770 2431 1856 2456 cum
1876 2421 1969 2456 sicca
1990 2417 2148 2455 eandem
2172 2417 2271 2454 facio
2290 2418 2328 2456 δε
2356 2418 2410 2457 di—

1426 2471 1552 2509 stinaa
1581 2471 1664 2508 loca
1682 2471 1720 2507 in
1748 2482 1866 2507 unum
1885 2467 2147 2507 contrahenda.
2173 2480 2261 2506 nam
2286 2470 2406 2507 varie—

1428 2530 1543 2560 tatem
1573 2522 1648 2559 hoc
1670 2532 1812 2558 nomen
1834 2520 2070 2557 scribentium
2094 2527 2273 2557 annotare
2293 2520 2414 2558 voluit

1431 2574 1658 2623 StephanuS,
1697 2571 1800 2621 quod
1826 2572 1946 2609 facere
1977 2571 2179 2608 consuevit.
2217 2571 2413 2609 COLER.

1432 2625 1536 2662 Harl.
1558 2626 1658 2661 Circe.
1686 2622 1792 2660 Med.
1812 2624 1929 2673 quint.
1952 2625 2054 2659 Cirte.
2082 2622 2150 2659 Bit.
2180 2622 2287 2670 prim.
2310 2625 2412 2671 pirce.

1432 2676 1519 2713 Vat.
1549 2675 1656 2724 prim.
1687 2677 1782 2711 Sicce.
1812 2673 1920 2712 Leid.
1942 2674 2059 2723 quint.
2088 2674 2192 2709 Pirte.
2221 2671 2291 2709 Sed
2310 2672 2409 2710 reste

1434 2725 1469 2762 se
1489 2726 1599 2764 habet
1609 2727 1730 2762 Siccae.
1751 2725 1965 2763 Perizonius
1982 2723 2134 2761 notabat
2144 2721 2320 2761 videndas
2340 2736 2412 2762 no·

1435 2785 1487 2814 tas
1511 2777 1558 2814 ad
1577 2775 1657 2813 Sall.
1677 2777 1715 2814 in
1734 2776 1816 2825 Jug.
1838 2777 1881 2813 C.
1904 2776 1962 2825 56.
1989 2774 2056 2812 Ed.
2079 2773 2196 2822 Thys.

1488 2827 1547 2877 83.
1574 2831 1705 2877 editque
1720 2825 1795 2864 inde
1813 2826 2017 2876 procedentes
2039 2827 2205 2875 quaestum
2233 2824 2319 2862 dotis
2338 2826 2415 2866 cur-'

1431 2881 1524 2928 poris
1553 2881 1678 2927 injuria
1702 2876 1951 2926 contrahebant]
1991 2875 2116 2913 Multo
2148 2875 2349 2924 elegantius
2373 2877 2413 2915 in

1437 2930 1686 2978 manuscriptis
1700 2960 1710 2976 ‚
1724 2936 1858 2980 ,Atque
1868 2927 1940 2965 inde
1952 2925 2156 2977 procedentes
2171 2926 2216 2963 ad
2231 2931 2413 2978 quaestum,

1437 2979 1528 3018 dotes
1547 2984 1686 3031 corporis
1705 2985 1832 3025 injuria
1847 2978 2090 3017 contrahebant.
2116 2978 2254 3016 PIGH.
2297 2983 2414 3028 Quae-

1431 3035 1523 3082 stum
1546 3031 1646 3073 dotes,
1676 3033 1782 3073 Malo
1801 3043 1888 3072 cum
1915 3030 1981 3070 lib..
1994 3031 2092 3070 Dan.
2119 3031 2297 3082 Quaestum
2315 3027 2417 3068 datie.

2358 3081 2420 3121 Sic
