2516 3509
427 121 545 177 DE
612 118 1095 178 EXTERNIS
1162 123 1755 185 INSTITUTIS.

1999 153 2096 208 175

95 228 151 276 ad
177 225 392 273 ultimum
424 224 713 289 propositum
743 224 923 290 exsequi
954 227 1095 290 paffus
1126 227 1216 288 est,
1252 244 1365 292 quae
1392 229 1736 292 nonagesimum
1767 249 1934 280 annum
1955 246 2097 283 trans-

97 306 238 373 greffa
256 322 363 353 cum
386 304 558 352 summa
577 305 625 352 &
647 307 785 352 animi
811 305 860 353 &C
881 308 1085 371 corporis
1111 308 1390 368 sinceritate,
1424 309 1592 355 leetulo
1620 325 1838 372 quantum
1862 306 2099 378 dignosce-

97 404 144 433 re
165 400 283 447 erat,
319 386 583 450 quotidiana
605 385 931 437 consuetudine
967 390 1007 424 4³³
1035 390 1203 437 cultius
1223 390 1358 437 strato
1380 387 1622 446 recubans,
1659 389 1707 435 ὃς
1730 392 1884 438 innixa
1908 395 2066 442 cubito
2082 432 2097 458 ,

91 474 136 508 49
160 467 254 514 Tibi
276 469 461 530 quidem,
496 469 672 531 inquit,
708 473 800 516 Sex.
832 472 1025 531 Pompei,
1064 476 1106 508 50
1131 472 1194 517 dii
1217 474 1376 531 magis,
1411 484 1508 529 quos
1529 472 1738 529 relinquo,
1773 487 1895 530 quum
1916 491 2009 533 quos
2026 489 2104 534 pe-

93 558 163 603 to,
201 551 237 582 5¹
259 546 426 606 gratias
444 545 630 606 referunt
645 563 660 592 .·
695 549 795 606 qum
826 562 895 592 nec
915 546 1104 592 hortator
1126 550 1246 591 vitae
1271 560 1382 590 meae
1397 578 1410 601 ,
1445 561 1514 590 nec
1544 548 1687 590 mortis
1704 546 1916 606 speetator
1934 553 2008 610 eſje
2021 553 2101 611 fiz-

82 622 252 685 stidzstt.

320 626 510 671 Ceterum
540 623 624 687 ipsu
659 626 834 672 hilarem
860 630 1066 671 Fortunae
1090 627 1258 670 vultum
1276 623 1437 686 semper
1468 634 1669 684 experta,
1704 642 1752 671 ne
1779 628 1988 673 aviditate
2006 633 2106 678 lucis

96 701 253 759 tristem
276 704 429 749 intueri
451 720 593 766 cogar,
620 711 656 741 5²
675 707 871 765 reliquias
878 704 1057 764 spiritus
1079 706 1158 750 mei
1168 703 1356 765 prospero
1366 703 1479 762 fine,
1504 709 1542 740 5³
1571 703 1676 749 duas
1693 705 1840 765 filius,
1875 707 1929 757 {9³
1941 707 2102 767 fiptem

97 790 283 840 nepotum
296 796 457 842 gregem
469 781 733 842 superstitem
756 784 953 827 relietum
968 814 983 839 ‚
1010 791 1215 840 permuta.
1268 779 1526 826 Cohortata
1546 780 1708 827 deinde
1734 782 1788 828 ad
1810 785 2105 835 concordiam

99 858 229 920 suos,
264 860 508 908 distributo
533 862 592 907 eis
616 862 919 924 patrimonio,
943 859 990 904 ὃ(
1020 866 1063 896 54
1092 860 1224 905 cultu
1246 858 1323 904 suo
1343 857 1562 921 sacrisque
1583 858 1841 905 domesticis
1865 864 2022 924 majori
2046 864 2102 910 fi-

98 938 183 986 liae
208 938 410 999 traditis,
445 939 699 1002 poculum,
729 939 777 984 in
806 953 900 1001 quo
933 952 1162 983 venenum
1194 948 1500 998 temperatum
1532 950 1652 996 crat,
1689 938 1912 985 constanti
1945 939 2104 989 dextra

104 1143 236 1181 Badius
254 1149 357 1190 putat
376 1154 461 1179 eum
491 1141 538 1179 de
558 1141 726 1192 quodam
753 1141 815 1180 sub
835 1141 992 1180 Tiberio
1024 1142 1082 1179 vi-

103 1201 216 1231 vente
229 1193 417 1242 Pompejo
439 1193 554 1242 loqui.
584 1194 683 1230 Nam
705 1192 725 1230 a
740 1193 783 1230 C.
797 1193 957 1230 Caesaris
978 1204 1081 1230 mor-

97 1252 136 1282 te
159 1245 270 1292 usque
301 1244 347 1281 ad
380 1244 577 1281 Tiberium
608 1244 798 1294 plusquam
829 1244 889 1282 60.
912 1244 999 1280 anni
1024 1244 1081 1280 in·

101 1292 350 1333 tercefferunt.
377 1295 555 1333 Meminit
575 1295 689 1332 rursus
715 1295 1080 1344 PompejiValerius,

97 1345 160 1383 sed
190 1345 324 1394 absque
353 1346 580 1395 pronomine
613 1346 658 1382 L.
686 1358 738 1383 iv.
761 1358 793 1393 7.
823 1345 867 1383 de
888 1346 1079 1383 Amicitia.

100 1395 201 1433 Vide
224 1398 336 1434 etiam
367 1409 413 1434 an
441 1409 519 1435 non
541 1395 668 1442 Julida
691 1396 711 1434 a
734 1397 972 1435 nominativo
994 1396 1082 1442 Julis

98 1447 302 1535 legggdum
317 1476 327 1493 ,
349 1448 388 1486 in
406 1449 613 1486 accusativo
629 1477 639 1493 ,
652 1460 730 1486 non
749 1447 923 1486 ablativo.
951 1448 1082 1486 GLA-

151 1561 208 1595 44.
236 1547 363 1595 Julida
384 1547 531 1598 oppidum
549 1548 696 1598 intravi]
720 1548 819 1587 Ceos
839 1548 951 1587 insula
972 1549 1077 1587 initio

104 1599 240 1647 oppida
271 1599 398 1636 habuit
425 1607 597 1649 quatuor.
666 1600 794 1638 Postea
826 1599 969 1637 duobus
1000 1601 1079 1638 Co-

103 1648 195 1687 reffa
214 1651 251 1687 &
274 1647 425 1686 Poeeffa
455 1650 547 1687 mari
578 1651 771 1700 absorptis,
798 1650 1020 1688 habitatores
1041 1652 1080 1688 in

105 1699 183 1737 duo
206 1698 368 1749 reliqua,
395 1700 557 1747 Julidem
581 1702 619 1739 ὅ(
643 1702 864 1739 Carthaeam
881 1730 890 1745 ‚
920 1702 1080 1739 commi-

103 1758 276 1799 grarunt3
305 1759 347 1788 ut
378 1762 422 1787 ex
443 1750 623 1789 Strabone
655 1755 692 1791 ὃς
719 1752 839 1790 Plinio
868 1751 956 1790 scire
984 1752 1082 1791 licet.

97 1801 294 1840 VORST.
346 1800 516 1851 Plerique
539 1803 646 1840 MSS.
674 1802 824 1849 Julida,
856 1802 915 1841 vel
946 1802 1080 1849 Julide.

102 1851 211 1890 Leid.
229 1852 298 1890 sec.
320 1851 439 1896 mide,
453 1853 585 1902 Ultraj.
613 1862 769 1904 uterque
790 1857 825 1890 in
846 1852 923 1891 lide.
947 1857 1079 1903 Quum

101 1915 195 1941 vero
215 1902 344 1940 diserte
365 1903 466 1949 Julis
486 1903 688 1954 appelletur
710 1905 730 1943 a
752 1904 896 1950 Plinio,
926 1905 1081 1944 credibi-

100 1953 136 1991 le
159 1954 207 1991 est
234 1955 273 1992 δε
303 1954 363 1991 hic
393 1956 642 1993 accusativum
666 1957 853 1995 Graecum
881 1955 1011 2003 Julida
1038 1957 1081 1994 ab

101 2003 257 2042 autfiore
278 2002 382 2042 fuisse
404 2006 627 2054 profetiam.

151 2066 210 2103 45.
224 2062 269 2090 Ut
288 2066 363 2092 tunc
375 2058 522 2104 summae
542 2056 721 2108 dignitatis
751 2057 799 2094 ibt
811 2057 976 2109 foemina]
1000 2057 1082 2096 MS.

106 2104 190 2153 ejici
201 2104 306 2154 jubet
325 2117 402 2143 tunc
420 2109 457 2144 ὃς
476 2108 533 2144 ibi.
560 2108 804 2146 PERIZON.
851 2109 959 2146 MSS.
982 2117 1082 2147 uter-

106 2166 181 2204 que
200 2155 334 2204 Ultraj.
357 2159 505 2203 summae
527 2158 573 2195 ibi
600 2157 779 2210 dignitatis
799 2162 939 2206 femina.
967 2159 1082 2199 Editt.

105 2206 205 2243 Ven.
233 2206 271 2243 ὅτ
292 2206 428 2245 multae
449 2209 539 2245 aliae
554 2237 564 2253 ,
585 2212 676 2255 forte
696 2212 782 2246 enim
803 2221 879 2246 tunc
900 2213 1021 2247 evenit.

156 2257 215 2303 46.
243 2253 384 2304 Reddita
414 2261 543 2294 ratione
572 2273 628 2296 cur
653 2261 732 2295 ‘vita
761 2259 907 2296 excedere
935 2258 1080 2308 deberet]

108 2306 244 2344 Versus
265 2307 464 2344 Menandri
485 2309 530 2345 de
547 2311 685 2344 Ceorum
702 2308 866 2346 instituto
895 2308 963 2346 isto
986 2309 1085 2358 apud

107 2357 328 2396 Strabonem
352 2358 389 2395 ὃ(
413 2357 641 2407 Stephanum
659 2357 708 2395 fic
725 2358 884 2397 habent:

206 2429 321 2469 Κοιλδν
341 2430 380 2468 τέ
403 2430 490 2473 Κέων
509 2429 643 2474 ιοίιιμίν
663 2431 714 2469 ἔςι
727 2458 737 2474 ,
763 2430 888 2475 vomica,

202 2482 249 2520 Ὁ
269 2481 314 2526 μδ
334 2479 520 2530 ὄύνοέρὶμῶι
539 2483 592 2532 ζῆν
616 2482 748 2525 καλεῖς,
775 2481 797 2518 ἐ
817 2482 861 2531 ζό
876 2482 1001 2522 καιῦςζ

107 2562 348 2602 Permittebat
368 2564 504 2599 Ceorum
524 2561 599 2600 five
622 2560 786 2609 Ceenfium
813 2559 899 2604 lex,
926 2561 1089 2610 majores

110 2614 295 2663 sexaginta
315 2613 418 2651 annis
440 2614 683 2662 ἐκωίζεῶαῃ
707 2611 746 2650 id
762 2610 834 2657 est,
859 2612 1014 2650 aconito
1034 2612 1091 2650 vi-

109 2674 188 2704 tam
212 2664 326 2702 finire.
354 2664 549 2702 VORST.

162 2727 221 2763 47.
233 2718 423 2764 Corzfitmerc
434 2713 669 2765 sedestinarit]
685 2713 887 2754 Tredecini
900 2712 1091 2762 destinaret,

117 2766 257 2804 &mox
278 2767 438 2804 totidem
458 2769 646 2813 aestimaret
660 2793 671 2810 ,
686 2764 855 2803 nonnulli
876 2766 1091 2813 existimaret.

114 2817 263 2854 Deinde
276 2818 447 2868 Harlqui
467 2817 574 2853 abore
594 2822 676 2866 ejus.
696 2818 919 2864 Quatuorex
940 2831 1004 2853 ore.
1017 2817 1091 2866 pri-

113 2879 196 2906 mus
218 2868 348 2917 Ultraj.
371 2869 430 2919 qui
448 2883 501 2904 ore
531 2874 599 2911 ejus
627 2867 722 2917 quasi
743 2866 848 2904 beato.
876 2866 1009 2916 Copes.
1029 2870 1089 2918 qui

111 2933 153 2955 ex
175 2933 227 2955 ore
248 2923 317 2960 eius
330 2920 378 2966 fic
397 2919 490 2969 quast
504 2920 519 2954 ὲ
534 2919 638 2956 beato.
667 2918 763 2956 item
777 2917 908 2965 Ultraj.
922 2918 1029 2966 prim.
1049 2919 1089 2956 &

113 2969 210 3018 Cop.
235 2971 414 3019 Venitque.
435 2967 540 3007 Voff.
565 2971 775 3019 Venitisque.
803 2965 910 3005 Voff.
941 2970 980 3006 &
1001 2970 1090 3008 Vat.

112 3021 220 3071 prim.
247 3025 383 3060 Summa
404 3024 571 3073 animique
588 3022 790 3072 corporisque
799 3019 1000 3070 ‘sinceritate⁰

1998 1021 2105 1066 arri-

1180 1141 1239 1188 48.
1268 1143 1401 1179 coitus
1416 1142 1543 1192 strato]
1576 1143 1635 1182 stc
1654 1144 1721 1182 Ed.
1744 1145 1852 1194 Mog.
1883 1147 1921 1183 ὅ(
1943 1121 2025 1185 Asc.
2044 1148 2107 1186 sed

1130 1192 1229 1230 Ven.
1246 1194 1332 1230 Ald.
1354 1195 1392 1231 &
1411 1194 1469 1231 alii
1480 1195 1627 1241 strutio,
1656 1196 1751 1244 prius
1785 1196 1958 1244 probatur
1979 1199 2107 1236 aueto-

1131 1243 1236 1300 ritate
1249 1245 1467 1300 scriptorum=
1483 1245 1669 1283 Codicum
1683 1248 1866 1285 omnium.
1880 1248 1982 1285 ssarb.
1996 1250 2108 1297 prim.

1130 1296 1250 1343 timisa.
1278 1295 1393 1344 Ultaj.
1413 1307 1520 1344 prim.
1547 1299 1640 1333 nixa.

1181 1357 1241 1393 49.
1267 1345 1366 1390 Tibi,
1387 1348 1519 1396 inquit,
1539 1352 1617 1383 Sex.
1631 1346 1791 1396 Pompejt]
1815 1348 1858 1384 In
1877 1349 2110 1398 manuscript.

1132 1395 1207 1432 Tibi
1228 1395 1380 1446 quidem,
1408 1399 1541 1447 inquit:
1572 1397 1616 1434 de
1636 1397 1711 1434 hoc
1744 1398 1825 1434 Sex.
1845 1398 1980 1447 Pomp.
2001 1400 2109 1439 Aliae

1133 1458 1280 1496 procos.
1307 1447 1394 1485 vide
1416 1449 1558 1485 nostros
1581 1448 1738 1485 annales.
1764 1449 1904 1486 PIGH.

1185 1510 1244 1546 50.
1271 1501 1332 1535 Dii
1359 1501 1465 1549 magis
1487 1513 1567 1548 quos
1596 1501 1744 1548 relinquo
1759 1527 1769 1543 ‚
1796 1514 1897 1548 quam
1917 1514 1997 1549 quos
2014 1500 2110 1551 peto]

1133 1548 1176 1587 Id
1196 1549 1266 1594 est,
1287 1550 1350 1586 Dii
1372 1550 1486 1597 magis
1506 1549 1623 1598 superi
1645 1561 1758 1599 quam
1776 1550 1896 1587 inseri.
1914 1552 2109 1590 VORST.

1183 1613 1243 1656 5'1.
1272 1602 1414 1637 Gratias
1446 1601 1589 1645 referant
1619 1606 1700 1650 quia
1733 1601 1853 1650 neque]
1891 1601 1983 1640 MS.
2010 1603 2110 1652 quod.

1133 1650 1262 1689 malim
1292 1653 1362 1703 quil.
1399 1650 1643 1689 PERIZON.
1695 1651 1843 1689 Decem
1871 1652 1948 1689 MS
1963 1652 1996 1690 S.
2023 1653 2111 1704 quod

1133 1715 1198 1738 nCC.

1186 1763 1243 1801 52.
1280 1751 1460 1801 Reliquias
1482 1750 1654 1803 spiritus]
1698 1751 1851 1790 Illustrat
1881 1752 2024 1793 Gudius
2064 1755 2111 1794 ad

1135 1801 1272 1840 Phaed.
1293 1803 1338 1840 L.
1360 1814 1412 1839 ιν.
1433 1814 1492 1850 25.

1185 1865 1243 1903 53.
1272 1855 1379 1912 Duas·
1389 1853 1487 1900 filias
1508 1861 1553 1890 Θ·
1574 1868 1673 1890 unum
1698 1864 1846 1910 nepotum
1862 1866 2002 1911 gregem
2032 1859 2119 1893 reli*

1132 1902 1638 2004 ffffissanss⁶serssteg²asness⁷ssffsss]‚
1652 1905 1970 2003 Ibiissnssiiiafss
1984 1907 2116 2007 ’ἓξὲξ

1133 2015 1284 2055 nepotum
1289 2020 1423 2057 gregem
1429 2010 1631 2055 superstitem
1642 2007 1964 2057 reliciurapermuto.
1983 2011 2113 2056 Quam

1134 2056 1336 2145 lseftionem
1356 2058 1534 2114 approbo.
1583 2058 1624 2094 In
1646 2057 1878 2144 il‘xtrebatenfi
1898 2057 2050 2115 quidem
2073 2061 2114 2098 ὃς

1131 2109 1816 2214 sefflfftssceigfflsssszifflftgssssssssnzt
1835 2108 1975 2196 5511ssssss
1979 2121 2112 2210 (3ᾟὲἓὲ

1133 2220 1328 2256 perperam
1352 2208 1372 2245 ’ἰι
1392 2209 1542 2246 librariis
1562 2210 1600 2246 in
1622 2211 1684 2245 un'o
1707 2209 1764 2247 vel
1775 2224 1874 2245 unum
1893 2219 2033 2247 mutata
2052 2211 2114 2249 est.

1133 2258 1274 2295 PIGH.
1327 2263 1455 2306 Septem
1474 2268 1623 2307 nepotum
1648 2273 1792 2311 gregem.
1823 2259 1876 2296 Ita
1896 2260 2043 2308 Pighius
2066 2274 2111 2300 CX

1134 2309 1301 2357 quinque
1323 2307 1430 2345 codd.
1449 2320 1534 2345 cum
1548 2309 1664 2346 Aldus
1678 2311 1715 2346 ἃ(
1728 2310 1786 2346 alii
1809 2308 1999 2348 edidiffent
2009 2327 2111 2348 unum

1132 2367 1285 2407 nepotum
1300 2371 1445 2408 gregem.
1473 2358 1520 2396 Et
1535 2359 1729 2408 suspicatur
1746 2361 1892 2408 Pighius
1910 2373 2108 2399 numerum

1126 2411 1217 2446 -VII
1237 2408 1257 2446 a
1280 2409 1427 2446 librariis
1452 2409 1491 2446 in
1509 2424 1572 2446 uno
1605 2410 1664 2447 vel
1679 2424 1778 2447 unum
1806 2412 2107 2449 transformatum

1138 2459 1222 2496 effe.
1249 2459 1444 2497 VORST.
1485 2468 1555 2496 Uno
1574 2471 1722 2510 nepotum
1742 2462 1817 2499 duo
1839 2463 1946 2499 Rem.
1966 2464 2004 2499 δε
2024 2463 2108 2498 Vat.

1140 2518 1249 2546 Unum
1276 2518 1433 2559 uterque
1459 2509 1563 2547 Barb.
1594 2512 1632 2548 ὃς
1653 2511 1785 2562 Ultraj.
1806 2512 1913 2549 Leid.
1933 2514 2018 2560 sept.
2039 2512 2108 2548 Pe-

1139 2561 1202 2598 riz.
1220 2561 1354 2610 Copes.
1373 2561 1524 2599 Bit.Una
1537 2562 1770 2611 Leid.quint.
1788 2564 1874 2600 sext.
1894 2574 1983 2599 unus
1996 2564 2107 2599 Rem..

1139 2623 1208 2660 pro
1224 2622 1386 2662 permuta.
1415 2611 1629 2650 Duodecim
1637 2616 1789 2661 permitto
1804 2613 1986 2661 ,quinque
1997 2613 2102 2649 Med.

1136 2663 1302 2712 permitto.
1341 2665 1498 2700 Permitto
1520 2663 1792 2700 Ed.Ven.Ald.
1811 2664 1891 2700 Ast.
1907 2662 1992 2699 Tol.
2007 2662 2105 2701 Rob.

1142 2714 1264 2763 Steph.
1286 2714 1429 2763 Gryph.
1451 2714 1604 2752 Latinus
1626 2713 1791 2751 Latinius
1805 2715 1992 2762 praemitto.

1193 2778 1248 2814 54
1277 2766 1379 2801 Cultu
1390 2768 1451 2813 fico
1466 2767 1632 2814 sacrisque
1653 2763 1826 2811 domesticis
1846 2765 1965 2811 majori
1987 2762 2104 2813 filiae]

1141 2815 1261 2853 Moris
1282 2816 1376 2859 fuit,
1401 2823 1442 2853 ut
1461 2815 1554 2853 sacra
1577 2815 1774 2852 domestica
1796 2813 1992 2862 majoribus
2018 2822 2108 2851 natu

1139 2865 1257 2903 liberis
1278 2865 1518 2903 traderentur.
1564 2866 1653 2902 Sunt
1673 2873 1795 2901 autem
1821 2864 1934 2901 cultus
1957 2866 1993 2900 δέ
2012 2865 2107 2901 sacra

1142 2916 1366 2961 domestica,
1403 2916 1572 2953 sacrificia
1602 2926 1695 2964 quae
1721 2916 1800 2953 Diis
1821 2914 2011 2951 Penatibus
2042 2914 2106 2950 fie—

1141 2967 1238 3004 bant.
1265 2967 1461 3005 VORST.
1513 2967 1560 3004 Et
1590 2977 1652 3003 cur
1670 2977 1747 3002 non
1768 2968 1887 3001 cultum
1911 2964 2028 3012 potius
2050 2965 2107 3000 in-

1139 3018 1354 3069 telligamus,
1369 3018 1415 3057 de
1437 3017 1534 3057 veste
1550 3045 1559 3061 ‚
1588 3016 1800 3060 unionibus,
1827 3016 1970 3064 aliii'que
1998 3025 2108 3050 orna-

2003 3075 2110 3103 men-
