2516 3509
525 120 664 174 DE
741 119 1061 179 VERE

77 245 209 287 nem,
244 227 294 274 &
326 223 369 254 ¹⁶
404 224 594 273 scribam
613 224 878 289 Cicerejum
909 225 957 271 in
974 241 1188 289 campum
1206 224 1482 282 deduxerat;
1518 229 1663 286 utque
1692 220 1824 267 nimis
1856 221 2084 286 impotens
2096 239 2180 270 Ann.
2203 238 2271 287 asty.

78 309 282 357 sermone
305 309 434 374 vulgi
459 307 729 373 carpebatur
742 341 758 367 ,
783 307 909 371 quod
926 314 964 347 ¹7
977 308 1093 354 tanti
1115 308 1201 355 viri
1221 307 1484 371 sanguinem
1505 304 1853 367 clientelamque
1880 311 1890 330 ¹
1903 301 1921 331 8
1937 309 2081 353 comi-
2097 291 2169 353 alii.
2184 283 2296 354 ¹553*

1189 387 1197 395 .
1369 389 1377 397 .
1470 387 1478 394 .
1948 386 1954 392 .
2099 365 2228 396 annales
2243 366 2293 396 Pi-

815 394 857 425 ¹9
894 387 1116 435 Ceterum
1135 403 1308 434 crimen
1339 402 1434 451 ejus
1467 403 1516 431 1n
1543 384 1664 430 suam
1699 383 1876 429 laudem
1898 383 2082 431 Cicere-
2097 406 2165 446 μὴ
2197 409 2294 448 gupa

2100 458 2165 481 111.
2192 460 2218 484 5·
2235 461 2261 482 Ι.

77 389 172 436 tiali
196 389 441 436 certamine
461 387 744 436 confuderat.

1101 119 1629 178 CUNDIA.
1977 135 2099 194 379.

72 471 152 533 jus
177 469 420 516 convertit.
467 474 512 504 2-0
529 468 658 515 Nam
680 480 733 514 ut
749 466 867 515 vidit
887 468 1098 515 omnibus
1119 465 1161 512 se
1185 466 1400 513 centuriis
1424 464 1633 529 Scipioni
1653 461 1889 522 anteferri,
1906 470 1943 490 2¹
1965 477 2080 511 tem-

77 547 158 612 plo
177 545 436 606 descendit,
470 546 732 611 abjectaque
757 545 946 593 candida
964 559 1076 611 toga
1090 544 1415 609 'competitoris
1440 542 1504 589 sui
1537 549 1579 568 ²²
1616 540 1958 606 suffragatorem
1976 561 2080 609 age-

78 641 127 671 re
165 625 348 689 coepit3
386 639 439 673 ut
466 627 639 672 scilicet
663 638 919 688 praeturam
947 624 1107 670 melius
1130 623 1335 670 Africani
1357 621 1603 667 memoriae
1622 621 1923 680 concederet,
1948 639 2082 685 quam

80 705 163 752 fibi
185 705 446 753 vindicaret.

518 710 560 741 ²3
600 704 710 752 Nec
733 705 978 750 minimum
1003 702 1066 748 est
1086 701 1382 749 verecundiae
1403 701 1619 765 pretium.
1689 701 1847 764 Scipio
1867 714 1979 747 tunc
2002 701 2085 747 ho-

39 811 46 814 -
83 799 241 830 norem
261 782 446 846 adeptus
466 781 553 828 est:
595 789 636 819 ²4
671 781 885 845 Cicerejo
910 794 1061 827 tamen
1084 780 1224 842 magis
1246 779 1461 843 gratulati
1483 777 1597 825 sunt.

82 1003 169 1028 cum
194 990 301 1040 ipfius
324 991 399 1028 filio
423 989 470 1028 de
493 992 641 1029 honore
664 997 817 1028 certaret
836 988 850 1026 ?
880 989 965 1026 Imo
985 1002 1059 1025 con-

23 1087 25 1089 ,
77 1041 212 1088 fuderat
227 1070 237 1086 ‚
266 1042 358 1079 dum
377 1041 512 1091 pariter
532 1041 577 1078 de
596 1043 746 1079 honore
767 1048 946 1077 certantes
964 1041 1060 1077 inter

83 1093 118 1129 se
139 1093 311 1142 aequales
334 1094 372 1129 δε
392 1103 495 1140 pares
516 1093 596 1141 jam
620 1092 849 1134 videbantur.
900 1092 983 1128 Nec
1005 1091 1060 1128 ul-

82 1143 138 1181 lus
160 1141 226 1191 ipsi
249 1144 350 1180 favet
372 1142 454 1180 MS.

141 1206 198 1242 19.
224 1197 373 1231 Ceterum
393 1196 512 1230 crimen
528 1197 598 1242 ejus
617 1193 654 1228 in
667 1195 765 1240 suam
787 1191 915 1229 laudem
935 1194 1062 1229 Cicere-

78 1250 138 1292 jns
158 1244 340 1293 con-vertit]
371 1242 551 1292 adscripfit
563 1244 734 1292 Guyetus
748 1244 805 1288 ,id
827 1245 875 1281 est
889 1246 1059 1281 Crimina-

84 1297 218 1333 tionem.
272 1296 355 1333 Nec
374 1295 449 1333 hoc
468 1294 574 1332 bene.
608 1295 708 1332 Nam
728 1295 898 1343 intelligit
918 1296 1060 1333 crimen

88 1345 163 1384 five
181 1346 328 1395 culpam
351 1347 536 1384 fortunae.

138 1409 197 1435 20.
229 1401 318 1434 Nam
345 1409 383 1433 ut
400 1395 492 1433 vidit
511 1396 657 1432 omnibns
680 1398 718 1444 se
743 1398 899 1434 centuriis
916 1399 1060 1446 Scipioni

88 1447 266 1497 anteferri]
307 1448 415 1485 Leid.
451 1447 582 1496 Quint.
629 1450 798 1494 estuferri.
859 1449 976 1496 Quod
1013 1461 1059 1487 ex

91 1498 174 1536 Bas..
194 1500 339 1536 notavit
360 1500 472 1536 etiam
496 1498 686 1535 Klokkius.
740 1498 811 1535 Sed
832 1499 881 1536 ita
901 1499 1000 1548 quafi
1019 1501 1058 1538 in

87 1548 265 1587 -Editione
280 1578 289 1593 ,
317 1561 388 1598 qua
408 1550 481 1598 ipse
501 1548 692 1593 utebatur,
718 1547 936 1595 invenisset,
951 1566 1058 1588 omnes

79 1602 119 1647 J}
144 1603 308 1637 centurias
327 1602 471 1650 Scipioni
500 1603 640 1647 auferre.
691 1600 823 1649 Copes.
848 1600 890 1637 ab
910 1603 1059 1639 omnibus

80 1654 119 1699 [ὲ
137 1654 304 1688 centuriis.

138 1715 198 1740 21.
227 1704 356 1752 Templo
374 1699 557 1750 descendit]
587 1701 645 1739 Ex
665 1701 813 1750 Campo
832 1702 971 1740 Martio
993 1715 1062 1752 pu-

87 1760 146 1797 ta,
179 1752 241 1790 ubi
269 1753 423 1790 comitia
455 1752 690 1790 habebantur.
743 1753 790 1790 Et
821 1764 972 1802 campus
998 1755 1059 1792 ille

87 1805 244 1853 templum
266 1804 397 1841 dicitur
411 1832 421 1848 ‚
450 1803 556 1853 quod
574 1803 679 1840 locus
701 1803 815 1841 Marti
841 1804 939 1841 sacer
960 1804 1058 1844 effet.

89 1855 261 1892 Omnem
282 1856 383 1892 enim
415 1854 543 1892 locum
573 1853 783 1902 religiosum
814 1857 969 1905 templum
991 1869 1060 1894 vo-

89 1905 230 1942 cabant.
279 1905 474 1943 VORST.
526 1906 585 1942 Sic
604 1917 759 1955 quoque
782 1906 1058 1945 Oliverius.ln-

84 1962 144 1992 ter
171 1965 341 2005 excerpta
367 1956 540 1994 Gudiana
566 1964 744 2001 notatur,
779 1968 825 1994 an
856 1957 1057 2006 legendum

84 2008 273 2054 extemplo,
301 2007 323 2044 i.
347 2019 378 2043 e.
406 2007 614 2044 confestim-
668 2007 787 2056 Quod
818 2020 897 2045 non
926 2009 1058 2057 probo.

90 2056 299 2104 Templum
322 2058 422 2094 enim
436 2058 623 2106 Campum
644 2059 824 2096 Martium
848 2061 972 2108 potuit
991 2073 1059 2097 vo-

89 2118 172 2144 care
205 2119 282 2144 non
306 2106 446 2152 solum,
473 2108 578 2157 quod
596 2109 711 2146 Marti
740 2110 839 2146 sacer
864 2109 972 2154 esset,
997 2111 1059 2159 secl

90 2160 202 2196 etiam
223 2157 327 2207 quod
356 2166 432 2195 erat
462 2158 706 2196 consularibus
735 2160 898 2208 auspiciis
932 2161 1058 2198 conse-

89 2217 282 2252 cratus,ut
303 2209 420 2257 inquit
450 2208 528 2246 Cic.
554 2221 606 2246 xv.
643 2209 681 2246 in
711 2209 791 2247 Cat.
828 2224 858 2247 1.
885 2211 924 2247 ὃς
954 2212 1057 2260 quod

84 2260 136 2297 ibi
156 2257 350 2296 Candidati
370 2258 524 2306 auspicia
552 2259 670 2306 prima
704 2259 787 2296 luce
815 2268 902 2297 ante
924 2261 1058 2298 Comi-

84 2312 136 2349 tia
159 2318 331 2358 caperent
346 2338 356 2354 ‚
385 2317 424 2346 ut
442 2309 580 2346 constat
601 2319 647 2345 ex
662 2309 850 2357 Dionyfio
871 2311 956 2348 Hal.
976 2312 998 2348 l.
1012 2325 1055 2350 11.

89 2362 305 2399 Perizonius
326 2359 528 2408 adscripsit,
554 2359 643 2397 loco
663 2368 843 2408 augurato
875 2361 919 2399 ad
941 2364 1057 2411 auspi-

84 2414 137 2450 cia
158 2411 345 2460 captanda.

135 2476 195 2500 22.
223 2460 490 2513 stiffi-agatorem
517 2473 614 2510 agere
647 2463 761 2510 coepit.
815 2462 918 2499 Harl.
947 2463 1054 2501 Leid.

85 2515 193 2564 prim.
235 2508 351 2562 quint.
389 2513 465 2548 sext
512 2510 645 2559 Ultraj.
679 2513 747 2549 sec.
775 2513 934 2550 PERIZ.
972 2518 1054 2561 Suf-

78 2569 285 2616 fragatorem
308 2567 344 2612 se
373 2577 469 2613 agere
497 2563 608 2611 coepit.
637 2563 675 2599 &
704 2562 751 2600 fic
780 2564 848 2601 Ed.
876 2566 984 2613 Mog.
1014 2567 1052 2604 &

87 2616 244 2654 Mediol.
274 2616 330 2652 Sic
354 2615 391 2651 in
420 2612 633 2663 quibusdam
673 2613 809 2662 scriptis
828 2616 866 2653 ὃς
888 2616 992 2654 editis
1014 2629 1053 2654 a-

79 2667 156 2716 pud
189 2667 256 2703 Sal.
284 2667 322 2703 B.
344 2666 414 2713 Jug
457 2664 499 2701 C.
538 2664 599 2701 60.
624 2664 802 2704 invenias.
854 2669 962 2704 Tanta
983 2683 1052 2704 mo-

81 2718 216 2754 bilitate
227 2720 293 2766 sese
316 2714 483 2752 Numidae
500 2726 617 2766 agunt,
669 2716 769 2753 Vide
800 2730 894 2767 quae
920 2720 1048 2757 notavi

83 2769 188 2817 supra
216 2770 263 2806 L.
294 2781 348 2811 w,
389 2782 417 2805 1.
444 2767 480 2803 6.
514 2767 608 2803 infra
644 2767 689 2803 L.
717 2780 769 2805 vr.
797 2781 830 2818 3.
857 2769 890 2806 6.
928 2771 966 2808 ὅς
993 2771 1049 2810 Cl.

84 2820 259 2858 Burman.
295 2818 340 2857 ad
366 2818 463 2855 Vell.
500 2818 545 2854 L.
577 2829 622 2853 11.
662 2818 705 2855 C.
732 2832 813 2867 109.
850 2833 884 2857 2.
920 2820 980 2858 ubi
1003 2834 1048 2860 ex

85 2871 198 2909 allatis
226 2869 402 2918 exemplis
428 2869 564 2917 patebit
585 2880 797 2914 pronomen
824 2871 913 2909 illud
940 2874 1047 2911 facile

85 2920 185 2970 poffe
212 2920 339 2959 abeffe.
814 2929 817 2932 ’

131 2985 192 3022 23.
230 2975 298 3009 Nes
333 2987 398 3008 non
433 2972 491 3019 etsi
525 2972 669 3007 maximo
694 2971 907 3010 verecundiae
941 2977 1049 3024 precio

84 3026 190 3073 Scipio
220 3035 295 3061 tunc
323 3024 473 3061 bonorem
501 3020 637 3073 adeptus
666 3022 727 3073 est]
757 3024 904 3073 Duplex
920 3037 1048 3065 exem-

2018 859 2088 906 Ac

1111 986 1268 1036 plarium
1288 985 1400 1024 lectio
1418 987 1468 1025 est
1482 1015 1492 1031 ,
1517 995 1648 1025 neutra
1667 986 1820 1037 quidem
1842 996 2087 1026 contemnen-

1112 1038 1171 1076 da.
1198 1049 1362 1087 namque
1394 1039 1431 1075 in
1463 1038 1616 1076 Susiano
1651 1040 1689 1076 ὃς
1708 1038 1980 1077 Pulmanniano
2011 1040 2083 1084 fic,

1111 1092 1200 1126 Tunc
1236 1090 1364 1137 etiamsi
1399 1093 1545 1127 maximo
1579 1089 1791 1127 verecundiae
1831 1094 1938 1140 precio
1976 1093 2084 1140 Scipio

1112 1151 1190 1177 tunc
1215 1140 1364 1176 bonorem
1390 1139 1528 1190 adeptus
1564 1145 1620 1188 est.
1684 1141 1726 1178 In
1756 1141 1831 1178 aliis
1859 1150 1984 1179 autern
2012 1144 2084 1187 ita,

1112 1196 1186 1228 Nec
1224 1194 1392 1227 minimum
1430 1195 1473 1239 est·
1510 1190 1722 1228 verecundiae
1754 1194 1930 1242 preriiim;
1975 1195 2083 1242 Sctjvio

1112 1253 1187 1279 tunc
1212 1242 1364 1280 bonorem
1389 1241 1528 1292 adeptus
1555 1246 1607 1291 est.
1661 1243 1710 1281 Et
1734 1244 1827 1281 haec
1849 1243 2001 1293 quidem
2028 1245 2081 1281 le-

1114 1293 1188 1332 &io
1209 1294 1300 1330 mihi
1320 1294 1521 1331 Valeriano
1541 1293 1635 1343 stylo
1657 1294 1813 1331 vicinior
1831 1295 1983 1332 videtur.
2029 1297 2082 1334 At

1111 1345 1331 1392 posteriores
1350 1345 1482 1382 librarii
1509 1357 1554 1381 ex
1588 1344 1727 1382 duabus
1758 1357 1869 1383 unam
1895 1346 2081 1394 vulgatam

1112 1395 1356 1440 fabricarunt,
1369 1410 1423 1432 nec
1442 1398 1836 1439 minimum‚mutantes
1855 1397 1892 1433 in
1912 1412 2081 1440 necmon.

1113 1449 1150 1484 δε
1173 1446 1312 1496 reliqua
1336 1459 1380 1484 ex
1400 1447 1512 1484 altera
1533 1448 1644 1495 priori
1676 1446 1837 1484 lectione
1864 1459 2083 1485 accommo-

1111 1497 1248 1535 dantes.
1302 1498 1442 1535 PIGH.
1493 1503 1569 1533 Nec
1605 1499 1775 1534 minimum
1801 1502 1845 1546 est
1870 1498 2083 1535 veretundme

1102 1551 1247 1597 pretium
1279 1557 1352 1586 wc.
1388 1548 1615 1588 Leffionem
1644 1550 1739 1585 hanc
1778 1551 1911 1597 reperit
1937 1550 2082 1598 Pighius

1107 1601 1146 1636 in
1166 1599 1379 1650 quibusdam
1401 1599 1510 1637 codd.
1538 1601 1581 1636 In
1602 1599 1699 1643 aliis,
1725 1608 1764 1637 nt
1783 1600 1883 1637 idem
1916 1601 2084 1638 observa--

1115 1651 1190 1695 vit,
1218 1649 1439 1697 legitur-fic,
1465 1653 1576 1694 Tunc,
1604 1652 1729 1698 etiamst
1756 1654 1899 1687 maximo
1927 1667 2082 1689 verecun-

1111 1699 1186 1738 diae
1222 1704 1329 1749 pretio
1357 1728 1367 1744 ‚
1411 1704 1522 1750 Sripio
1559 1712 1634 1737 tunc
1669 1702 1817 1738 bonorem
1856 1701 1991 1752 adeptas
2031 1709 2085 1752 est.

1113 1751 1312 1790 VORST.
1367 1752 1410 1789 In
1431 1751 1535 1789 Bam.
1563 1752 1787 1791 membranis
1807 1753 1864 1794 est,
1919 1757 1988 1790 Nec
2016 1770 2086 1791 maw

1110 1806 1222 1840 ximae
1238 1802 1449 1840 ‘verecundiae
1467 1805 1575 1852 Scipio
1593 1815 1667 1839 tunc
1689 1804 1837 1840 honorem
1863 1803 1999 1854 adeptus
2034 1811 2088 1851 eft.

1114 1866 1202 1892 nam
1229 1854 1278 1891 ibi
1299 1862 1421 1891 totum
1444 1854 1532 1891 illud
1551 1856 1689 1903 Cicerejo
1708 1866 1818 1891 tamen
1837 1860 1944 1906 magis
1965 1850 2088 1907 graiu-v

1111 1907 1177 1941 lati
1196 1907 1300 1954 fiant,
1327 1906 1364 1942 in
1383 1913 1561 1942 contextu
1581 1904 1690 1942 deest.
1723 1906 1793 1944 Sed
1812 1906 1858 1944 ad
1876 1909 2082 1956 marginem

1110 1956 1171 1994 tall
1210 1955 1419 2005 adjungitur
1473 1955 1636 1993 leffll'oni.
1707 1959 1796 1993 Tunc
1840 1958 1897 2005 etfi
1941 1963 2085 1995 ‘maximo

1109 2006 1325 2044 verecundiae
1345 2009 1450 2056 precio
1473 2009 1579 2057 Scipio
1608 2007 1755 2045 honorem
1776 2007 1913 2058 adeptus
1942 2014 2007 2057 est,
2029 2014 2088 2048 Cim

1110 2064 1209 2107 cerejo
1236 2070 1347 2094 tamen
1373 2059 1480 2108 magis
1501 2060 1683 2109 gratulati,
1702 2062 1795 2107 fimi.
1833 2061 1869 2097 &
1893 2060 1936 2097 al'
1964 2063 2087 2098 Cicere-

1103 2111 1163 2156 jus
1191 2121 1302 2145 tamen
1329 2112 1435 2159 magis
1465 2112 1664 2160 gratulatus
1690 2113 1773 2156 fuit.
1826 2111 1946 2159 Lego.
1999 2115 2087 2149 Tunc

1109 2161 1168 2206 etsi
1189 2163 1296 2209 Scipio
1322 2163 1467 2196 maxime
1499 2161 1648 2197 bonorem
1673 2160 1810 2210 adeptus
1847 2166 1890 2209 est
1912 2190 1920 2205 ‚
1959 2165 1998 2199 Ci
2016 2180 2083 2204 cre·

1104 2214 1162 2256 jus
1188 2221 1303 2246 tamen
1337 2208 1550 2247 verecundiae
1573 2214 1746 2260 praeconio
1781 2216 1888 2262 magis
1921 2213 2081 2251 adulatus

1101 2262 1176 2303 ficit
1193 2288 1202 2303 ‚
1231 2261 1291 2297 vel
1310 2263 1502 2296 cumulatus
1522 2264 1609 2307 fuit.
1663 2262 1942 2302 KLOKKIUS.
1991 2266 2077 2313 Joh.

1110 2309 1235 2347 WVaffe
1264 2322 1308 2347 ex
1346 2311 1426 2347 MS.
1463 2311 1614 2348 Cantab.
1656 2320 1771 2350 notat.
1824 2318 1898 2350 Nec
1924 2331 1989 2352 nen
2017 2319 2077 2359 ets?

1109 2361 1474 2399 maximoveremndiae
1487 2365 1594 2410 precio
1612 2365 1720 2413 Scipio
1739 2375 1813 2400 tunc
1833 2365 1982 2403 honorem
2001 2367 2074 2403 ade-

1101 2422 1183 2460 ptus
1219 2415 1274 2460 est.
1328 2412 1409 2450 Ind.
1446 2413 1526 2450 Sall.
1555 2414 1602 2450 V.
1634 2416 1739 2451 Pretii
1805 2417 1921 2464 Quod
1958 2419 2004 2455 eil
2035 2419 2069 2453 in

1106 2463 1220 2500 Periz.
1260 2464 1333 2500 Pro
1359 2478 1415 2500 nee
1439 2478 1528 2506 non,
1563 2477 1640 2501 tunc
1684 2466 1819 2503 habent
1867 2468 1957 2505 Uitr.
2002 2468 2067 2503 sec.

1108 2513 1216 2552 Leid.
1253 2515 1359 2563 prim.
1394 2515 1482 2564 sept.
1520 2528 1588 2564 pro
1615 2517 1715 2554 varia
1750 2517 1938 2561 leelitvne3
1978 2519 2063 2553 {scm

1105 2565 1175 2603 Ed.
1217 2566 1324 2614 Mog.
1366 2565 1470 2603 Harl.
1524 2570 1630 2605 Rem.
1681 2580 1785 2606 unns.
1824 2569 1923 2604 Barb.
1960 2568 2062 2614 prim.

1100 2620 1177 2653 Nec
1213 2619 1395 2654 maximum
1429 2617 1488 2665 eff}
1508 2617 1720 2656 verecundiae
1744 2625 1893 2667 pretium,
1934 2619 2063 2664 (iopes.

1101 2682 1155 2704 nec
1174 2671 1356 2705 maximum
1376 2669 1473 2717 effer,
1502 2672 1540 2707 ἃ
1559 2670 1744 2718 expuncto
1769 2681 1876 2704 manu
1906 2668 2059 2705 secunda

1099 2734 1155 2755 nec
1171 2719 1449 2768 superscriptum
1479 2729 1556 2759 erat
1593 2722 1662 2767 etsi.
1685 2719 1788 2755 Leid.
1817 2720 1880 2753 stc·
1910 2719 1946 2755 δέ
1974 2720 2060 2761 sert.

1100 2771 1139 2808 &
1163 2771 1260 2808 Ultr.
1287 2771 1394 2820 prim.
1431 2777 1505 2808 A'ec
1539 2787 1602 2808 nim
1632 2772 1808 2806 maximum
1835 2769 1901 2816 (ΗΞ).
1956 2770 2062 2809 Leid„

1098 2828 1181 2858 tert.
1231 2825 1300 2858 Nec
1332 2826 1501 2859 minimum
1541 2819 1748 2858 wermudam
1780 2823 1922 2868 pretium
1955 2849 1964 2865 ‚
2008 2838 2062 2857 ne:

1099 2875 1279 2909 maximum
1307 2874 1367 2922 effe
1393 2872 1604 2912 verecundiae
1626 2873 1767 2920 pretium
1791 2898 1799 2913 ,
1839 2872 1852 2905 l
1874 2900 1884 2916 ,
1920 2887 1975 2908 nc(
2000 2889 2061 2908 non

1098 2925 1158 2971 etsi
1186 2926 1330 2960 maximo
1360 2923 1571 2962 verecundiae
1597 2924 1711 2970 pretio.
1765 2921 1936 2959 VCI'ictle
1969 2923 2061 2961 lfidtl.

1099 2979 1169 3012 Nec
1185 2990 1247 3011 non
1267 2979 1447 3013 maximum
1473 2973 1682 3011 verecundae
1702 2974 1854 3021 pretium.
1909 2973 2063 3011 Mediol.

1096 3030 1172 3064 Nec
1198 3027 1256 3075 etfi
1285 3030 1429 3066 maximo
1458 3023 1668 3065 *pernumiae
1690 3025 1808 3072 pretio.
1846 3025 1926 3062 MS.
1956 3025 2063 3062 Leid.

1589 3076 1616 3113 B
1629 3075 1651 3113 b
1662 3075 1684 3113 b
1710 3086 1730 3111 z
1947 3076 2063 3124 quint.
