2516 3509
120 284 189 317 Cic.
202 260 294 317 Osffic,

123 336 170 360 ιι.

341 133 446 191 126

633 114 878 175 VALE
902 108 1044 166 RH
1117 107 1501 168 MAXIMI
1537 108 1659 169 Lu,
1701 109 1773 168 11.
1815 111 1961 171 CAe.
2000 113 2047 170 1.

398 220 677 291 Hujufinodi
698 220 815 264 inter
835 214 1059 281 conjuges
1087 212 1374 262 verecundia.
1409 213 1552 281 quid?
1586 222 1627 257 4¹
1655 217 1774 266 inter
1807 230 1974 267 ceteras
2001 215 2342 269 necessitudines

333 321 482 360 nonne
500 311 685 367 apparet
705 293 1028 346 consentanea?
1061 308 1165 340 nam
1185 305 1240 342 ut
1263 294 1458 343 minimo
1488 296 1661 345 indicio
1685 299 1932 348 maximam
1963 300 2058 349 vim
2089 302 2185 367 ejus
2208 300 2347 366 figni-

331 389 494 443 ficem,
529 377 790 444 aliquandiu
810 392 894 425 nec
916 388 1042 441 pater
1069 390 1178 422 cum
1204 372 1303 421 filio
1327 375 1524 438 pubere,
1555 393 1641 426 nee
1677 377 1802 427 socer
1830 397 1938 428 cum
1971 397 2142 447 genero
2170 381 2347 429 lavaba-

328 480 419 514 tur.
488 459 790 511 Manifestum
818 458 962 523 igitur
996 456 1061 504 est
1086 467 1268 504 tantum
1294 455 1528 520 religionis
1555 456 1759 522 sanguini
1782 460 1830 508 δε
1851 461 2088 523 affinitati,
2123 476 2347 527 quantum

328 544 434 608 ipfis
458 542 542 589 diis
564 536 899 588 immortalibus
926 536 1177 585 tributum:
1215 536 1320 600 quia
1339 535 1458 583 inter
1477 534 1558 582 ista
1577 549 1672 583 tam
1691 537 1837 587 sancta
1856 542 2040 591 vincula
2074 550 2118 582 4²
2138 559 2234 591 non
2253 559 2347 590 ma-

334 620 407 685 gis
425 633 563 683 quam
583 617 631 663 in
646 614 800 679 aliquo
820 610 990 660 sacrato
1009 611 1116 659 loco
1137 610 1305 659 nudare
1321 610 1386 672 se,
1422 609 1542 658 nefas
1561 610 1646 659 effe
1665 612 1945 664 credebatur.

397 695 683 742 Convivium
717 691 855 738 etiam
889 689 1067 737 solenne
1096 692 1289 755 majores
1319 690 1613 739 instituerunt
1633 725 1648 752 ‚
1694 690 1833 757 idque
1866 700 1907 731 43
1944 697 2154 760 Charisiia
2195 701 2348 765 appel-

113 776 210 853 ?fldv·
233 774 312 857 {³1¹}
336 776 574 831 laverunt,
612 771 688 817 cui
723 776 770 808 Ἠ
798 780 974 833 praeter
1001 781 1224 832 cognatos
1250 768 1299 815 δε
1326 769 1477 816 affines
1504 786 1641 819 nemo
1662 772 2059 837 interponebatur:
2095 790 2176 837 ut,

2210 780 2244 827 fi
2264 798 2352 844 qua

338 864 378 894 45
403 855 520 901 inter
542 848 802 898 neceffarias
830 845 1036 912 personas
1071 847 1116 887 4⁶
1137 847 1316 912 querela
1343 849 1449 898 esset
1472 864 1598 910 orta,
1635 851 1756 916 apud
1784 851 1903 900 sacra
1928 852 2129 916 mensae,
2164 856 2214 905 ὃς
2236 859 2352 907 inter

331 1066 447 1116 aliquo
467 1064 600 1113 sacrato
628 1062 694 1097 loco
719 1056 846 1096 nudare
861 1057 899 1106 se
924 1060 981 1105 fas
1001 1055 1190 1095 credebatur
1219 1057 1319 1096 dice·

331 1125 433 1155 retur
464 1127 532 1164 pro
565 1116 652 1149 inter
676 1113 740 1158 ista
768 1122 838 1147 tam
859 1111 982 1157 sanila
1009 1110 1097 1145 wine.
1137 1107 1264 1144 nudare
1283 1111 1320 1157 se

329 1181 433 1218 aeque
453 1181 520 1202 non.
545 1167 603 1211 fas
625 1160 814 1199 credebatur
840 1173 878 1195 ac
896 1162 935 1195 im
962 1161 1078 1208 aliquo
1091 1161 1223 1207 stccrato
1240 1161 1318 1196 loco.

335 1217 409 1256 Sed
421 1217 470 1254 est
491 1215 591 1264 apud
608 1213 773 1251 nostrum
788 1212 868 1247 Non
878 1213 985 1261 magis
1005 1212 1098 1257 nefas
1117 1209 1319 1247 credebatur:

334 1269 376 1307 id
387 1266 492 1319 quod
509 1266 619 1316 plane
638 1262 866 1302 contr-arium
879 1262 955 1310 ejus
970 1290 979 1306 ,
993 1260 1097 1311 quod
1118 1260 1321 1299 dicendum

334 1320 384 1358 est
397 1348 407 1364 ‚
437 1316 640 1367 significare
661 1314 777 1353 videri
798 1312 916 1362 poffit.
969 1311 1075 1369 Quid
1096 1311 1122 1348 fi
1140 1324 1208 1361 pro
1228 1316 1321 1360 nefas

331 1372 500 1419 legamus
525 1365 620 1416 fas?
658 1374 722 1404 aut
755 1365 922 1403 dicamus
954 1363 1033 1401 fieri
1063 1363 1252 1402 interdum
1282 1372 1320 1402 ut

336 1423 433 1460 duae
457 1425 720 1458 concurrentes
741 1415 962 1464 negationes
991 1415 1026 1452 se
1047 1414 1212 1452 invicem
1242 1427 1321 1453 non

337 1470 506 1512 elidant?
534 1468 733 1507 VORST.
783 1465 965 1505 Posterius
992 1466 1068 1503 hoc
1102 1465 1320 1512 credemus,

336 1524 401 1562 ubi
424 1535 503 1560 non
523 1520 704 1568 ambiguis
717 1517 893 1566 exemplis
905 1515 993 1553 illud
1017 1517 1083 1555 erit
1104 1517 1318 1566 probatum3

338 1576 482 1613 interea
511 1582 690 1620 negamus
720 1568 812 1607 illud
840 1567 1096 1605 vehementer.
1155 1572 1222 1606 Fas
1254 1581 1322 1618 pro

340 1629 434 1674 nefas
458 1623 572 1662 edidit
592 1622 686 1659 solus
700 1649 710 1665 ‚
737 1627 919 1670 quantum
942 1618 1016 1656 scio
1031 1618 1182 1663 ,Aldus
1213 1620 1324 1670 Opti-

342 1689 406 1714 me
434 1674 541 1725 quod
572 1672 618 1710 ad
653 1671 795 1710 sensum
817 1699 827 1715 ‚
873 1668 936 1707 sed
963 1669 1121 1708 alterum
1147 1671 1259 1708 exstat
1285 1672 1324 1709 in

344 1728 519 1765 omnibus
542 1724 689 1773 scriptis.
738 1720 930 1759 Ascenfius
951 1720 1039 1758 dicit
1059 1721 1093 1760 se
1123 1720 1324 1771 legendum

343 1786 474 1828 putare
495 1781 601 1827 magis
626 1782 689 1813 aut
708 1779 816 1822 majos
836 1771 910 1809 fine
932 1773 1132 1820 negatione
1147 1800 1157 1817 ‚
1179 1782 1242 1811 aut
1262 1789 1328 1810 non

343 1832 454 1867 minus
476 1843 578 1878 quam
599 1829 636 1862 in
653 1827 769 1876 aliquo
780 1825 874 1872 fizcro
897 1824 974 1859 loco.
1013 1823 1060 1860 Et
1079 1824 1166 1860 hinc
1184 1839 1249 1861 non
1268 1828 1331 1860 mi-

342 1896 406 1918 nus
427 1879 551 1917 edidit.
581 1878 701 1922 Tres,
728 1877 842 1925 aliquo
858 1876 992 1922 fizcrato
1013 1875 1093 1922 locq.
1121 1875 1218 1913 Tres
1239 1876 1330 1914 item

342 1930 536 1971 crederetur.
565 1930 673 1978 prim.
695 1927 819 1965 VatiC.
839 1924 1021 1962 credebant.

395 2007 457 2045 43.
484 1990 673 2041 Chamstia]
706 1990 942 2029 Convivium
972 1988 1010 2026 id
1032 1989 1236 2038 Clzaristiam
1268 2003 1337 2029 VO-

345 2055 474 2084 catum
499 2044 673 2082 meminit
696 2043 811 2080 Ovid.
836 2039 1040 2079 L.11.F—ast.
1063 2041 1337 2079 GLAREAN.

348 2098 553 2134 Commium
583 2096 728 2143 solenne.
767 2094 936 2142 charistia
968 2091 1063 2128 inter
1095 2093 1181 2130 festa
1210 2093 1339 2139 fuere,

346 2160 446 2197 quae
479 2145 678 2196 quotannis
725 2154 827 2183 certo
869 2154 1043 2191 tempore
1091 2144 1339 2184 recurrebant.

348 2197 508 2238 Ovidius
529 2196 589 2234 lib.
613 2208 657 2234 11.
677 2195 766 2233 Fast.

389 2289 557 2326 Proxima
577 2287 708 2338 cognati
728 2285 842 2322 dixere
865 2284 1037 2331 Clmrzstia
1058 2285 1151 2320 cari:

441 2341 487 2377 Et
509 2340 603 2376 venit
623 2336 668 2375 ad
684 2339 788 2385 sbcios
811 2336 909 2373 tus‘lm
925 2337 1117 2386 propinqua
1140 2337 1240 2372 Deos.

342 2430 394 2469 Et
424 2431 651 2471 celebratum
677 2433 830 2481 quidem
863 2433 995 2469 festum
1027 2430 1118 2468 istud
1152 2432 1221 2469 fuit
1244 2442 1331 2469 vm.

345 2480 428 2519 Kal.
440 2485 552 2522 Mart.
575 2484 635 2521 Est
658 2491 783 2520 autem
803 2483 1033 2519 vocabulum
1056 2483 1198 2529 origine
1212 2483 1331 2520 Grae-

349 2544 437 2571 cum
451 2564 462 2581 ‚
481 2534 502 2573 a
526 2534 642 2573 verbo
663 2534 849 2582 χαιρλζεοᾶς
865 2561 876 2575 ,
903 2532 1007 2581 quod
1028 2531 1204 2580 fignificat
1219 2536 1335 2581 grati-

338 2584 468 2632 ficari,
495 2585 649 2636 obsequi,
676 2586 823 2634 largiri,
850 2582 1039 2620 condonare.
1094 2581 1167 2619 Cui
1198 2584 1336 2631 postre-

351 2647 440 2674 mae
477 2635 734 2686 fignificationi
767 2635 938 2683 congruit
970 2632 1060 2671 illud
1089 2633 1193 2682 quod
1216 2634 1336 2671 noster

353 2687 456 2725 addit
478 2687 524 2726 de
546 2687 702 2739 querelis
716 2716 726 2732 ‚
756 2698 851 2737 quae
878 2686 972 2723 inter
994 2682 1212 2722 neceffarios
1235 2692 1339 2722 ortae

354 2736 496 2783 essent,
527 2739 681 2778 sublatis.
708 2738 905 2776 VORST.
957 2736 1104 2773 Decem
1122 2735 1343 2774 MSSAEari-

340 2791 447 2838 stiam
458 2817 468 2833 ,
484 2791 591 2828 Leid.
610 2790 698 2828 sext.
711 2791 886 2837 Caristitia
897 2817 908 2834 ,
934 2787 1003 2824 sec.
1017 2789 1179 2834 Carestia.
1210 2788 1342 2826 Heins.

350 2840 458 2890 prim.
487 2842 737 2890 Euclmristiam.
766 2840 811 2879 In
830 2851 908 2892 quo
925 2838 1033 2878 sentis
1050 2837 1236 2878 stultitiam
1257 2850 1343 2878 mo-

353 2907 575 2946 meliorum.

407 2972 464 3005 44.
493 2962 634 2997 Praeter
663 2959 836 3010 cognatos]
868 2959 1115 3011 Cognationis
1142 2966 1244 2998 tanta
1265 2966 1344 2998 erat

362 3011 566 3050 aestimatio
580 3041 591 3058 ‚
618 3018 659 3049 ut
678 3012 834 3050 caritatis
856 3013 1013 3050 nomine
1042 3010 1264 3061 plerumque
1286 3012 1342 3049 in-

364 3057 565 3109 signiretur.
615 3062 719 3105 Hinc
745 3064 785 3104 in
806 3064 924 3106 veteri
945 3061 1154 3120 Gloisario:
1182 3066 1272 3105 Cara
1292 3077 1345 3115 co-⁴

2241 937 2352 986 hila-

1360 1060 1481 1108 gnatio
1502 1060 1749 1103 Τιμησυγένισι.
1771 1061 1879 1112 lego:
1908 1063 2001 1111 Tim)
2021 1062 2201 1115 συνῇυίοις.
2249 1068 2353 1107 Μλῑ·

1369 1111 1461 1148 tialis
1481 1111 1540 1149 lib.
1564 1124 1615 1149 xx.
1638 1112 1761 1162 Epigr.
1785 1128 1841 1164 55.

1423 1193 1512 1228 Cara
1533 1191 1627 1230 daret
1635 1196 1769 1241 solenne
1790 1194 1852 1231 tiln'
1873 1199 2021 1246 cognatio
2040 1211 2158 1235 munus
2171 1226 2182 1243 ‚

1476 1248 1551 1280 Nec
1564 1248 1681 1291 frater·
1697 1246 1792 1284 ‘robis
1803 1275 1815 1292 ,
1841 1261 1896 1284 nec
1906 1252 2000 1298 prior
2018 1248 2092 1297 effit
2108 1265 2208 1288 avus.

1378 1321 1570 1361 COLER.

1419 1386 1478 1422 45.
1507 1378 1599 1412 Inter
1630 1378 1820 1427 neceffizrias
1839 1379 2015 1430 perfhnas]
2057 1381 2101 1419 In
2135 1380 2354 1419 Cauchiano

1374 1425 1530 1470 melius,
1559 1428 1648 1465 Inter
1678 1431 1877 1479 neceffizrios.
1914 1433 2054 1470 PIGH.
2106 1434 2199 1468 Inter
2218 1432 2354 1479 necessit-

1374 1478 1452 1515 rios.
1485 1477 1750 1518 Sarisberienfis
1781 1482 1889 1531 legit:
1920 1487 2013 1520 Inter
2037 1482 2228 1531 neceffizrias
2246 1486 2357 1533 perso-

1373 1542 1447 1565 nas.
1476 1529 1671 1569 COLER.
1723 1536 1761 1569 Si
1781 1536 1868 1570 inter
1889 1535 2081 1582 neceffizrlas
2099 1537 2266 1584 perfimas.
2299 1535 2357 1572 Pi-

1375 1580 1480 1628 ghius
1523 1592 1609 1619 cum
1638 1583 1678 1620 in
1728 1584 1811 1622 cod.
1848 1585 2002 1624 Cauchii
2041 1583 2226 1634 reperiffet
2273 1588 2360 1622 inter

1375 1631 1564 1679 rzeceffizrios
1587 1661 1597 1678 ‚
1639 1636 1800 1673 omnino
1836 1636 1912 1674 hoc
1947 1649 2015 1685 pro
2061 1636 2126 1674 illo
2174 1648 2360 1686 reponen-

1378 1681 1469 1720 dum
1492 1686 1656 1731 putavit:
1684 1686 1785 1736 quasi
1806 1688 1997 1735 necessarias
2019 1691 2176 1738 perfimas
2199 1700 2277 1726 non
2299 1699 2360 1725 ae-

1379 1745 1453 1782 que
1482 1735 1643 1782 probum
1677 1736 1774 1775 effer.
1831 1741 1978 1777 Omnes
2009 1740 2151 1790 antiqui
2172 1740 2269 1789 typis
2296 1750 2360 1776 ex-

1382 1784 1507 1833 preffi;
1540 1786 1708 1835 itemque
1730 1789 1838 1829 MSS.
1858 1790 2037 1829 Brandeb.
2058 1792 2096 1828 δε
2118 1789 2304 1828 Bafileens.
2325 1790 2364 1828 id

1383 1835 1489 1891 quod
1519 1836 1667 1884 Pighius
1695 1841 1823 1889 rejecit
1851 1842 1998 1880 habent.
2052 1841 2124 1879 Sed
2158 1843 2196 1879 ὃς
2215 1842 2275 1890 Jo.
2299 1841 2364 1879 Sa-

1384 1887 1624 1933 risberienfi5‚
1663 1898 1702 1928 ut
1735 1891 1943 1930 observavit
1974 1892 2154 1937 Colerus,
2179 1893 2245 1931 suo
2267 1900 2365 1930 tem-

1386 1949 1478 1986 pore
1509 1940 1559 1977 ita
1583 1939 1683 1988 legit.
1736 1943 1865 1990 Nepos
1886 1945 1923 1980 in
1952 1945 2066 1992 praef.
2086 1947 2290 1991 summorum
2308 1946 2369 1980 vi-

1386 2004 1496 2026 rorum
1517 1994 1664 2039 perfimis
1691 1990 1828 2043 dignum
1857 1993 1948 2031 dixit
1978 2006 2046 2043 pro
2065 1997 2205 2041 summis
2221 1997 2308 2030 ‘viris
2331 1993 2364 2030 d·

1390 2040 1437 2077 Et
1469 2041 1528 2078 alii
1560 2054 1714 2092 quoque
1735 2044 1871 2082 habent
1893 2044 2003 2094 paria.
2058 2045 2141 2082 Nec
2160 2052 2238 2082 erat
2263 2044 2368 2094 quod

1390 2090 1570 2145 obhujus
1566 2094 1670 2131 modi
1690 2094 1925 2133 locutionem
1939 2096 2127 2133 summum
2140 2097 2276 2133 Virum
2288 2107 2371 2144 par-

1388 2142 1505 2181 ricidii
1534 2144 1669 2191 publici
1695 2145 1866 2184 defensor
1897 2147 2079 2185 Miltonus
2121 2146 2369 2195 reprehende-

1389 2202 1455 2231 ret.
1483 2195 1679 2234 VORST.
1730 2198 1785 2235 Ita
1807 2197 1944 2235 habent
1966 2199 2080 2235 etiam
2104 2209 2236 2236 omnes
2258 2195 2370 2236 MSS.

1390 2246 1526 2289 nostri,
1545 2246 1611 2283 nifi
1633 2247 1736 2296 quod
1758 2256 1883 2286 totum
1907 2249 2092 2287 omittitur
2112 2248 2151 2286 in
2163 2249 2270 2286 Leid.
2292 2249 2372 2287 sex-

1386 2303 1440 2333 to.
1471 2297 1510 2333 &
1532 2295 1580 2333 fic
1601 2298 1646 2334 L.
1666 2310 1710 2335 11.
1734 2299 1767 2336 8.
1793 2312 1824 2336 2.
1853 2301 1892 2336 In
1912 2314 1975 2350 quo
1991 2298 2121 2348 dejure
2141 2300 2371 2351 triumphandi

1385 2348 1473 2383 inter
1498 2348 1689 2395 clarffmas
1710 2353 1864 2399 per-fimas
1897 2360 1942 2387 ω’
1961 2352 2072 2388 atium
2095 2379 2106 2396 ‚
2145 2359 2190 2388 (φ’
2210 2352 2372 2398 excuffiom

1386 2401 1440 2446 est.
1469 2398 1567 2435 Veli.
1589 2400 1666 2438 Pat.
1697 2400 1742 2438 L.
1774 2415 1817 2440 11.
1851 2415 1909 2452 30.
1937 2405 2158 2439 Comei-terat
2190 2405 2251 2440 Cn.
2271 2405 2370 2440 Pom-

1380 2451 1453 2499 peji
1467 2452 1610 2500 persona¹
1628 2462 1734 2486 totum
1752 2454 1788 2487 in
1802 2456 1840 2501 se
1858 2465 2023 2489 terrarum
2038 2452 2153 2489 orbem.

1437 2499 1497 2548 46.
1527 2501 1670 2549 Qerela
1689 2500 1763 2548 effic
1785 2501 1876 2551 orta]
1907 2504 2026 2541 Vetus
2050 2503 2242 2552 Inscriptio
2271 2503 2371 2554 apud

1389 2550 1614 2590 Gruterum:
1636 2555 1779 2601 conjugi
1794 2554 2014 2602 fime‘lzffimae
2030 2568 2101 2591 cum
2118 2568 2185 2606 qna
2208 2556 2287 2592 vixi
2307 2571 2371 2592 an-

1386 2616 1444 2637 nos
1467 2604 1604 2640 XXXI.
1622 2604 1697 2651 fine
1717 2605 1789 2640 ulla
1814 2607 1973 2656 querella.
1989 2606 2038 2644 Et
2054 2605 2298 2644 memorabile
2321 2606 2370 2644 est

1390 2653 1494 2701 quod
1526 2654 1565 2692 in
1597 2654 1755 2704 antiquis
1786 2657 1944 2706 inscript.
1971 2665 2192 2707 perpetuum
2215 2657 2292 2694 fere
2320 2657 2370 2695 est

1390 2706 1540 2752 querella
1561 2717 1629 2755 pro
1653 2708 1796 2756 querela.
1841 2709 1971 2758 Nepos
1992 2709 2230 2759 querimoniam
2246 2716 2372 2747 vocat.

1392 2754 1447 2791 Ut
1469 2768 1556 2798 XXV,
1581 2767 1639 2802 17,
1659 2769 1692 2794 2.
1718 2759 1848 2795 nnllam
1869 2762 1956 2797 inter
1975 2775 2026 2796 eos
2057 2760 2296 2808 querimoniam
2315 2762 2370 2796 in-

1393 2806 1564 2854 terceffi‘JJe.
1593 2809 1787 2847 VORST.
1844 2811 2002 2861 Querella
2019 2810 2130 2847 etiam
2152 2809 2314 2848 scribitur
2333 2811 2371 2849 in

1394 2856 1538 2907 aliquot
1558 2858 1664 2897 MSS.
1694 2861 1842 2906 nostris;
1871 2863 1947 2900 hoc
1968 2868 2067 2899 certe
2098 2860 2211 2899 video
2244 2861 2282 2898 in
2309 2863 2373 2900 tri-
2424 2862 2426 2864 ’

1394 2905 1580 2997 ἓυίᾙείἀ.
1601 2923 1695 2962 quos
1716 2924 1817 2951 nunc
1838 2925 1925 2951 cum
1947 2913 2113 2951 maxime
2134 2920 2220 2951 ante
2239 2913 2370 2952 oculos

1422 2971 1440 2998 a
1469 2972 1528 2999 eo.

1441 3023 1501 3060 47.
1527 3014 1728 3052 fautoribus
1757 3013 1942 3053 concordiae
1973 3013 2151 3065 adhibitis]
2182 3015 2289 3054 MSS.
2315 3015 2370 3054 se·

1391 3063 1622 3115 ptemdecim
1636 3095 1647 3115 ‚
1666 3071 1710 3108 Et
1720 3065 1912 3117 fautoribus
1929 3064 2114 3108 concordiae
2133 3066 2293 3106 adhibitis
2307 3076 2370 3123 ’.Ut

2279 3128 2374 3157 mire
