2516 3509
331 94 448 150 DE
495 92 797 151 VAFRE
865 96 1197 158 moris
1265 55 1467 158 AuT
1533 100 1886 166 FACTIS.
2006 114 2113 185 651

115 222 164 259 te
195 201 516 256 mansuetudo:
552 202 724 256 summa
758 224 941 270 quoque
975 210 1021 255 in
1056 210 1235 257 alterius
1267 212 1384 273 regis
1420 218 1461 245 ⁷0
1495 213 1707 276 equisone
1741 216 1973 266 calliditas.

123 326 126 330 .
168 293 220 320 >⁷¹
263 281 453 332 Sordida
484 282 738 346 Magorum
771 284 1085 334 dominatione
1117 288 1347 352 oppressa,
1380 290 1544 338 Darius
1575 293 1651 340 ,sex
1687 292 1969 358 adjutoribus
2001 293 2115 364 ejus-

109 363 214 411 dem
245 361 479 426 dignitatis
513 360 745 426 assumptis
771 398 785 423 ‚
834 365 1016 428 pastum
1056 384 1162 414 cum
1208 366 1425 431 praeclari
1461 371 1608 431 operis
1645 371 1928 421 consortibus
1965 376 2077 425 fecit

116 453 170 488 ut
203 440 328 502 equis
364 436 601 483 insidentes
622 471 638 496 ‚
699 445 740 478 7Ζ
785 438 885 488 solis
930 457 1036 491 ortu
1080 445 1259 492 cursum
1304 446 1351 490 in
1386 445 1607 507 quendam
1644 447 1801 495 locum
1836 451 2083 516 dirigerent
2094 478 2111 514 3

113 518 236 583 isque
278 534 422 582 regno
468 518 735 582 potiretur,
781 522 910 584 cujus
949 538 1088 586 equus
1123 526 1170 571 in
1201 541 1256 571 eo
1307 531 1347 562 73
1386 527 1558 587 primus
1602 527 1824 575 hinnisset.
1893 532 2111 581 Ceterum

113 599 336 645 maximae
370 596 588 643 mercedis
624 590 1004 660 competitoribus
1037 601 1244 649 fortunae
1276 602 1556 649 beneficium
1588 605 1967 668 expeEtantibus5
2001 610 2115 658 solus

114 679 322 736 acumine
355 675 576 740 equisonis
611 675 674 722 sui
712 684 754 715 ⁷4
789 679 980 728 Oebaris
1021 681 1284 746 prosperum
1320 696 1563 747 exoptatae
1595 686 1659 731 rei
1693 684 1909 734 effeetum
1943 689 2109 736 assecu-

116 892 217 922 tores
237 885 356 922 Dario
371 912 380 928 ,
401 882 460 920 sed
481 882 603 930 potius
622 882 770 919 aemuli.
826 883 887 921 De
902 885 1030 932 grandi
1050 887 1088 924 δε

123 935 256 973 audaci
277 935 542 983 depravatione
569 944 647 970 non
667 934 798 982 injuria
828 935 969 972 subolet
992 938 1091 985 saga—

120 987 262 1023 ciffimo
292 985 440 1033 Lipfio;
480 995 592 1032 quam
625 992 753 1021 tamen
780 997 858 1021 non
887 985 1083 1034 deprehen-

121 1037 186 1074 dit.
236 1037 318 1084 Ego
342 1035 388 1072 ad
415 1035 487 1083 ipsa
519 1033 649 1071 cubilia
679 1035 821 1072 latentis
841 1037 991 1074 monstri
1011 1050 1093 1086 per-

120 1084 257 1124 veniffe
287 1086 375 1124 mihi
406 1085 547 1123 videor.
575 1085 772 1133 scripserim
799 1089 982 1138 omnino:
1013 1092 1094 1125 Da-

75 1141 82 1147 “
116 1139 187 1174 rius
215 1137 494 1187 recuperatoribus
525 1134 667 1183 ejusdem
696 1136 879 1187 dignitatis·
909 1139 1094 1186 affiimptis.

115 1188 273 1236 Justinus
314 1189 358 1224 L.
387 1201 416 1224 1.
461 1190 597 1236 Magna
625 1186 756 1236 quidem
780 1190 894 1238 gloria
923 1195 1017 1240 regni
1044 1206 1096 1227 re—

117 1241 202 1287 cepti
225 1244 305 1280 fuit.
356 1242 612 1286 Recuperatores
643 1249 706 1275 eos
733 1239 920 1287 appellat,
956 1242 1019 1290 qui
1051 1242 1096 1279 de

123 1301 239 1338 regno
283 1289 549 1337 anibigcbant;
594 1288 652 1324 vc]
682 1289 767 1337 quia
802 1292 933 1338 partim
967 1303 1097 1340 magos

124 1337 367 1385 sustulissent,
420 1340 481 1376 vel
523 1339 607 1387 quia
643 1339 828 1387 pristinum
867 1343 986 1390 Regni
1031 1343 1096 1380 sta·

124 1398 208 1427 turn
228 1391 472 1439 unusquisque
497 1401 626 1427 eorum
650 1402 863 1438 recuperare
882 1392 1095 1440 satagerent.

127 1441 239 1478 Hanc
260 1442 476 1478 sententiam
499 1452 622 1478 meam
643 1441 741 1489 quasi
760 1442 889 1479 tabella
909 1443 996 1488 tibi,
1014 1444 1096 1482 Cla-

128 1492 262 1529 riffime
285 1492 405 1541 Lipfi,
433 1492 596 1540 porrigo.
634 1493 698 1530 Tu
729 1492 789 1529 vel
816 1493 1094 1540 circumscribe,

122 1543 181 1580 vel
199 1551 320 1580 totam
340 1543 432 1580 dele.
446 1542 638 1580 COLER.
659 1544 782 1578 Darius
803 1558 862 1579 rex
886 1544 1096 1591 adjutoribus

120 1593 263 1641 ejusdem
290 1593 472 1645 dignitatis
502 1592 684 1641 affiamptis.
722 1593 904 1631 Mendum
940 1596 1000 1633 hic
1026 1596 1095 1634 effe

121 1644 343 1692 suspicantur
366 1644 507 1692 Lipsius
530 1646 568 1681 &
591 1644 759 1682 Colerus.
811 1645 859 1682 Et
889 1646 1092 1694 suspetstuln

119 1696 273 1743 quidem
306 1695 353 1732 est
383 1695 448 1732 illis
472 1693 575 1743 quod
594 1695 724 1732 Darius
748 1710 806 1731 rex
825 1695 956 1734 dicitur
971 1725 980 1741 ‚
1003 1710 1087 1737 cum

118 1745 238 1784 adhuc
268 1746 483 1794 ambiguum
511 1742 625 1790 esset,
666 1746 788 1793 ipsene
828 1758 872 1783 an
906 1747 992 1785 alius
1033 1761 1088 1787 re-

114 1807 230 1844 gnum
262 1796 458 1845 adepturus
486 1793 583 1833 effet.
638 1796 805 1843 Conjicit
834 1808 923 1845 ergo
945 1799 1088 1847 Lipfius

112 1846 315 1895 legendum
342 1845 436 1890 effe,
465 1848 600 1884 Darius
628 1850 674 1883 rei
701 1847 909 1887 adjutoribus
941 1849 1084 1898 eiusdem

110 1898 307 1948 affismptis3
336 1906 375 1935 ut
396 1897 578 1948 dignitatis
611 1907 850 1947 expungatur.
907 1900 976 1937 Sed
1004 1913 1084 1940 me-

111 1947 183 1986 lior
213 1949 425 1997 conjeffi'cura
455 1948 622 1986 Gevartii
649 1949 776 1987 Lib.1.
808 1950 923 1987 Eleu.
956 1962 1080 2000 cap.r.

110 1999 216 2048 quod
246 2011 314 2048 pro
336 2014 394 2035 rex
429 1998 630 2046 legendum
667 1999 708 2037 fit
736 2003 824 2047 sex:
871 2000 1082 2052 habentque

109 2050 214 2087 ita‘se
239 2051 366 2087 omnia
395 2049 598 2088 reeriffime.
651 2051 850 2098 §Affumpfit
873 2053 1007 2088 Darius
1019 2056 1083 2099 sex

109 2099 282 2146 adjutores
307 2129 316 2145 ,
357 2111 442 2137 cum
473 2112 624 2149 magum
654 2100 859 2138 interficere
890 2102 926 2138 in
954 2104 1081 2142 animo

110 2150 272 2189 haberet.
334 2152 381 2188 Et
419 2152 566 2188 fuerunt
601 2151 654 2188 isti
690 2151 876 2200 adjutores
917 2152 1080 2200 ejusdem

111 2201 310 2250 dignitatis.
358 2202 513 2247 Justinus
543 2214 573 2239 1.
604 2215 660 2240 10.
688 2214 720 2238 2.
754 2204 857 2238 Erant
885 2204 1015 2240 virtute
1035 2214 1079 2242 (9⁶

109 2254 296 2289 nobilitate·
313 2255 363 2288 ita
394 2264 514 2300 pares,
541 2260 617 2290 (Vc.
646 2253 840 2290 VORST.
871 2253 912 2290 In
935 2254 1009 2292 Bas.
1035 2257 1081 2295 ad

110 2307 317 2352 marginem
351 2303 410 2340 est.
465 2301 608 2340 Sordida
639 2306 825 2350 Magorum
855 2303 1081 2343 dominatione

107 2354 240 2400 Perside
279 2355 419 2401 oppressa
447 2382 456 2398 ,
502 2357 630 2390 Darius
662 2354 906 2400 restitutor-ihus
935 2355 1077 2404 ejusdem

105 2403 289 2456 dignitatis
316 2405 487 2453 assumptis
514 2405 647 2454 paflum
684 2418 753 2439 cum
781 2407 943 2452 praedari
972 2411 1078 2455 operis

102 2457 299 2503 consortibus
319 2457 411 2500 fecit.
444 2455 565 2504 Ejicio
586 2456 816 2502 importunas
836 2455 1076 2503 gloffasffle-

105 2517 168 2553 go.
218 2505 358 2542 Sordida
399 2509 583 2557 Magorum
628 2504 853 2542 dominatione
901 2509 1042 2557 oppreffi:
1064 2539 1074 2555 ,

102 2558 239 2593 Darius
275 2556 438 2606 praeclari
486 2558 590 2608 operis
630 2557 827 2602 consortibus
867 2558 1070 2607 afflinptis,

100 2608 235 2655 paHum
270 2621 339 2643 cnm
370 2607 484 2655 n'sdem
515 2609 607 2654 fecit.
658 2606 734 2644 Nisi
764 2607 907 2645 brevius
935 2610 1076 2658 placet.·

103 2657 249 2695 Sordida
268 2661 454 2708 Magorum
479 2657 703 2695 dominatione
731 2659 896 2705 oppressa,
949 2664 1071 2698 Darius

94 2711 233 2759 pastum
267 2723 337 2745 tum
372 2711 536 2757 praeclari
586 2710 690 2758 operis
731 2710 931 2755 consortibus
973 2715 1070 2759 facit.

103 2761 204 2798 Nam
243 2760 300 2797 illa
334 2759 570 2807 restittitoribus
607 2758 747 2805 ejusdem
794 2759 857 2806 (δί
883 2761 958 2798 hoc
984 2775 1071 2811 pro-

104 2822 249 2849 nomen
279 2810 351 2847 scio
379 2810 424 2846 ad
454 2810 553 2847 illam
581 2809 774 2848 insiticiam
804 2822 939 2849 vocem
960 2816 1070 2861 Perfi-

102 2861 154 2899 dis
182 2861 333 2909 referri)
367 2859 574 2910 dignitatis,
613 2860 750 2898 clarum
783 2859 958 2908 glossema
988 2866 1069 2904 sunt

102 2914 273 2950 Praeclari
300 2913 415 2960 operis.
448 2911 728 2950 KLOKKIUS.
770 2912 866 2950 Cod.
887 2914 1066 2965 ‘Schegkil'

99 2962 267 3002 habebat.
320 2961 462 2999 Sordida
494 2966 680 3013 Magorum
707 2961 931 3001 dominatione
965 2969 1065 3016 Persi.

97 3014 137 3052 de
162 3014 329 3066 oppreffiz,
360 3015 485 3052 Darius
513 3013 722 3062 adjutoribus
746 3013 886 3064 ejusdem
917 3016 1067 3070 dtgm'tae-

2042 781 2112 814 UIS

1141 888 1187 923 tis
1216 887 1412 938 affiimptis‚
1448 903 1519 926 cum
1555 904 1608 926 eos
1648 889 1835 940 octidiffit,
1874 894 2007 941 paesium
2043 909 2115 932 cum

1138 941 1302 987 praeclari
1333 943 1436 987 operis
1462 942 1661 987 consortibus
1683 944 1754 979 &Q
1793 945 1830 980 ὃ(
1856 944 1942 981 huic
1963 945 2114 985 le<ffi0ni

1145 990 1223 1026 fere
1245 991 1419 1027 accedere
1444 999 1550 1029 notat
1573 992 1881 1041 Herhipolensem
1902 995 2109 1036 editionem

1146 1041 1310 1078 Martini.
1343 1041 1442 1079 Vide
1461 1042 1564 1079 illum
1584 1043 1630 1092 ad
1651 1044 1746 1081 Vell.
1775 1046 1818 1081 L.
1833 1058 1875 1082 11.
1889 1046 1992 1096 62.3.
2033 1049 2111 1086 Ad-

1146 1090 1197 1128 do
1226 1092 1337 1129 etiam
1370 1092 1439 1130 Ed.
1468 1094 1562 1141 Mog
1600 1095 1675 1131 hoc
1704 1095 1832 1133 modo.
1871 1100 2005 1134 Darius
2032 1114 2115 1144 rex,

1146 1155 1216 1178 cum
1236 1157 1289 1177 eos
1305 1142 1485 1191 occidtslet,
1507 1144 1714 1190 adjutoribus
1737 1148 1809 1183 ἃς.
1836 1148 1873 1184 δί
1895 1145 1941 1184 fic
1962 1157 2115 1199 uterque

1146 1192 1251 1231 Med.
1263 1193 1326 1230 nisi
1346 1195 1448 1243 quod
1466 1195 1602 1232 habent
1613 1211 1682 1232 cum
1700 1196 1923 1244 adjutoribus.
1937 1200 1974 1236 ὃς
1987 1201 2118 1251 Ultraj.

1146 1243 1216 1281 sec.
1243 1243 1374 1291 Perside
1405 1245 1515 1283 exstat
1542 1247 1654 1283 etiam
1685 1247 1721 1284 in
1756 1247 1861 1285 Leid.
1884 1257 2000 1298 quart.
2025 1252 2114 1290 sext.

1147 1295 1233 1343 sept.
1271 1296 1308 1332 ὅς
1337 1307 1356 1332 a
1385 1307 1499 1333 manu
1535 1296 1603 1333 sec.
1640 1298 1676 1334 in
1708 1298 1838 1341 Ultrai.
1876 1300 1982 1347 prim.
2035 1305 2114 1351 Rex

1149 1346 1356 1383 addititium
1385 1347 1577 1384 videbatur
1597 1347 1763 1396 Guyeto.
1814 1349 2026 1388 Perizonius
2049 1353 2112 1390 ad-

1146 1396 1289 1445 scripsit.
1343 1398 1448 1446 Lege
1479 1407 1564 1435 cum
1598 1398 1779 1436 Gevartio
1800 1402 1876 1445 fix.
1905 1402 1941 1437 ὃς
1967 1402 2113 1442 deinde.

1148 1446 1196 1484 sic
1231 1449 1337 1484 vietor
1377 1449 1421 1485 L.
1452 1461 1539 1486 vm.
1570 1461 1600 1486 1.
1639 1461 1671 1498 3.
1725 1451 1828 1497 Qem
1858 1454 1939 1487 truci
1969 1455 2064 1489 wilm
2091 1469 2112 1491 a

1138 1500 1177 1544 se
1201 1500 1317 1534 Vic'ior
1341 1501 1480 1546 insolens
1504 1501 1666 1547 repulsam
1695 1499 1818 1548 extuffo
1845 1515 1862 1536 e
1881 1516 1978 1537 manto
2007 1518 2113 1540 annu*-

1147 1550 1178 1583 lo
1207 1548 1299 1585 lmmi
1323 1555 1434 1597 jacere
1465 1549 1677 1601 altquamdiu
1701 1552 1810 1599 paJJirs
1840 1555 1894 1598 est.
1930 1553 1991 1601 qui
2018 1566 2113 1592 non-

1148 1598 1238 1636 dum
1271 1599 1391 1637 vietor
1418 1610 1505 1639 emt.
1544 1601 1713 1650 Schegkii
1745 1602 1961 1640 emendatio
1985 1604 2115 1651 placet.

1147 1649 1279 1687 Malim
1320 1660 1469 1696 tamen,
1503 1655 1638 1688 Darius
1670 1667 1739 1688 cum
1768 1668 1820 1688 eos
1851 1652 2028 1701 occidtffit,
2053 1659 2114 1700 sex

1145 1699 1356 1750 adjutoribus
1391 1702 1534 1750 ejusdem
1569 1702 1750 1753 dignitatis
1781 1704 1963 1751 assumptis.
2015 1707 2112 1744 Nam

1141 1763 1186 1788 ex
1216 1750 1252 1788 τὲ
1279 1754 1344 1799 sex
1371 1752 1404 1788 τὲ
1430 1768 1489 1789 rex
1526 1763 1651 1791 ortum
1685 1755 1844 1791 omrino
1875 1755 2040 1794 videtur:
2078 1759 2114 1796 ὃς

1138 1803 1310 1852 quamvis
1343 1815 1408 1851 per
1437 1803 1618 1853 prolepsin
1650 1803 1721 1842 dici
1761 1805 1866 1853 possit
1896 1809 1974 1855 Rex
1995 1835 2006 1851 ,
2050 1811 2112 1858 qui

1138 1853 1311 1891 nondum
1343 1869 1403 1890 rex
1435 1863 1534 1899 erat,
1571 1854 1632 1892 sed
1660 1855 1781 1903 postea
1818 1857 1906 1900 fuit,
1944 1870 2110 1906 quomo-

1137 1903 1186 1941 do
1209 1907 1351 1955 Campus
1372 1908 1532 1942 Martius
1560 1905 1692 1943 dicitur
1714 1918 1732 1943 a
1754 1907 1891 1950 Livio,
1919 1909 1982 1956 qui
2003 1913 2109 1946 ,Μαν-

1136 1957 1203 1991 tius
1230 1955 1399 1993 nondum
1431 1965 1529 2000 erat,
1558 1957 1604 1994 L.
1630 1971 1658 1994 1.
1682 1970 1739 2004 44.
1771 1959 1874 2007 quod
1900 1959 2023 1997 frustra
2047 1960 2111 1998 de-

1134 2004 1199 2042 leri
1229 2007 1350 2044 voluit
1380 2008 1478 2045 Tan.
1515 2008 1630 2045 Faber
1654 2036 1664 2051 ,
1713 2016 1841 2046 tamen
1879 2008 1941 2046 hic
1976 2009 2105 2049 locum

1135 2056 1281 2095 videtur
1308 2057 1445 2095 habere
1472 2071 1550 2096 non
1580 2057 1682 2108 poffe
1705 2087 1715 2103 ‚
1763 2059 1825 2097 ubi
1857 2058 1902 2096 de
1928 2062 2025 2109 regia
2054 2062 2107 2100 di-

1132 2108 1272 2155 gnitate
1302 2110 1524 2159 acquirenda
1556 2112 1684 2159 agitur.

1184 2181 1242 2215 72..
1270 2171 1354 2206 Solis
1385 2181 1458 2206 oren
1484 2172 1609 2216 cursum
1638 2171 1682 2205 in·
1703 2167 1867 2220 quendam
1893 2170 1996 2205 Iocum
2025 2169 2108 2207 diri-

1125 2220 1263 2269 gerent]
1292 2221 1480 2258 Fontanus
1502 2221 1612 2258 Notis
1641 2221 1677 2257 in
1709 2233 1786 2268 cap.
1815 2232 1846 2265 4.
1871 2219 1930 2256 lib.
1963 2234 1991 2258 1.
2020 2223 2106 2259 Ma-

1133 2271 1247 2308 crobii
1267 2273 1417 2320 conjicit
1435 2271 1634 2319 legendum
1650 2269 1720 2309 effe
1733 2272 1804 2319 sole
1824 2272 2103 2311 orto.VORST.

1130 2322 1221 2357 solis
1251 2334 1345 2366 ortu,
1370 2322 1529 2359 retinent
1561 2333 1694 2360 omnes
1719 2322 1841 2369 scripti
1863 2322 1900 2358 ὅ(
1919 2324 2014 2370 typis
2043 2335 2105 2359 ex-

1130 2372 1244 2418 preffi.
1306 2378 1388 2409 ortu
1410 2375 1496 2421 solis
1522 2373 1592 2416 est,
1636 2374 1725 2411 dum
1758 2371 1808 2409 sol
1836 2373 1951 2409 oritur
1972 2402 1983 2415 ,
2019 2375 2105 2410 inter

1128 2433 1235 2459 ortum
1255 2426 1340 2471 solis
1361 2452 1371 2468 ‚
1410 2432 1450 2461 ut
1477 2423 1641 2473 loquitur
1669 2424 1755 2471 Just.
1789 2423 1836 2460 L.
1869 2436 1898 2460 1.
1929 2436 1983 2460 10.
2023 2424 2104 2460 He-

1127 2474 1206 2511 rod.
1237 2476 1337 2512 H‘zt'&
1368 2475 1664 2522 {rx-avxu‘mv‘t&.

1179 2550 1238 2589 73.
1267 2541 1397 2577 Primus
1417 2539 1589 2589 liinniffit]
1615 2541 1675 2577 An
1699 2551 1800 2577 nove
1818 2539 1891 2575 hoc
1913 2537 2098 2585 excogita⁶

1126 2590 1235 2627 turn?
1265 2603 1309 2628 an
1336 2589 1449 2628 Persis
1469 2603 1622 2640 quoque
1645 2591 1764 2638 aliqua
1789 2591 1825 2626 in
1847 2589 1989 2625 hinnitu
2012 2587 2096 2645 reli-

1123 2641 1211 2688 gio,
1239 2649 1279 2679 ut
1299 2643 1495 2680 Germanis
1526 2642 1614 2679 olim
1632 2642 1646 2676 ?
1680 2641 1967 2694 Multa-morum
1988 2640 2025 2676 ὃς
2046 2650 2095 2676 ri-

1123 2701 1231 2730 tuum
1261 2693 1332 2730 hae
1356 2694 1450 2731 duae
1470 2701 1596 2742 gentes
1620 2692 1702 2728 alias
1726 2697 1949 2737 participant.
1995 2689 2088 2726 CO-

1122 2742 1238 2781 LER.
1267 2744 1362 2782 Leid
1400 2745 1469 2782 sec.
1497 2745 1679 2779 thnitnm
1698 2739 1841 2786 dcdtsjet.

1172 2819 1228 2854 714.
1255 2806 1411 2857 Oebaris]
1442 2807 1547 2844 MSS.
1579 2804 1715 2846 anm,
1743 2801 1904 2847 Oebaris,
1932 2803 2084 2847 Cohart's,

1119 2858 1278 2900 Ebarris,
1303 2858 1519 2900 Cmmbaris,
1542 2855 1726 2893 Oeniharis.
1780 2853 1895 2890 Redite
1925 2853 2082 2896 Oebaris,

1119 2908 1268 2958 Oi'Coigm
1297 2910 1429 2947 Herod
1472 2909 1516 2945 L.
1539 2920 1599 2944 111.
1623 2906 1681 2954 85.

1172 2978 1230 3014 75.
1260 2965 1407 3002 Naribus
1439 2964 1532 3016 equi]
1566 2961 1682 2999 Aliter
1709 2960 1865 3007 Justinus
1894 2970 1937 2995 ex
1957 2959 2082 2996 Hero-

1119 3017 1225 3055 doto.
1253 3016 1326 3055 Sed
1342 3017 1442 3055 idem
1465 3027 1509 3054 ex
1529 3013 1716 3052 Persarum
1737 3010 2012 3049 commentariis
2030 3009 2081 3046 al-

1594 3064 1667 3101 Nn
1679 3074 1703 3099 n
1736 3074 1761 3099 n
1798 3074 1819 3099 2
2043 3069 2095 3095 te-

2133 327 2268 396 Hemdir
2280 376 2324 399 11.

2099 408 2114 438 >⁴
2130 407 2241 449 Justin.
2259 419 2269 439 1
2279 418 2303 441 1.
