2516 3509
422 87 525 155 296

616 68 1030 138 VALERII
1101 67 1478 128 M‘AXIMI
1519 72 1644 127 Lis.
1687 72 1794 128 ΙΙΙ.
1836 73 1980 134 Cap..
2023 76 2156 136 VH.

410 183 662 246 spargeret,
695 175 937 238 omniaque
956 171 1068 220 vada
1105 178 1148 211 27
1171 171 1337 219 tabulis
1361 172 1608 236 plumbatis
1629 174 1960 236 consterneret,
1982 174 2251 224 habentibus
2272 174 2428 223 clavo*⁴

403 280 504 312 rum
538 260 747 306 acumina
771 292 787 318 ‚
830 274 887 304 ne
918 256 1064 304 subita
1094 255 1335 319 eruptione
1366 254 1514 301 hostes
1551 257 1598 302 in
1622 258 1836 322 praesidia
1858 259 2009 307 nostra
2031 260 2259 322 impetum
2280 257 2428 306 facere

408 345 611 410 possent:
647 343 905 408 respondit,
939 359 1016 389 non
1039 342 1114 403 effe
1138 339 1344 401 ejasdem,
1379 339 1433 390 ὅθ
1471 335 1516 365 23
1541 355 1684 401 capere
1707 345 1862 404 aliquos
1884 345 2017 403 velle,
2051 342 2105 395 δέ’
2125 347 2283 390 timere.

478 432 523 463 29
546 426 603 472 In
623 438 943 488 quamcunque
963 419 1328 468 memorabilium
1351 430 1527 482 partem
1558 420 1876 484 exemplorum
1911 435 2184 483 convertor,
2220 428 2265 460 30
2286 421 2426 470 velim

410 504 582 564 nolim,
616 505 665 551 in
688 503 966 567 cognomine
987 502 1259 566 Scipionum
1284 499 1491 545 haeream
1509 497 1684 544 neceffe
1705 499 1783 546 est.

1854 507 1892 537 3¹
1921 501 2022 563 Qi
2052 503 2172 548 enim
2197 502 2305 549 licet
2331 501 2424 547 hoc

412 580 505 628 loci
543 589 584 620 3²
612 582 665 628 N
671 581 832 628 alicam
855 580 1097 644 praeterire
1134 584 1174 614 33
1210 575 1390 622 fidentis
1422 574 1588 633 animi,
1622 573 1825 639 dic'tique
1846 576 2132 625 clariflimum
2159 577 2426 627 auctorem?

197 683 283 712 Anu.
306 681 376 716 urb.
411 667 456 699 34
476 660 700 706 Annonae
723 659 906 704 caritate
925 652 1287 710 increbescente,
1325 656 1367 688 35
1391 649 1450 696 C.
1469 649 1702 696 Curiatius
1725 649 1935 698 tribunus
1963 651 2084 715 pleb.
2106 653 2355 716 produbtos
2377 654 2426 700 in

198 733 271 759 ΝΣ.

408 741 683 788 concionem
706 737 835 785 Coss.
871 733 1203 799 compellebat,
1226 744 1280 778 ut
1305 729 1361 776 de
1383 729 1617 776 frumento
1643 728 1863 789 emendo,
1883 742 2020 794 atque
2037 731 2093 777 ad
2117 732 2165 778 id
2180 720 2426 797 negotium

404 816 730 882 explicandum
750 812 983 862 mittendis
1003 812 1162 876 legatis
1177 845 1191 869 ,
1230 807 1274 845 δῦ
1296 809 1343 854 in
1367 808 1539 854 curiam
1562 805 1793 854 referrent.
1849 807 1998 872 Cujus
2019 807 2215 857 instituti
2235 812 2424 858 minime

405 895 530 943 utilis
554 889 869 958 interpellandi
895 888 1040 954 gratia
1064 885 1235 933 Nasica
1264 884 1537 932 contrariam
1563 884 1790 932 afihonem
1825 884 1969 932 ordiri
1990 888 2161 952 coepit.
2231 888 2424 936 Obstre-

404 985 544 1038 pente
576 970 739 1018 deinde
772 965 936 1031 plebe,
973 963 1143 1026 Tacen,
1188 963 1365 1026 quaesti,
1409 963 1606 1029 ,Quirites
1629 997 1644 1023 ,
1690 963 1867 1027 inquit,
1902 966 2001 1025 plns
2031 969 2139 1012 enim
2171 983 2268 1030 ego,
2300 984 2428 1030 quam

399 1176 707 1225 vocant‚itidem
722 1177 742 1217 a
758 1176 881 1216 forma
903 1188 1018 1228 quarn
1034 1173 1387 1219 habent.VORST.

407 1231 562 1268 facium
582 1231 658 1268 hoc
678 1228 781 1268 fuiffe
803 1230 842 1267 in
865 1228 1056 1266 obsidione
1077 1227 1330 1275 Carthaginis,
1351 1227 1389 1264 ὃς

405 1282 590 1319 suasorem
619 1281 723 1319 fuiffe
751 1279 953 1329 Polybium
973 1307 984 1324 ‚
1022 1292 1067 1319 ex
1094 1277 1294 1316 Plutarcho
1323 1277 1389 1315 ob-

405 1333 565 1370 servavit
588 1333 685 1381 Lips.
709 1333 756 1369 L.
775 1344 810 1370 v.
830 1330 989 1368 Poliorc.
1011 1343 1045 1382 3.

458 1396 519 1430 27.
542 1386 575 1419 T
570 1383 679 1419 abrilis
700 1382 891 1419 habentibus
910 1383 1080 1419 clavorum
1100 1378 1284 1430 cacumina]
1307 1379 1388 1417 De·

407 1433 547 1472 bebant
572 1434 704 1472 similes
732 1432 801 1471 effe
832 1433 1031 1471 muricibus
1051 1434 1202 1477 ferreis,
1230 1444 1277 1469 ne
1301 1443 1387 1478 pro—

408 1494 490 1533 pter
517 1497 676 1523 acumen
698 1497 764 1534 per
795 1496 858 1522 eos
873 1483 1051 1522 incedere
1069 1484 1189 1521 hostes
1218 1481 1385 1532 poffent:

408 1537 512 1587 atqui
531 1537 726 1574 clavorum
750 1536 945 1575 cacumina
962 1547 1040 1574 non
1058 1534 1138 1572 sunt
1157 1543 1274 1573 acuta.
1311 1534 1389 1571 Le-

408 1599 456 1636 ge
478 1587 588 1635 igitur
607 1588 766 1626 omnino
784 1598 871 1624 cum
893 1588 976 1625 MS.
1001 1589 1164 1624 acumina.
1205 1586 1310 1624 Idem
1333 1586 1388 1622 fe-

409 1639 459 1676 cit
481 1639 645 1676 Albanus
666 1638 741 1676 dux
759 1640 797 1676 in
817 1639 924 1676 Mosa
945 1647 1073 1676 contra
1102 1638 1310 1687 principem
1331 1638 1387 1675 A·

409 1689 683 1728 raufionensem
697 1718 706 1734 ‚
720 1689 764 1727 de
784 1701 856 1738 qua
878 1700 916 1726 re
929 1689 1122 1728 Hoofdius
1133 1688 1255 1726 noster
1263 1688 1388 1736 p.182.

408 1741 656 1779 PERIZON.
707 1743 891 1782 estcumina
913 1767 923 1784 ,
960 1749 1002 1778 ut
1029 1738 1236 1777 admodum
1265 1737 1386 1775 verifi—

407 1792 544 1829 militer
563 1804 607 1829 ex
627 1791 760 1841 Copes.
781 1791 956 1829 emendat
975 1791 1044 1828 Vir
1065 1789 1121 1827 Cl.
1140 1789 1251 1827 habet
1273 1790 1387 1826 etiam

406 1842 516 1881 Leid.
536 1851 619 1880 tert.
646 1855 714 1892 pro
737 1845 911 1892 spargeret
933 1841 1038 1881 Harl.
1062 1844 1232 1890 sterneret.
1253 1840 1388 1889 Ultraj.

374 1936 380 1943 ⁸
406 1895 516 1944 prim.
532 1895 648 1942 stabim
669 1895 861 1944 irruptione.

458 1946 517 1982 28.
545 1949 666 1995 capere
684 1954 729 1981 ω’
751 1943 883 1993 timere]
913 1941 1065 1981 Lubens
1090 1942 1165 1980 huc
1197 1948 1321 1989 aptem
1344 1940 1387 1979 il-

404 1995 470 2034 lud
489 1997 780 2035 Petronianum:
811 1995 887 2032 Ibat
908 2000 1068 2043 juventus
1089 2003 1186 2043 capta
1204 1992 1281 2028 dum
1303 1995 1387 2029 Tro-

398 2054 477 2097 μω
496 2050 594 2098 capit.
637 2048 686 2085 Et
707 2048 846 2084 Seneca
866 2045 912 2084 ad
929 2045 1088 2083 eandem
1110 2045 1267 2082 faciem:
1299 2047 1386 2081 Ma-

405 2102 475 2136 rius
495 2098 628 2135 ducebat
645 2100 822 2135 exercitum
836 2125 845 2142 ‚
862 2099 1015 2134 Marium
1033 2096 1182 2134 ambitio.
1193 2095 1386 2133 COLER.

458 2163 519 2199 29.
546 2153 587 2187 In
613 2163 848 2199 quamcumque
876 2148 1134 2185 memorabilium
1163 2149 1383 2196 exemplorum

401 2210 534 2251 partem
544 2200 734 2249 convertar]
747 2202 850 2249 Lege
862 2201 1021 2237 omnino
1032 2210 1120 2236 Cum
1131 2198 1245 2235 MSto
1253 2212 1385 2233 conver-

409 2266 474 2289 tor.
503 2254 540 2290 ὅς
563 2252 609 2289 fic
632 2253 674 2290 L.
688 2252 793 2288 111.8.
812 2264 842 2289 Ι.
869 2253 1073 2300 Persequor,
1102 2261 1180 2286 non
1196 2251 1391 2298 persequar.

412 2304 658 2341 PERIZON.
709 2307 915 2346 Con-vertar,
942 2302 1050 2339 habet
1075 2308 1232 2350 uterque
1255 2300 1385 2349 Ultraj.

414 2366 501 2392 cum
523 2355 591 2392 Ed.
611 2356 718 2403 Mog.
746 2355 903 2390 Ceterae
923 2364 1009 2390 cum
1033 2351 1140 2389 MSS.
1167 2355 1359 2388 Convertor.

464 2418 524 2455 30.
552 2407 662 2444 Velim
684 2407 808 2447 nolim,
836 2406 872 2439 in
898 2405 1083 2455 cognomine
1101 2404 1289 2451 Scipionum
1309 2403 1386 2439 bae-

411 2471 501 2493 ream
518 2457 630 2505 neseffe
646 2456 707 2506 est]
738 2455 844 2492 MSS.
867 2466 1000 2492 Omnes
1020 2456 1120 2490 velim
1140 2455 1294 2490 nolimve.
1332 2454 1387 2490 Ut

413 2508 588 2546 edebatur
619 2516 703 2546 ante
727 2506 898 2555 Pighium
915 2533 924 2549 ‚
951 2504 1012 2542 sed
1043 2505 1140 2551 Cop.
1158 2506 1305 2539 velim-ve
1329 2519 1388 2540 no-

409 2562 481 2596 lim.
510 2559 642 2607 Ultraj.
671 2558 778 2609 prim.
809 2565 1022 2606 praetere-a,
1047 2557 1152 2592 velim
1175 2557 1322 2590 nolimve
1353 2567 1389 2591 ut

409 2614 446 2647 m
467 2612 663 2662 cognomine.
714 2610 930 2658 Utrumque
956 2615 1086 2645 tamen
1114 2602 1260 2643 videtur
1280 2606 1393 2643 inter-

411 2662 594 2710 polatum.
632 2672 722 2699 nam
751 2662 854 2697 ‘velim
880 2659 984 2695 nolim
1005 2686 1015 2702 ‚
1053 2668 1097 2694 ex
1127 2656 1285 2694 solemni
1315 2657 1393 2694 for-

412 2714 514 2751 mula
537 2713 669 2751 dicitur
681 2728 692 2757 ;
721 2713 759 2750 &
775 2709 890 2758 necesse
908 2712 951 2758 eft
972 2707 1174 2747 sexcenties
1204 2719 1290 2746 cum
1310 2708 1390 2745 sub-

402 2765 580 2811 ‚iunciivo
617 2764 692 2802 fine
736 2761 1002 2813 conjunctione
1029 2771 1068 2796 ut
1100 2758 1260 2808 positum
1287 2759 1391 2797 inve-

411 2827 498 2853 nias.

456 2879 513 2916 31.
540 2868 612 2916 Qui
643 2867 726 2902 enim
760 2863 853 2914 licet]
895 2863 954 2902 Sic
982 2861 1090 2900 Leid.
1122 2863 1240 2912 quint.
1269 2861 1387 2900 Periz.

405 2918 536 2967 Ultraj.
565 2919 633 2955 sec.
665 2919 702 2956 &
722 2917 791 2955 Ed.
813 2917 923 2964 Mog.
951 2914 1064 2953 ceteri
1093 2917 1143 2951 cui
1172 2915 1257 2949 enim
1287 2916 1386 2958 licet,

405 2982 489 3007 cum
523 2969 691 3019 vulgatis.
745 2967 817 3007 Sed
849 2968 946 3017 prius
976 2966 1092 3016 magis
1109 2964 1253 3004 arridet.
1308 2965 1389 3003 Lo-

2323 1064 2424 1103 ems,

1438 1174 1564 1223 quitur
1583 1173 1684 1211 enim
1706 1171 1752 1212 de
1771 1173 1806 1211 se
1828 1174 1905 1224 ipso
1919 1174 1982 1221 ,ὃς
1993 1176 2053 1226 qui
2070 1174 2132 1214 hie
2153 1174 2329 1225 fignificat
2340 1191 2422 1229 quoa

1438 1223 1531 1262 modo
1544 1253 1554 1270 ,
1582 1240 1649 1275 qua
1670 1227 1808 1263 ratione.

1494 1288 1553 1326 32.
1581 1276 1757 1325 Nasicam]
1789 1277 1889 1314 Cum
1909 1284 2071 1327 quatuor
2094 1278 2260 1327 Scipiones
2282 1279 2424 1326 Nasicae

1442 1327 1580 1365 fuerint
1602 1328 1768 1365 Romani
1789 1326 1891 1365 Coss.
1919 1329 1965 1366 de
1985 1339 2154 1379 quonam
2177 1329 2348 1367 Valerius
2365 1330 2423 1368 lo-

1439 1386 1616 1428 queretur
1641 1379 1826 1417 incertum
1850 1378 1960 1424 estet,
1987 1379 2054 1417 nisi
2072 1391 2117 1417 ex
2137 1378 2234 1417 Flor.
2256 1380 2341 1419 Lib.
2361 1394 2422 1420 tv.

1436 1429 1647 1479 legeremus
1679 1430 1835 1467 Curiatii
1864 1430 2000 1468 tribuni
2019 1430 2132 1479 plebis
2160 1443 2330 1477 nomen,
2356 1434 2423 1483 qui

1437 1482 1550 1519 tertio
1581 1481 1746 1530 Scipioni
1773 1479 1928 1519 Naficae
1955 1493 2099 1519 nomen
2120 1493 2192 1530 *per
2212 1482 2420 1523 irrisionem

1441 1530 1604 1571 dediffet.
1657 1533 1741 1571 Fuit
1768 1541 1895 1571 autem
1916 1535 2052 1584 Serapio
2074 1532 2163 1571 Cos.
2189 1534 2307 1572 Anno
2335 1535 2421 1575 616.

1442 1584 1717 1622 GLAREAN.

1493 1648 1553 1686 33.
1569 1634 1712 1672 fidentis
1732 1636 1837 1671 animi
1853 1632 1999 1686 diffique
2011 1633 2218 1682 clariffi'mum
2237 1635 2420 1687 auHorem]

1437 1687 1574 1724 Malim
1595 1687 1773 1733 Clariffimi
1786 1715 1796 1730 ,
1813 1697 1942 1724 revera
1964 1686 2066 1724 enim
2088 1686 2227 1725 dictum
2250 1697 2327 1726 erat
2347 1688 2421 1726 cla-

1437 1738 1627 1775 riffimum.
1655 1738 1899 1775 PERIZON.
1935 1736 2006 1775 Sed
2027 1739 2065 1775 δε
2087 1736 2228 1776 dicium
2245 1746 2324 1776 erat
2342 1740 2421 1788 ple-

1439 1799 1531 1825 num
1552 1788 1707 1826 fiduciae
1734 1790 1773 1826 ὅ(
1799 1787 1931 1826 auctor
1950 1787 2194 1833 Clariffimus‚
2222 1791 2288 1839 qui
2305 1791 2422 1830 etiam

1439 1838 1602 1877 claritate
1628 1839 1688 1877 sua
1721 1846 1958 1877 converterat
1985 1839 2178 1876 Valerium
2203 1867 2214 1883 ,
2258 1851 2307 1877 ne
2338 1849 2420 1881 tam

1438 1890 1515 1928 cito
1528 1890 1549 1929 a
1571 1891 1800 1939 cognomine
1813 1890 2033 1938 Scipionum
2053 1889 2264 1929 discederet.
2281 1893 2419 1941 clas-iffi-

1437 1956 1525 1978 mum
1548 1952 1645 1980 certe
1667 1942 1826 1980 retinent
1844 1940 1952 1979 MSS.

1490 2005 1548 2043 34.
1574 2001 1758 2033 „Annonae
1785 1995 1926 2029 caritate
1956 1990 2201 2041 increbescente]
2241 1993 2334 2030 Non
2360 1996 2425 2032 ru-'

1439 2054 1586 2081 morem
1610 2044 1730 2082 modo
1752 2045 1790 2081 &
1819 2045 1961 2081 famam
1977 2071 1987 2087 ,
2012 2042 2073 2080 sed
2095 2044 2134 2080 δε
2155 2043 2256 2080 varia
2275 2043 2344 2082 alia
2365 2047 2422 2082 in·

1438 2095 1642 2144 imrebefiere
1673 2095 1812 2132 dicunt.
1882 2094 2019 2131 Cicero
2047 2105 2185 2130 ‘rentum
2215 2095 2424 2145 increbefiere

1439 2145 1560 2191 dicit,
1597 2146 1623 2183 fi
1654 2145 1682 2182 is
1716 2145 1777 2182 fiat
1806 2144 2079 2182 vehementior.
2142 2145 2318 2194 Virgilius
2347 2159 2419 2187 ΧΠ.

1439 2197 1537 2234 Aen.
1566 2200 1609 2235 Et
1622 2198 1747 2244 fiae-rus
1766 2199 1886 2245 rumpis
1908 2199 2016 2246 magis
2035 2211 2073 2233 a:
2091 2199 2197 2248 magis
2216 2198 2330 2236 horror
2341 2202 2422 2237 Cre·

1439 2247 1546 2296 bestie.
1602 2246 1843 2285 Scribendum
1864 2257 1992 2286 autem
2013 2256 2107 2296 puto
2127 2248 2346 2297 crebefiere&
2365 2254 2420 2288 in-

1438 2299 1610 2346 crebefi‘ere
1621 2314 1632 2342 3
1655 2310 1732 2336 non
1745 2299 1931 2347 crebrefi'ere
1951 2301 1989 2337 δί
2011 2297 2236 2349 increbrescere
2251 2329 2262 2345 ‚
2286 2301 2336 2339 ob
2360 2314 2421 2341 eas

1439 2348 1571 2388 caussas
1586 2379 1596 2395 ‚
1624 2362 1712 2400 quas
1732 2350 1921 2388 Manutius
1942 2351 1980 2387 in
1994 2351 2268 2400 Orthographia
2287 2352 2347 2391 sua
2368 2354 2420 2392 al-

1438 2401 1547 2450 legat.
1581 2403 1618 2438 V
1633 2404 1669 2440 O
1684 2401 1750 2439 RS
1767 2401 1817 2439 T.
1867 2401 2037 2451 Plerique
2060 2402 2167 2440 MSS.
2196 2403 2257 2440 hic
2283 2404 2422 2444 habent

1440 2453 1693 2501 imrebreflente.
1722 2453 1854 2502 Ultraj.
1875 2453 1944 2490 sec.
1964 2461 2093 2491 ‘tamen
2115 2456 2153 2492 &
2176 2454 2308 2503 Copes.
2330 2467 2418 2495 cum

1439 2503 1556 2542 Periz.
1579 2504 1815 2552 increbeſsente.
1843 2504 1943 2542 Vide
1963 2516 2056 2555 quos
2077 2504 2123 2542 de
2143 2505 2420 2556 Orthographia

1441 2555 1548 2605 hujus
1569 2556 1671 2593 vocis
1693 2563 1841 2603 agentes
1862 2557 1989 2594 citavit
2019 2556 2073 2593 Cl.
2092 2557 2420 2597 Drakenborchius

1444 2606 1489 2643 ad
1512 2607 1641 2644 Silium
1667 2607 1712 2643 L.
1733 2619 1766 2643 x.
1793 2620 1824 2645 1.

1498 2671 1555 2707 35.
1583 2661 1620 2695 C.
1652 2657 1828 2708 Curatius]
1867 2658 1925 2696 Sic
1949 2665 2106 2707 uterque
2134 2657 2266 2709 Ultraj.
2301 2660 2340 2697 ὃ(
2368 2661 2421 2699 ita

1442 2708 1562 2746 scribit
1585 2710 1622 2746 in
1653 2709 1787 2746 Annal.
1817 2710 1866 2747 A.
1895 2710 1945 2746 U.
1977 2722 2093 2747 Dcxv.
2121 2711 2232 2747 etiarn
2259 2710 2420 2759 Pighius.

1443 2759 1557 2807 Apud
1587 2761 1812 2798 Ciceronem
1843 2770 1972 2799 tamen
2014 2761 2059 2797 L.
2087 2773 2148 2797 111.
2182 2760 2227 2797 de
2256 2762 2419 2812 Legibus

1443 2813 1615 2847 Curiatius
1637 2810 1769 2849 dicitur
1783 2841 1793 2855 ‚
1817 2813 1856 2850 &
1876 2811 2090 2860 Scipionem
2112 2819 2202 2848 tunc
2215 2811 2418 2853 Consulem

1443 2873 1529 2899 cum
1550 2863 1690 2912 collega
1702 2863 1876 2901 D.Bruto
1894 2863 1933 2900 in
1944 2861 2091 2900 vincula
2117 2862 2314 2912 conjecisse
2334 2878 2417 2904 nar-

1440 2921 1550 2951 ratur.

1493 2965 1551 3014 36.
1581 2967 1621 3003 In
1648 2966 1772 3005 curiam
1797 2963 1974 3015 referrent]
2005 2966 2067 3003 An
2097 2967 2132 3003 in
2164 2965 2328 3006 Suriam?
2356 2967 2419 3006 De

2350 3031 2421 3069 qua
