2516 3509
324 127 428 180 803

333 229 502 277 stimma
536 238 740 287 quaeque
773 215 1026 269 effervescit
1061 210 1329 266 crudelitas,

335 315 465 367 PCl'll'..

579 108 982 172 VALERII
1061 101 1444 161 MAXIMI
1495 99 1937 157 L13.1X.Cio.
1981 98 2053 154 11.

1379 209 1424 244 7⁰
1470 219 1578 250 cum
1613 203 1952 250 munimentum
1989 218 2046 250 ex
2081 199 2122 249 se
2157 199 2248 266 ipsa
2279 213 2348 246 re·

535 301 665 346 Nam
701 315 808 345 cum
843 292 1245 345 animadverteret,
1279 294 1452 347 quanto
1485 278 1549 328 sui
1584 279 1693 326 odio
1726 281 1869 344 patria
1904 292 2168 336 teneretur,
2203 278 2344 325 timo-

336 380 373 422 ri
409 374 657 421 remedium
694 373 856 420 scelere
891 370 1092 434 petivit:
1143 376 1328 427 quoque
1362 359 1507 406 tutius
1539 358 1672 418 plebe
1708 357 1932 405 trucidata
1966 371 2174 421 regnaret
2198 390 2213 415 ,
2256 355 2347 403 fre-

343 469 483 518 quens
514 454 757 518 juventute
789 445 1076 514 gymnasium
1112 441 1244 488 armis
1279 437 1328 483 ὃς
1362 435 1458 498 igni
1494 433 1797 481 circumdedit
1823 467 1839 493 ,
1897 433 2140 498 omnesque
2184 435 2264 497 qui
2299 435 2346 480 in

347 551 402 581 eo
438 546 587 588 erant,
622 532 788 595 partim
826 529 973 586 ferro,
1008 523 1174 588 partim
1210 520 1393 566 flamma
1428 516 1622 562 necavit.

420 618 457 649 7¹
492 612 656 658 Ochus
690 624 872 666 autem,
907 607 985 669 qui
1019 603 1174 668 postea
1198 599 1363 647 Darius
1398 596 1646 660 appellatus
1680 594 1772 653 est,
1807 590 2071 640 sanffiffimo
2106 594 2247 641 Perfis
2273 598 2351 660 ju-

353 689 593 753 rejurando
629 687 898 744 obstrictus,
934 700 990 730 ne
1023 698 1159 746 quem
1182 685 1226 718 7²
1257 694 1313 725 ex
1338 675 1683 740 conjuratione,
1706 688 1820 736 quae
1854 671 2025 733 septem
2057 688 2214 736 magos
2248 691 2355 721 cum

355 778 411 807 eo
446 764 751 827 oppresserat,
785 776 861 809 aut
896 777 1103 819 veneno,
1140 764 1182 797 73
1220 770 1299 802 aut
1333 755 1478 813 ferro,
1520 765 1597 798 aut
1631 751 1723 797 ulla
1754 750 1829 809 vi,
1871 760 1950 793 aut
1982 748 2135 810 inopia
2171 748 2355 797 alimen-

357 852 512 885 torum
549 854 751 898 necaret,
789 837 1092 884 crudeliorem
1128 833 1289 879 mortis
1323 831 1547 878 rationem
1582 826 1894 892 excogitavit,
1943 831 1989 862 74
2023 841 2110 887 qua
2146 828 2353 878 onerosos

351 1131 537 1165 rumentum
562 1142 603 1163 ex
628 1129 738 1175 sefpsa
771 1126 871 1174 capit.
904 1124 1046 1161 PlGH.
1109 1125 1150 1158 In
1170 1122 1328 1170 summa,

358 1189 397 1217 nt
426 1179 639 1216 Perizonius
670 1177 858 1219 malebat,
904 1175 1022 1223 scripti
1052 1185 1131 1210 non
1160 1171 1330 1221 probant.

357 1237 490 1266 «Summa
528 1231 706 1265 crudelttas
746 1227 988 1275 intelligitur,
1025 1223 1091 1261 nisl
1118 1223 1227 1260 Valde
1265 1222 1329 1259 fa]-

355 1281 435 1325 lor,
466 1281 658 1317 crudelitas
685 1280 919 1316 summorum
957 1278 1018 1313 seu
1056 1274 1330 1323 potentissimo-

356 1344 438 1369 rum
481 1333 661 1369 virorum.
706 1346 774 1366 cum
818 1341 885 1378 pro
923 1330 973 1363 cui
1019 1325 1228 1363 constanter
1264 1324 1330 1361 ha-

358 1383 444 1420 bent
466 1384 573 1419 MSS.
601 1386 696 1429 exse
713 1390 782 1428 tpla
811 1382 833 1417 i.
862 1391 893 1416 e.
925 1374 968 1415 ei(
996 1377 1203 1414 ‹rodelitaze
1244 1378 1327 1410 Cru-

354 1435 482 1470 delitas
503 1446 549 1470 CX
568 1432 763 1469 crudelitate
783 1434 1019 1467 munimentum
1041 1431 1161 1474 reperit
1176 1455 1186 1471 ‚
1213 1437 1331 1476 quan-
1356 1434 1358 1436 ’

361 1486 411 1522 do
442 1487 609 1533 princeps
638 1495 738 1520 nova
769 1481 983 1519 crudelitate
1006 1478 1180 1529 grais-atur
1201 1487 1331 1516 contra

364 1548 427 1573 eos
443 1565 451 1579 ‚
479 1537 609 1584 quibus
628 1536 663 1570 se
684 1534 819 1571 invisos
839 1534 888 1570 ob
911 1541 996 1568 ante
1019 1530 1217 1567 exercitam
1251 1540 1332 1565 cru-

365 1587 553 1623 delitatem
584 1586 703 1623 sentit.
738 1585 842 1621 MSS.
890 1584 1002 1620 etiam
1034 1592 1167 1619 omnes
1189 1583 1338 1626 reperit,

363 1650 445 1675 non
462 1639 559 1686 capit.
574 1636 689 1684 Quod
713 1637 848 1684 primus
865 1635 1077 1670 exhibuerat
1088 1632 1245 1680 Pighius.
1268 1642 1336 1679 pro

359 1693 491 1738 surnma
515 1688 845 1737 qnaeque.AliquOt
858 1685 964 1722 MSS.
987 1696 1071 1721 cum
1087 1685 1337 1730 Mog.summa

367 1754 508 1790 quoque.
534 1740 570 1775 in
592 1738 664 1775 fine
685 1738 797 1774 etiarn
820 1734 1302 1782 nominitstrmiseyigm.

423 1803 480 1836 71.
507 1791 611 1826 Ochus
638 1788 768 1836 autem]
804 1788 945 1824 Mirum
974 1797 1064 1822 vero
1091 1785 1152 1821 hic
1184 1783 1274 1820 nihil
1295 1782 1340 1819 de

372 1842 442 1878 hac
464 1854 501 1878 re
521 1839 672 1877 scribere
694 1838 937 1876 Herodotum
953 1865 961 1879 ‚
989 1848 1106 1885 quum
1133 1835 1178 1872 de
1198 1833 1339 1871 Dareio

376 1893 563 1941 Hystaspis
591 1890 668 1927 filio
698 1899 775 1926 tani
806 1889 921 1925 multa
952 1887 1141 1929 scriberet,
1170 1894 1210 1921 ut
1229 1883 1268 1921 sit
1288 1883 1341 1920 su-

375 1945 489 1992 spicio
517 1943 561 1979 de
588 1942 661 1978 alio
691 1940 856 1990 quodam
889 1939 1002 1976 Ocho
1032 1937 1168 1986 loqui,
1210 1944 1250 1972 ut
1280 1934 1343 1983 qui

377 1995 623 2033 duodecimus
651 1993 833 2039 persarum
854 1991 935 2027 Rex
959 1988 1091 2025 dicitur
1117 1986 1213 2034 apud
1233 1986 1344 2023 Euse-

376 2047 491 2083 bium.
546 2043 615 2081 Sed
636 2042 776 2079 Valerii
794 2041 905 2079 verba
926 2039 1096 2077 videntur
1115 2038 1198 2075 sane
1218 2036 1345 2074 sonare

379 2098 426 2134 de
450 2096 589 2134 Dareio
609 2094 793 2142 Hystaspis
812 2092 902 2129 filio.
932 2093 1175 2139 Quamquam
1188 2087 1346 2125 Gobrias

380 2159 474 2184 unus
494 2158 538 2182 ex
562 2141 970 2192 septempercufforibus
991 2151 1186 2189 magorum
1206 2139 1242 2175 in
1257 2142 1347 2187 Scy—

379 2198 457 2234 thia
476 2193 642 2234 militasse
661 2207 745 2231 cum
758 2194 877 2231 Dario
897 2193 1075 2229 referatur
1094 2190 1188 2239 apud
1200 2189 1347 2227 Herod.

384 2249 467 2286 Lib.
495 2259 549 2285 ιν.
577 2247 636 2283 De
658 2247 770 2283 Ocho
791 2243 871 2280 Lib.
897 2256 929 2280 x.
955 2243 1136 2290 Justinus,
1161 2240 1222 2279 sed
1241 2241 1349 2288 plane

384 2300 431 2336 de
454 2298 688 2339 Artaxerxis,
718 2308 796 2333 non
825 2295 870 2332 de
890 2293 1073 2342 Hystaspis
1101 2292 1189 2330 filio.
1219 2293 1350 2329 GLA-

385 2350 545 2388 REAN.
571 2348 675 2383 Otlms
695 2359 804 2382 autem
826 2348 883 2394 qui
899 2348 1009 2394 postea
1031 2346 1167 2380 Darius.
1186 2342 1272 2379 Vide
1284 2344 1350 2380 Us-

386 2401 467 2439 serii
498 2399 660 2437 Annales
695 2410 730 2445 p.
756 2398 815 2443 84.
848 2397 902 2444 85.
943 2409 1004 2443 90.
1050 2394 1164 2432 Ovid.
1193 2395 1229 2430 in
1259 2394 1351 2430 Ibin.

390 2465 475 2501 315.
504 2451 563 2488 ubi
582 2459 710 2487 tamen
728 2456 882 2484 vocatur
906 2448 1038 2482 Darius
1060 2444 1231 2492 secundus.
1252 2444 1354 2481 Paul.

393 2500 582 2549 Leopard.
609 2499 770 2537 Emend.
808 2497 888 2533 Lib.
915 2509 1002 2533 xm.
1039 2507 1071 2532 c.
1098 2508 1157 2533 20.
1191 2495 1356 2532 Freinsh.

394 2553 440 2591 ad
476 2553 578 2589 Curt.
608 2552 653 2587 L.
675 2562 734 2587 vi.
763 2549 797 2586 8.
830 2548 884 2586 16.
906 2547 1057 2584 Boi-nec.
1085 2545 1129 2582 ad
1148 2545 1234 2591 Just.
1264 2546 1309 2582 L.
1331 2558 1360 2582 1.

390 2619 425 2654 9.
452 2602 697 2640 PERIZON.

449 2667 507 2701 72.
538 2656 588 2689 Ex
607 2650 829 2699 conjuratione
848 2663 932 2698 quae
950 2650 1076 2695 septem
1098 2659 1210 2696 magos
1229 2660 1297 2682 cum
1327 2661 1360 2682 eo

396 2703 610 2755 oppresserat]
659 2702 777 2751 Atqui
805 2701 897 2737 duos
924 2706 1068 2736 tantum
1102 2708 1230 2745 magos
1259 2695 1362 2734 fuiffe

404 2758 468 2805 qui
498 2766 653 2803 regnum
675 2753 862 2790 Persarum
881 2748 1155 2798 *occupaverint
1170 2777 1178 2790 ‚
1204 2747 1362 2795 prodidit

405 2807 645 2845 Herodotus:
674 2816 786 2853 quem
808 2804 843 2839 ὃς
864 2801 922 2838 alii
942 2802 1022 2837 sunt
1041 2798 1164 2835 secuti.
1190 2799 1361 2836 Tantum

399 2859 520 2895 noster
540 2859 575 2893 ὃς
595 2856 817 2892 Ammianus
837 2852 1073 2890 Marcellinus
1100 2861 1212 2885 xxm.
1232 2862 1288 2885 υ..
1307 2854 1363 2896 se-

396 2920 485 2957 ptem
515 2914 829 2943 commemorant.
856 2904 1001 2940 Verum
1024 2900 1218 2938 Ammiani
1237 2901 1364 2938 aucto-

401 2961 485 2996 ritas
505 2969 583 2994 non
610 2957 656 2993 est
678 2966 801 2999 tanta,
827 2964 867 2992 ut
887 2954 1047 2991 aliorum
1074 2950 1219 2987 elevare
1242 2960 1366 2999 queat.

399 3010 577 3048 Nostrum
607 3016 731 3045 autem
751 3005 1017 3057 antiquioribus
1037 3002 1234 3041 conciliare
1252 3001 1368 3041 studet

140 917 439 966 0v1.1.1121¹>.1ibi
476 935 571 963 non
603 930 824 981 perrupto
861 913 1090 979 religionis
1126 910 1314 959 vinculo
1349 908 1544 955 tolleret.
1617 912 1656 943 75
1698 906 1890 968 Septum
1927 901 2048 947 enim
2081 902 2178 948 altis
2213 905 2358 966 parie-

2238 984 2360 1035 tibus

1381 1116 1592 1167 Rutgerfius
1614 1116 1704 1153 Var.
1726 1113 1810 1151 leet.
1841 1125 1872 1150 1.
1901 1112 1935 1149 8.
1960 1111 2068 1148 Putat
2091 1110 2190 1149 enim
2214 1124 2351 1154 vocem

1380 1181 1495 1206 unam
1518 1167 1709 1216 traJeEtam
1724 1195 1733 1210 ‚
1763 1167 1875 1213 inque
1898 1163 2024 1200 locum
2047 1163 2151 1199 suum
2171 1175 2356 1212 reponen-

1383 1221 1467 1258 dam
1490 1219 1535 1256 s1C
1563 1217 1645 1255 effe.
1678 1223 1737 1253 Ne
1765 1230 1860 1266 quem
1888 1229 1928 1249 ex
1955 1217 2181 1253 commoratione
2203 1219 2358 1265 septem,

1381 1286 1468 1322 quae
1489 1284 1601 1320 magos
1622 1283 1691 1304 cum
1711 1283 1745 1303 eo
1768 1266 1973 1315 opprefferat.
2012 1267 2122 1313 Quae
2145 1266 2294 1312 quidem
2321 1281 2360 1305 e-

1383 1321 1576 1359 mendatio
1607 1320 1855 1357 vehementer
1875 1328 2030 1365 quoque
2054 1316 2172 1364 placet
2193 1317 2358 1368 Berneg-

1382 1384 1473 1422 gero
1495 1373 1531 1410 in
1555 1371 1665 1409 Notis
1686 1370 1733 1407 ad
1754 1369 1836 1405 Lib.
1854 1381 1884 1405 1.
1909 1367 2035 1413 Justini
2063 1378 2095 1403 c.
2115 1379 2150 1414 9.
2180 1369 2356 1419 Nequem

1384 1434 1511 1461 autem
1540 1421 1732 1465 offendat,
1771 1418 1876 1469 quod
1905 1418 2074 1455 Valerius
2100 1418 2238 1465 septem
2271 1433 2357 1459 cum

1384 1476 1503 1513 Dario
1525 1470 1732 1523 conjurasse
1753 1470 1800 1508 fic
1819 1470 2070 1513 diceret,cum
2084 1469 2121 1504 in
2135 1471 2362 1516 universum,

1387 1527 1504 1564 Dario
1534 1526 1645 1563 etiam
1677 1525 1773 1561 inter
1795 1533 1860 1558 eos
1887 1519 2183 1568 comprehenso,
2211 1530 2358 1561 tantum

1386 1578 1524 1626 septem
1554 1576 1713 1613 fuerint:
1739 1580 1871 1611 monet
1893 1570 2103 1619 Rutgersius
2123 1571 2159 1606 in
2176 1572 2361 1620 scriptori-

1389 1628 1454 1666 bus
1475 1628 1634 1676 antiquis
1653 1638 1732 1664 non
1753 1635 1897 1662 novum
1921 1620 2014 1664 effe,
2048 1630 2112 1665 ut,
2139 1624 2284 1670 quoties
2305 1626 2364 1662 so-

1392 1680 1506 1717 dalitii
1529 1679 1681 1727 alicujus
1708 1675 1854 1714 mentio
1884 1674 1972 1718 fiat,
2001 1671 2065 1709 etsi
2094 1684 2209 1710 unum
2238 1676 2364 1712 nomi-

1392 1730 1520 1767 nando
1551 1741 1637 1766 eum
1661 1727 1681 1764 ὲ
1705 1727 1936 1776 reliquorum
1963 1735 2121 1761 numero
2152 1725 2364 1774 excerpsisse

1395 1781 1612 1823 videantur,
1626 1779 1750 1827 postea
1772 1787 1901 1815 tamen
1919 1774 2129 1813 universum
2152 1776 2264 1813 totius
2287 1778 2367 1815 col-

1392 1831 1477 1879 legii
1499 1841 1698 1867 numerum
1721 1830 1770 1866 ita
1798 1834 1964 1875 ponant,
1991 1822 2091 1873 quasi
2115 1825 2141 1861 is
2161 1838 2274 1875 quern
2300 1840 2364 1865 eit-

1394 1890 1592 1930 ceperant,
1622 1881 1655 1917 ei
1675 1875 2046 1916 includeretur.Vide
2064 1876 2141 1922 ejus
2151 1878 2242 1914 Var.
2259 1879 2366 1916 Led.

1399 1946 1429 1970 1.
1450 1933 1483 1970 8.
1514 1933 1574 1968 ubi
1594 1932 1670 1980 ejus
1689 1930 1831 1978 generis
1854 1928 1921 1964 alia
1942 1939 1984 1963 ex
2007 1926 2164 1974 antiquis
2183 1928 2367 1976 scriptori-

1395 1984 1460 2021 bus
1490 1983 1607 2020 affert.
1630 1981 1825 2018 VORST.
1865 1980 1989 2027 Magis
2012 1980 2149 2024 septem.
2185 1979 2290 2028 Magi
2317 1980 2368 2018 di-

1399 2042 1532 2072 cuntur
1571 2034 1710 2082 septem
1744 2030 1885 2067 menses
1919 2025 2080 2076 regnasse
2099 2055 2109 2069 ‚
2159 2041 2254 2078 quae
2296 2043 2367 2080 po-

1397 2086 1468 2122 tuit
1519 2081 1590 2121 effe
1637 2083 1769 2119 erroris
1818 2076 1936 2118 cauffa
1976 2077 2131 2115 Valerio
2181 2081 2369 2121 Maximo.

1399 2136 1499 2172 Vide
1520 2136 1558 2172 &
1577 2133 1699 2171 Vales.
1724 2131 1769 2169 ad
1796 2131 1990 2167 Ammian.
2030 2130 2075 2169 L,
2097 2141 2211 2169 xxxix.
2233 2132 2370 2170 PERI-

1399 2187 1525 2224 ZON.
1554 2186 1705 2222 Locum
1733 2183 1833 2220 hunc
1855 2180 2029 2230 peculiari
2056 2178 2302 2221 dissertatione
2328 2185 2372 2222 il-

1399 2236 1623 2275 lustrandum
1645 2234 1708 2272 fibi
1730 2232 1879 2281 sumpsit
1898 2233 1953 2269 V.
1969 2232 2017 2268 D.
2030 2232 2146 2268 Mich.
2167 2232 2290 2271 Roffal
2304 2263 2314 2277 ‚
2332 2236 2372 2273 δε

1403 2287 1602 2332 emendat,
1631 2295 1672 2324 ut
1699 2286 1837 2322 fecerat
1864 2282 2005 2321 dudum
2034 2291 2119 2319 ante
2140 2284 2375 2332 Rutgerfius‚

1404 2341 1505 2388 cujus
1527 2338 1762 2376 mentionem
1786 2335 1873 2372 facit
1890 2333 2028 2371 nullam
2045 2361 2055 2377 ‚
2080 2333 2182 2382 quod
2204 2336 2378 2382 nesciret,

1405 2390 1518 2428 credo
1532 2418 1541 2434 ‚
1570 2391 1607 2427 &
1623 2388 1673 2426 ilii
1689 2388 1768 2436 jam
1792 2386 1866 2423 hoc
1885 2386 1923 2422 in
1945 2393 2113 2422 mentem
2134 2385 2282 2424 veniffe.
2302 2387 2377 2426 Pu-

1405 2450 1458 2479 tat
1485 2442 1611 2490 itaque
1638 2439 1676 2476 ‘to‘
1695 2441 1821 2487 septem
1851 2435 2009 2484 elliptice
2036 2435 2125 2483 poni
2151 2466 2158 2477 ,
2207 2446 2247 2475 ut
2278 2438 2378 2487 apud

1409 2494 1574 2530 Graecos
1599 2489 1626 2526 οἱ
1657 2489 1757 2532 ἕπῷι,
1785 2488 1812 2524 o}
1841 2485 1973 2523 edam
1995 2487 2033 2523 &
2053 2485 2203 2532 similia,
2230 2499 2301 2525 nec
2321 2501 2381 2527 re-

1410 2541 1541 2592 fugiffe
1561 2542 1788 2578 Ciceronem
1810 2536 1973 2575 similiter
1992 2535 2114 2573 dicere
2134 2540 2176 2573 In
2194 2537 2381 2585 duodecim,

1413 2607 1480 2643 pro
1503 2597 1542 2630 In
1569 2590 1736 2629 duodecim
1770 2589 1910 2625 tabulis.
1960 2585 2030 2624 Sed
2061 2587 2301 2635 praecesserat
2330 2591 2380 2630 ibi

1411 2648 1448 2681 in
1473 2643 1641 2682 duodecim
1669 2641 1797 2677 tabulis
1834 2640 1880 2676 L.
1906 2650 1952 2674 11.
1980 2637 2026 2674 de
2058 2638 2174 2687 Legg.
2211 2651 2288 2690 cap.
2315 2653 2379 2691 23,

1413 2697 1461 2734 Et
1484 2697 1568 2733 sane
1598 2691 1702 2743 quod
1722 2691 1873 2727 Graecis
1899 2689 2101 2737 eleganter,
2122 2690 2250 2728 addito
2277 2692 2382 2730 Arti-

1414 2747 1499 2784 culo
1527 2745 1699 2787 effertur,
1733 2741 1772 2778 id
1794 2740 1936 2791 prorsus
1957 2738 2115 2777 insolens
2147 2742 2289 2780 Latinis
2312 2755 2378 2781 au-

1413 2798 1507 2835 ribus
1532 2794 1677 2833 accidit.
1728 2793 1820 2830 Non
1842 2791 1961 2829 dicam
1982 2792 2056 2838 iam
2078 2791 2180 2840 quod
2196 2793 2249 2830 isti
2265 2801 2379 2831 trans-

1414 2847 1590 2897 positioni
1618 2843 1737 2883 nullus
1765 2844 1865 2880 favet
1885 2841 1992 2879 MSS.
2015 2841 2148 2879 codex.
2171 2843 2306 2891 Quid?
2335 2856 2380 2882 an

1416 2900 1529 2936 etiam
1559 2898 1621 2934 hic
1647 2895 1756 2944 igitur
1782 2893 1977 2931 Valerium
2008 2890 2134 2930 errasse
2160 2893 2356 2931 statuemus
2372 2921 2384 2938 ,

1418 2958 1459 2987 ut
1477 2958 1536 2987 tot
1555 2947 1632 2986 aliis
1648 2942 1767 2983 locis?
1795 2945 1830 2982 Si
1851 2944 1962 2981 facias
1979 2955 2058 2980 non
2080 2943 2187 2981 valde
2206 2955 2386 2992 repugna-

1419 3001 1468 3038 bo
1483 3028 1494 3046 ,
1515 3010 1632 3050 quum
1659 2998 1698 3035 in
1718 2994 1849 3034 eadem
1866 2995 1937 3033 hac
1955 2994 2104 3032 historia
2119 3022 2130 3039 ‚
2150 2995 2260 3035 etiam
2281 2995 2388 3031 Dario

2328 3045 2391 3082 tri--
