2516 3509
379 133 481 204 136
543 168 549 174 -

562 126 567 130 '
626 99 1069 173 „VALERII
1135 97 1517 158 MAXIMI
1574 100 1713 157 Lm.
1751 102 1827 158 11.
1864 103 2011 162 cip.
2051 100 2126 158 11.

377 229 612 297 postquam
633 208 955 262 animadvertit
976 219 1083 252 eum
1103 201 1161 250 ad
1183 201 1391 252 officium
1421 204 1553 252 suum
1590 210 1629 239 ³⁰
1645 215 1779 252 extra
1809 206 1989 253 moenia
2014 205 2176 272 oppidi
2204 205 2385 271 proces3=

377 301 494 357 fisse,
533 303 565 332 ³¹
590 291 849 356 indignatus
869 283 997 350 quod
1034 291 1071 320 ³²
1091 298 1152 330 ex
1170 281 1410 332 hetoribus
1430 282 1508 330 XI
1529 299 1664 331 nemo
1686 281 1728 329 se
1750 299 1871 348 equo
1891 283 2158 333 descendere
2172 284 2385 351 jufliffot‚

373 376 530 438 plenus
560 373 650 418 irae
677 367 826 415 sedere
856 362 1168 431 perseveravit.
1239 367 1281 398 33
1306 360 1454 419 Qod
1481 376 1589 408 curn
1622 359 1742 408 filius
1769 361 1984 422 senfiffet,
2029 369 2071 400 34
2093 366 2308 427 proximo
2328 365 2382 411 li—

373 453 491 506 ctori
509 463 564 497 ut
586 449 668 498 fibi
689 458 950 514 appareret,
983 441 1239 508 imperavit.
1271 440 1425 504 Cujus
1441 439 1551 486 voci
1568 439 1736 488 Fabius
1757 444 1977 490 continuo
1998 440 2259 491 obsecutus:
2283 446 2387 492 Non

371 545 466 591 ego,
501 527 678 590 inquit,
700 526 800 588 fili,
821 523 1036 587 summum
1057 520 1274 579 imperium
1294 527 1414 563 tuum
1433 517 1674 574 contempsi,
1695 514 1777 575 sed
1795 521 1971 577 experiri
1991 521 2131 576 volui,
2167 525 2208 556 35
2233 518 2389 581 ansei-

364 624 437 655 res
465 607 662 670 consulem
694 622 826 670 agere.
896 605 993 651 Nec
1028 605 1165 664 ignoro
1186 599 1288 661 quid
1305 599 1474 660 patriae
1505 597 1763 643 venerationi
1796 597 2018 647 debeatur:
2059 617 2207 648 verum
2221 603 2389 662 publica

374 686 569 749 instituta
585 687 768 747 privata
783 684 946 745 pietate
958 680 1124 741 potiora
1134 675 1292 738 judico.

376 896 472 932 riora
500 890 559 931 illa
573 920 583 936 ,
603 903 690 930 ‘non
711 891 750 929 ὃς
767 890 862 928 haec
888 886 1082 927 tribuenda
1100 884 1182 924 effe.
1235 884 1359 923 Nimi-

378 957 462 982 rum
485 946 534 993 Q.
563 944 664 981 Fabii
681 942 841 980 Maximi
874 940 950 978 duo
973 940 1077 976 fuere
1091 965 1102 982 ‚
1128 948 1294 988 quorum
1316 948 1358 972 u-

375 1005 507 1044 terque
534 997 573 1033 &
599 994 716 1032 filiurn
751 990 941 1030 consulem
969 990 1106 1028 habuit.
1159 988 1220 1025 De
1236 988 1359 1036 priore

378 1048 453 1095 agit
478 1046 608 1084 Livius
641 1044 738 1083 libris
756 1055 810 1088 ix,
833 1055 870 1086 x,
891 1055 951 1080 xr.
972 1041 1018 1078 de
1046 1039 1249 1089 posteriore
1266 1049 1360 1076 vero

377 1097 473 1134 libris
484 1109 580 1140 xxrr,
592 1108 707 1139 xxm,
720 1107 822 1132 xxxv.
835 1093 918 1130 Nec
928 1091 1097 1141 aequales
1106 1089 1156 1126 ilh'
1168 1090 1286 1132 fuere5
1299 1087 1361 1125 sed

381 1160 476 1186 unus
506 1159 640 1184 eorum
660 1154 812 1184 centum
835 1143 913 1181 fere
934 1141 1038 1179 annis
1064 1139 1252 1178 anteceffit
1272 1137 1362 1175 alte-

380 1211 476 1236 rum.
538 1198 586 1235 Et
618 1197 752 1247 majori
780 1203 871 1232 natu
896 1203 1113 1241 cognomen
1140 1191 1239 1238 Rullo
1266 1189 1359 1227 fuit:

379 1249 518 1287 minori
545 1256 672 1286 autem
701 1245 890 1292 Verrucoslb
906 1274 922 1289 ,
960 1245 997 1281 &
1021 1242 1232 1279 ‹Cu.m-7at0ri.
1284 1238 1361 1276 Etfi

379 1312 474 1337 vero
497 1311 552 1337 res
572 1300 621 1337 ita
639 1299 710 1337 sese
743 1298 902 1334 omnino
932 1294 1066 1337 habet,
1093 1293 1205 1330 verba
1221 1290 1362 1328 Valerii

380 1360 512 1388 tamen
539 1350 668 1387 malim
704 1359 775 1396 ego
807 1346 855 1384 fic
880 1345 975 1394 legi,
1011 1345 1065 1382 uti
1086 1343 1203 1381 Aldus
1224 1341 1361 1386 edidit,

382 1404 422 1440 ὃς
439 1410 479 1439 ut
501 1402 541 1438 in
563 1401 670 1438 MSS.
690 1398 869 1448 plerisque
888 1395 1060 1434 omnibus
1081 1394 1211 1433 eadem
1231 1393 1362 1441 legun-

379 1460 439 1490 tur
449 1467 460 1496 ;
473 1450 611 1500 ipsique
631 1450 726 1489 adeo
748 1449 901 1486 Valerio
918 1447 1122 1495 ω’νιςοςησίαν
1140 1454 1203 1483 aut
1219 1443 1359 1493 lapsum

384 1503 593 1540 memoriae
618 1502 753 1545 tribui,
780 1511 894 1550 quam
927 1497 1037 1534 verba
1067 1498 1145 1545 ejus
1174 1494 1222 1532 ἧς
1240 1503 1281 1532 ut
1302 1495 1361 1531 Pi·

380 1555 488 1602 ghius
507 1553 648 1596 voluit,
677 1550 881 1589 informari.
907 1546 1025 1596 Quod
1046 1547 1198 1596 quidem
1219 1545 1359 1583 Carolo

380 1616 536 1654 quoque
569 1604 722 1651 Sigonio
750 1602 869 1639 visum
892 1596 1019 1642 fuiffe,
1045 1609 1091 1634 ex
1112 1597 1362 1635 Commenta—

383 1656 441 1693 rio
472 1657 549 1704 ejus
581 1656 618 1691 in
643 1654 764 1691 Fastos
793 1654 830 1690 &
851 1650 1027 1699 triumph.
1057 1650 1170 1686 Rom.
1199 1656 1360 1697 apparet.

385 1707 525 1755 Neque
546 1717 637 1743 vero
665 1704 824 1742 insolens
852 1702 959 1750 plane
987 1699 1112 1738 nostro
1131 1711 1272 1743 errare,
1300 1707 1362 1736 aut

385 1757 572 1795 memoria
602 1755 701 1793 labi:
739 1753 801 1791 sed
827 1751 996 1800 exempla
1024 1751 1132 1799 hujus
1154 1752 1233 1800 Jam
1259 1750 1363 1798 supra

385 1819 589 1857 apparuere
604 1835 613 1850 ‚
627 1808 665 1845 &
684 1804 911 1855 apparebunt
931 1804 1023 1840 item
1044 1800 1364 1838 inf1·a.VORST.

383 1859 483 1897 Vide
503 1859 662 1896 omnino
687 1857 743 1894 Cl.
765 1854 1017 1893 Perizonium.
1043 1851 1172 1889 Anim.
1203 1851 1295 1888 Hist.
1320 1852 1365 1889 C.

384 1923 421 1948 2.
443 1923 477 1960 p.
499 1909 557 1947 82.
586 1910 624 1947 δε
642 1908 732 1946 scito
753 1906 858 1958 quod
879 1912 964 1943 ante
984 1903 1160 1952 Pighium
1188 1902 1365 1941 edebatur

384 1960 560 2000 omnibus
581 1959 796 1997 confirmari
816 1957 925 1995 MSS.

437 2024 496 2062 30.
523 2015 631 2047 Extra
655 2012 783 2046 moenia
810 2007 920 2058 oppidi
950 2005 1140 2057 proeeffiffi’,
1168 2003 1364 2055 indignatus

385 2077 513 2113 quoque
534 2061 622 2112 quod
645 2076 686 2097 ex
708 2060 878 2097 &fioribus
905 2058 1014 2108 nemo]
1043 2058 1090 2094 ‘In
1112 2055 1364 2104 manuscriptis

385 2116 478 2151 haec
501 2113 654 2156 melius,
681 2115 788 2148 Extra
807 2108 956 2161 oppidum
982 2107 1179 2159 pr⁰st3ffiffi2
1209 2105 1367 2156 indigna-

384 2178 464 2209 tus,
492 2162 578 2213 quod
599 2178 639 2198 ex
660 2161 806 2199 undecim
838 2160 1006 2198 liaorilms
1038 2174 1139 2195 nemo,
1190 2158 1292 2195 Nam
1321 2157 1366 2195 de

386 2227 548 2253 numero
567 2215 739 2251 lictorum
763 2214 876 2251 etiam
889 2212 1019 2249 Livius
1038 2211 1098 2247 ita.
1127 2210 1276 2246 Praeter
1297 2221 1367 2246 un-

387 2266 511 2304 decim
534 2265 643 2302 fasces
662 2277 762 2314 equo
784 2261 998 2313 praeveetus
1014 2261 1147 2303 senex,
1173 2267 1213 2296 ut
1235 2259 1366 2296 consu-

387 2317 463 2355 lem
490 2315 784 2354 animadvertere
810 2314 1027 2363 proximum
1048 2311 1219 2348 liftorem
1240 2309 1365 2358 justit,

388 2370 464 2412 &c‚
525 2367 601 2403 Vix
628 2367 830 2416 quicquam
857 2364 986 2402 dubito
1010 2392 1020 2408 ‚
1056 2362 1146 2412 quin
1177 2373 1222 2397 ex
1250 2360 1365 2397 Livio

389 2418 558 2456 Valerius
578 2418 670 2454 haec
689 2418 799 2454 ambo
823 2415 992 2463 exempla
1021 2411 1277 2459 delumpserit‚
1304 2410 1367 2448 sed

388 2470 486 2519 prius
515 2468 561 2506 de
583 2470 634 2516 Q.
656 2467 770 2504 Fabio
800 2467 996 2509 Rulliano,
1022 2463 1201 2511 temporis
1219 2463 1365 2511 ¹injuria

388 2533 476 2558 cum
495 2519 698 2556 undecimo
720 2517 811 2554 libro
832 2516 1001 2553 historiae
1021 2515 1199 2551 Livianae
1218 2513 1367 2550 interci-

388 2572 451 2609 dit.
484 2571 649 2608 PIGH.
711 2570 822 2605 Extra
843 2564 994 2616 oppidum
1018 2563 1201 2613 proceffi‘ſje.
1230 2563 1283 2599 Ita
1307 2563 1367 2600 Pl-

389 2623 494 2671 ghius
511 2633 556 2658 ex
575 2619 790 2671 quibusdam
811 2617 921 2656 codd.
943 2617 994 2654 At
1005 2616 1121 2653 Aldus
1139 2613 1248 2651 habet
1270 2625 1366 2650 extra

388 2676 515 2710 moenia
543 2671 660 2722 oppidi.
714 2672 797 2708 Nec
824 2670 928 2707 aliter
954 2668 1067 2705 ceteri
1097 2673 1241 2703 veteres
1270 2666 1367 2713 typis

391 2724 565 2773 expreffi;
595 2724 633 2761 &
658 2722 766 2760 MSS.
792 2723 885 2759 item
912 2719 1044 2757 Brand.
1069 2715 1264 2755 VORST.
1319 2716 1368 2753 Et

386 2775 515 2814 Nostri
541 2774 670 2823 viginti
704 2780 864 2823 quatuor
889 2770 1026 2808 habent
1046 2780 1142 2806 extra
1161 2768 1289 2805 moenia
1310 2777 1367 2818 op-

385 2825 457 2876 pidi
471 2854 480 2869 ‚
511 2825 615 2874 quod
638 2825 842 2862 restitutum
862 2821 976 2860 vides.

442 2889 500 2926 31.
539 2875 733 2923 [ndignatus
762 2872 851 2926 quod
884 2888 925 2910 ex
953 2871 1123 2909 [moribus
1154 2872 1216 2907 XI.
1254 2867 1364 2918 nemo]

394 2928 446 2965 lta
466 2926 581 2964 rursus
600 2926 768 2975 Pighius;
801 2938 888 2963 cum
908 2923 1024 2962 Aldus
1053 2920 1241 2966 edidisset,
1272 2918 1368 2957 Indi-

388 2991 511 3027 gnatus
536 2991 665 3028 quoque
690 2976 777 3027 quod
805 2992 845 3013 ex
873 2975 1042 3013 lifferibns
1069 2989 1171 3011 nemo.
1234 2974 1370 3023 Quoque

392 3030 483 3084 ‘abest
504 3041 658 3080 quoque
675 3029 718 3067 ab
738 3039 815 3068 uno
836 3027 922 3069 cod.
941 3024 1075 3068 Brand.
1095 3033 1130 3068 at
1146 3023 1293 3064 undecim
1309 3036 1374 3077 aps

2190 752 2232 789 ³⁶
2248 755 2387 804 Rela-

1410 889 1515 931 paret
1535 883 1573 919 in
1593 888 1765 931 utroque.
1794 880 1842 918 Et
1860 891 2060 918 numerum
2079 879 2180 918 hunc
2197 882 2272 930 ‘ipse
2290 896 2387 933 quo-

1411 945 1485 982 que
1509 933 1638 970 Livius
1664 932 1723 969 lib.
1749 945 1850 969 xxrv.
1879 932 2056 981 expreffit.
2084 933 2279 971 VORST.
2331 938 2387 972 In-

1410 983 1569 1035 dignatus
1599 996 1728 1034 quoque
1746 981 1844 1033 quod.
1871 983 1930 1020 Sic
1949 995 2033 1020 cum
2068 984 2213 1022 vetustis
2231 984 2314 1022 edd.
2334 986 2388 1024 di-

1412 1035 1526 1073 midia
1535 1045 1614 1084 pars
1627 1034 1734 1071 MSS.
1746 1035 1825 1071 sunt
1838 1035 1949 1071 etiam
1963 1034 2026 1083 qui
2037 1034 2172 1072 habent
2182 1035 2391 1086 indignatus.

1415 1087 1528 1123 Certe
1546 1084 1626 1134 plus
1649 1085 1697 1122 est
1712 1084 1956 1134 inindignatus
1968 1099 2096 1134 quoque
2110 1098 2223 1136 quam
2244 1089 2283 1124 in
2302 1088 2391 1126 alte-

1412 1148 1467 1192 ro.
1520 1137 1574 1173 Ita
1594 1137 1694 1173 enim
1728 1135 1904 1183 fignificat
1934 1135 2119 1184 duplicem
2148 1137 2197 1174 ob
2228 1138 2389 1177 cauffam

1412 1198 1505 1242 iram
1526 1184 1735 1235 concepisse
1757 1187 1909 1224 Fabium
1928 1194 2095 1235 patrem3
2119 1188 2282 1235 primum
2304 1191 2393 1239 quia

1413 1237 1505 1275 filius
1523 1249 1609 1274 cum
1629 1236 1717 1274 effet
1735 1238 1859 1275 consul
1881 1238 2032 1275 obviam
2046 1237 2106 1274 fibi
2126 1247 2227 1276 extra
2241 1242 2393 1277 moenia

1415 1287 1462 1325 ad
1484 1288 1652 1325 officium
1679 1287 1784 1325 suum
1807 1286 2025 1337 procefliffet
2045 1303 2056 1332 3
2100 1288 2257 1334 deinde,
2286 1291 2392 1340 quod

1412 1349 1530 1376 nemo
1550 1338 1725 1376 lie-torum
1749 1351 1849 1388 equo
1867 1339 1902 1376 se
1914 1340 2060 1388 juberet
2080 1338 2311 1378 descendere.

1465 1401 1523 1438 32..
1553 1392 1605 1425 Ex
1636 1389 1805 1426 lia-”loribus
1832 1389 1996 1439 undecim]
2028 1391 2183 1428 Novem
2214 1392 2322 1429 MSS.
2349 1407 2392 1429 ene

1412 1439 1561 1477 undecim
1590 1439 1770 1478 licha-ihm.
1846 1441 2001 1478 Novem
2033 1439 2120 1490 quod
2149 1456 2188 1477 ex
2215 1440 2392 1482 duodecim.

1413 1493 1522 1529 Unus
1543 1491 1559 1528 ἒ
1577 1490 1741 1527 duodecim
1755 1520 1766 1536 ‚
1792 1501 1886 1528 unus
1902 1490 1988 1541 quod
2009 1490 2166 1528 undecim.
2218 1493 2273 1530 Ut
2296 1494 2392 1532 Clare

1412 1544 1450 1581 in
1469 1542 1647 1592 plerisque
1668 1543 1780 1580 exstet
1799 1553 1976 1579 numerus
1989 1570 2000 1586 ‚
2026 1541 2086 1578 sed
2102 1543 2271 1580 lit-floribus
2288 1557 2394 1593 prae-

1412 1594 1559 1643 pofitus.
1586 1609 1627 1630 ex
1649 1591 1813 1629 duodecim
1835 1593 2006 1629 [moribus
2027 1593 2138 1630 etiam
2161 1594 2269 1632 habet
2283 1597 2395 1645 Mog.

1414 1645 1483 1683 Ed.
1522 1645 1627 1694 quod
1656 1657 1789 1682 verum
1819 1652 1922 1692 puto.
1983 1644 2088 1681 Dum
2117 1646 2218 1682 enim
2245 1646 2394 1684 Auctor

1415 1696 1516 1734 addit
1519 1694 1630 1744 sedere
1646 1698 1876 1743 perseveravit
1888 1723 1897 1739 ,
1908 1694 2056 1732 videtur
2074 1695 2227 1733 innuere
2236 1697 2392 1735 Fabium

1416 1746 1618 1784 duodecim
1642 1746 1788 1784 liftores
1803 1748 1885 1795 jam
1905 1745 2200 1795 praeterveetum
2216 1775 2226 1790 ,
2248 1755 2394 1793 tamen,

1416 1809 1503 1835 cum
1531 1797 1578 1835 ad
1610 1796 1799 1835 consulem
1838 1793 2088 1846 pervenisset,
2133 1796 2323 1845 persediffe
2353 1801 2394 1837 in

1417 1861 1517 1899 equo
1532 1877 1542 1893 ‚
1565 1859 1607 1885 ac
1630 1847 1655 1885 fi
1674 1847 1798 1885 sedens
1817 1848 1989 1885 mandata
2018 1859 2193 1896 peragere
2216 1849 2395 1888 decrevis-

1415 1900 1488 1945 set,
1524 1908 1607 1937 tum
1638 1910 1731 1936 vero
1764 1911 1849 1936 cum
1880 1899 1919 1936 id
1947 1898 2026 1935 fieri
2054 1896 2208 1936 senfiffet
2231 1900 2370 1939 Consul
2383 1910 2400 1947 ,’

1417 1952 1593 2000 proximo
1622 1949 1744 1987 lictori
1786 1958 1825 1987 ut
1868 1948 1927 1986 sibi
1968 1957 2160 1997 appareret
2196 1951 2395 1989 mandaffe.

1416 2003 1491 2040 scio
1513 2002 1616 2039 aliter
1641 2002 1734 2038 haec
1757 2001 1893 2037 referre
1914 1999 2080 2037 Livium.
2134 1999 2205 2036 Sed
2234 2012 2301 2038 nos
2323 2010 2397 2040 tra-

1419 2053 1560 2092 &amus
1592 2052 1784 2089 Valerium
1802 2079 1811 2096 ,
1839 2051 1902 2100 qui
1935 2063 2013 2087 non
2047 2050 2190 2099 semper
2211 2051 2398 2091 Auctores

1418 2107 1526 2149 suos,
1550 2116 1635 2142 cum
1654 2105 1747 2142 haec
1768 2101 1939 2150 exempla
1960 2099 2247 2145 scriberet,ante
2266 2103 2397 2143 oculos

1418 2156 1555 2193 habuit.
1584 2156 1681 2192 Ultr.
1702 2154 1809 2202 prim.
1831 2156 1895 2190 im.

1471 2220 1530 2256 33.
1558 2205 1659 2255 Quod
1689 2220 1758 2241 ctam
1780 2205 1879 2251 filius
1901 2202 2045 2251 sienfiffet
2060 2204 2212 2252 proximo
2227 2203 2336 2241 lifflori
2362 2215 2399 2243 ut

1409 2257 1478 2305 filu&
1498 2267 1670 2306 appareret
1691 2254 1888 2304 imperavit]
1920 2254 2086 2291 Aberant
2106 2255 2199 2292 haec
2222 2254 2242 2292 ὲ
2266 2255 2335 2293 Bit.
2358 2258 2398 2294 «Sc

1420 2308 1516 2346 Ultr.
1526 2309 1563 2344 in
1583 2305 1897 2344 Barb.sec.addita
1920 2313 2022 2342 erant
2043 2305 2080 2342 in
2101 2306 2277 2355 margine.
2290 2307 2400 2344 Prae-

1419 2366 1520 2396 terea
1539 2356 1643 2396 Voss.
1663 2357 1779 2395 Periz.
1803 2355 1910 2393 Leid.
1931 2356 2000 2393 sec.
2022 2355 2110 2404 quod
2130 2372 2200 2394 cum
2210 2357 2400 2403 fierifilius

1410 2410 1567 2458 fhnfisfi’t.
1606 2409 1778 2458 Uterque
1810 2407 1914 2445 Barb.
1946 2406 2034 2457 qaod
2060 2422 2131 2443 cum
2153 2409 2228 2449 lieri
2243 2408 2404 2456 senfiffet.

1420 2461 1528 2498 Leid.
1549 2460 1636 2498 sext.
1663 2470 1701 2494 ut
1710 2459 1777 2506 fibi
1795 2467 1967 2506 appareret
1987 2465 2033 2492 Θ·
2046 2456 2375 2506 jutliciumsumeret.

1480 2524 1539 2562 34.
1564 2512 1717 2547 Proximo
1747 2509 1857 2545 liciori
1878 2520 1915 2544 ut
1928 2507 1994 2555 fibi
2014 2518 2186 2557 appareret
2201 2508 2399 2559 imperavit]

1421 2562 1466 2600 Id
1488 2562 1560 2607 est,
1585 2560 1806 2609 imperavit,
1834 2567 1875 2597 ut
1902 2559 2068 2596 officium
2091 2561 2252 2605 faceret,
2280 2560 2402 2610 quod-

1420 2626 1494 2662 que
1527 2612 1641 2650 ceteri
1657 2611 1805 2649 lietores
1823 2609 2088 2658 neglexissent,
2116 2610 2269 2648 Fabium
2291 2611 2336 2648 ad
2363 2612 2399 2648 se

1422 2664 1637 2702 venientem
1670 2663 1710 2700 in
1738 2662 1926 2699 honorem
1957 2661 2008 2698 sui
2031 2661 2185 2698 consulis
2209 2673 2307 2710 equo
2336 2661 2399 2699 de-

1419 2715 1592 2753 scendere
1607 2713 1763 2762 juberet.
1788 2716 1976 2762 Apparere
1987 2713 2089 2748 alicui
2106 2710 2209 2749 idem
2227 2712 2275 2749 est
2294 2713 2400 2762 quod

1418 2766 1557 2814 praesto
1580 2762 1651 2802 effe
1675 2766 1713 2802 &
1737 2765 1935 2801 ministrare
1965 2762 2082 2800 alicui.
2135 2763 2265 2812 Nepos
2285 2776 2403 2809 xvm,

1423 2829 1482 2863 13,
1516 2830 1548 2854 1.
1590 2819 1678 2853 Cum
1703 2818 1827 2865 sep'tem
1864 2830 1966 2852 annos
1997 2813 2153 2862 Philippo
2190 2815 2403 2864 apparusffit.

1421 2867 1596 2916 Virgilius
1626 2879 1695 2903 ΧΠ.
1728 2867 1826 2904 Aen.
1856 2870 1898 2903 In
1933 2866 2045 2901 limine
2082 2868 2169 2915 regis
2198 2870 2403 2915 Apparenc.

1421 2919 1497 2970 Ubi
1519 2919 1687 2956 Servius:
1715 2922 1909 2969 ,Apparent
1924 2945 1934 2961 ,
1960 2918 1983 2952 i.
2007 2931 2032 2951 e.
2047 2919 2174 2964 praesto
2188 2920 2267 2965 sunt
2282 2916 2327 2953 ad
2347 2917 2402 2954 ob·-

1416 2971 1577 3022 sequs'um.
1607 2969 1802 3009 VORST.
1856 2969 1941 3008 LlV.
1971 2967 2017 3006 L.
2041 2968 2172 3015 1X.46.
2200 2970 2311 3018 Quum
2342 2979 2403 3019 ap-

1416 3034 1550 3076 pareret
1572 3020 1747 3063 aedilibus.

2240 3082 2297 3120 33.
2324 3074 2403 3109 „Aa
