2516 3509
183 101 753 166 EXERCITATIO
797 105 902 165 AD
943 99 1117 165 VAL.
1149 103 1346 161 MAX.
1380 103 1653 165 L1n.V11.
1686 107 2122 182 CAp.v11.91r

108 209 158 258 de
191 211 327 258 bonor.
355 210 576 272 poffeſjion.
608 219 737 257 contr.
771 210 884 256 tabb.
908 210 966 256 acl
986 211 1115 256 Paul.
1148 208 1244 255 libb.
1270 208 1328 254 ad
1345 209 1486 254 Edjft.
1555 208 1711 272 Atque
1732 209 1824 256 hoc
1844 212 1985 259 modo
2009 227 2105 259 rem

107 273 193 321 sese
226 275 426 322 habuisse
461 274 565 338 post
599 274 820 321 Editium
852 287 1126 339 perpetuum
1155 273 1225 319 uti
1258 273 1434 319 constat
1460 306 1475 325 ,
1526 273 1622 319 imo
1655 274 1701 319 ὃς
1735 288 1839 322 ante
1867 276 1989 324 f0rte
2020 276 2104 324 sese

108 340 296 400 habuit,
324 340 529 388 adhibita
553 353 704 386 tamen
725 339 1013 387 distinetione
1036 355 1125 385 una
1159 337 1386 400 alteraque
1423 340 1516 384 vid.
1550 342 1620 384 tit.
1656 340 1751 399 [nst.
1787 341 1834 386 de
1862 343 1947 388 bon¹
1980 345 2105 389 liber-

105 415 188 452 tor.
220 407 284 452 ita
305 423 362 454 an
395 406 488 453 hoc
518 419 752 471 tempore,
786 403 1060 467 (secundum
1084 403 1306 468 Pighium
1329 417 1446 448 anno
1468 404 1744 460 DCLxxvr.)
1780 403 1867 451 tale
1889 408 1996 469 quid
2020 423 2105 454 no-

107 482 209 517 tum
229 470 395 535 fuerit,
430 488 524 519 non
545 472 607 517 ita
626 485 804 518 certum
830 470 917 517 est:
955 483 1097 532 utque
1127 485 1222 515 rem
1255 467 1309 513 ab
1348 467 1525 530 origine
1556 481 1808 530 repetamus
1830 502 1844 526 ,
1889 472 2018 517 licuit
2052 473 2106 518 li-

107 534 243 584 berto
276 537 378 602 lege
406 537 654 584 duodecim
688 537 944 584 tabularum
982 536 1029 580 in
1051 534 1320 581 testamento
1347 545 1592 596 patronum
1625 534 1889 595 praeterire,
1916 549 1985 595 pr.
2006 537 2107 598 Inst.

105 600 148 646 d.
183 612 216 648 t.
252 605 414 664 Ulpian.
451 606 516 649 tit.
548 618 623 658 29.
669 608 707 657 §.
737 620 774 649 1.
817 599 1062 648 secundum
1095 598 1317 663 generalia
1348 597 1465 643 illius
1497 596 1553 642 de
1583 597 1897 660 patrefamilias
1926 600 2106 664 legante

109 665 271 713 verba:
307 668 432 731 quod
467 668 620 730 postea
648 669 882 714 Praetores
915 664 1237 722 emendarunt,
1272 662 1344 708 sed
1376 661 1562 720 sensim,
1606 661 1708 708 data
1743 677 1936 725 patrono
1968 667 2106 727 partis

43 770 46 771 γ
109 729 340 804 bonorum
372 732 632 797 poffeffione
666 735 755 780 vid.
791 735 818 779 l.
841 751 873 778 1.
904 731 1262 791 pr.§.1.&2.D
1291 729 1338 774 de
1364 729 1453 773 bon.
1489 728 1670 773 liberter.
1690 726 1738 772 ὃς
1764 728 1947 790 quidem
1970 730 2104 776 dimi-

110 795 236 857 diae,
271 813 385 860 quae
419 814 542 845 nunc
574 799 638 845 est
667 798 799 845 tertia
833 797 1055 858 §r1.&3.
1093 794 1190 854 [nst.
1225 793 1273 838 de
1291 792 1519 854 succeffion.
1551 792 1685 836 libert.
1755 795 1827 838 An
1850 809 1955 839 vero
1979 794 2104 840 eous-

111 876 199 924 que
227 864 324 926 jam
353 876 466 910 tunc
496 876 771 927 perventum
815 861 950 907 fuerit
976 894 991 918 ‚
1035 860 1105 905 uti
1138 858 1280 904 nolim
1327 855 1517 903 definire
1537 889 1552 913 ,
1604 856 1665 901 ita
1699 869 1891 917 patrono
1923 859 2106 905 libertos

109 939 284 990 partem
307 929 539 975 bonorum
565 929 816 991 relinquere
842 924 1039 971 debuisse
1076 923 1256 983 (saltem
1279 920 1311 968 s1
1336 922 1499 967 liberos
1525 935 1580 965 ex
1606 919 1645 965 se
1666 933 1793 967 natos
1813 925 1971 969 mortis
1992 937 2106 970 tern-

108 1007 224 1055 pore
258 1008 352 1039 non
389 993 607 1040 haberent
642 1002 734 1050 §.L
772 992 871 1048 Jnst‘
908 991 949 1036 d.
985 989 1043 1043 t.)
1080 988 1237 1051 colligi
1272 985 1419 1049 posset
1452 1000 1508 1030 ex
1539 984 1766 1030 Cicerone
1799 991 1841 1031 in
1860 992 1953 1033 Ver.
1978 990 2047 1033 lib.
2068 1005 2106 1034 1.

110 1071 199 1118 cap.
230 1057 310 1119 48.
356 1059 436 1105 ubi
470 1059 663 1104 Verrem
701 1055 989 1120 perstringit,
1017 1070 1110 1099 non
1145 1065 1236 1099 tam
1280 1050 1405 1114 quod
1436 1048 1641 1096 edixisset
1678 1066 1702 1094 a
1741 1050 1903 1097 liberto
1938 1051 2108 1100 sextam

110 1134 287 1186 partem
323 1123 409 1170 effe
437 1122 777 1186 relinquendam
810 1120 989 1184 patroni
1024 1117 1142 1163 filiae
1185 1116 1415 1173 (filiorum
1449 1114 1728 1160 mentionem
1764 1114 1883 1161 forte
1915 1115 2108 1177 fecerat,

59 1200 61 1205 ¹
113 1203 208 1250 quo
238 1190 422 1235 nomine
445 1188 491 1234 &
517 1187 611 1234 filia
642 1188 905 1234 continetur
941 1186 968 1229 l.
991 1188 1062 1229 16.
1090 1197 1158 1242 pr.
1186 1185 1243 1226 D.
1279 1182 1327 1226 de
1353 1181 1629 1242 testamentar.
1661 1181 1777 1224 tutel.
1812 1183 1928 1240 [ξμς.
1958 1196 2023 1239 pr.
2044 1186 2108 1229 D,

111 1255 161 1298 de
193 1255 318 1316 legat.
351 1260 421 1307 2.)
456 1252 529 1299 sed
562 1253 697 1300 etiam
729 1251 782 1298 ad
806 1249 1074 1298 hereditates
1108 1249 1195 1309 jam
1233 1245 1405 1292 dudum
1438 1243 1681 1306 adquisitas
1712 1243 1785 1301 id,
1816 1245 2078 1292 extendisset
2089 1268 2106 1303 3

112 1316 252 1380 longe
288 1334 398 1366 vero
432 1318 634 1365 acerbius
669 1317 814 1380 ipsum
846 1312 1090 1378 culpasset,
1128 1310 1159 1356 fi
1191 1327 1247 1357 ne
1274 1309 1357 1373 ipsi
1390 1308 1574 1372 quidem
1612 1320 1804 1370 patrono
1840 1309 2006 1369 aliquid
2041 1326 2107 1356 re-

112 1382 412 1446 linquendum
445 1383 593 1431 fuisset
614 1404 628 1439 3
665 1399 787 1429 nunc
819 1380 865 1426 id
889 1376 1178 1426 solummodo
1203 1388 1358 1433 notat,
1392 1373 1690 1430 decessorem,
1713 1372 1869 1418 Verris
1893 1375 2107 1421 Sacerdo-

112 1459 208 1494 tem
243 1448 447 1496 edkstum
489 1449 601 1506 tale,
637 1446 761 1510 quod
792 1446 847 1492 ad
881 1444 1029 1490 filium
1068 1442 1342 1504 pertineret,
1378 1436 1550 1484 scilicet
1571 1471 1584 1494 ,
1631 1453 1723 1482 non
1757 1437 1991 1494 habuiss⁴e3
2039 1441 2108 1485 uti

109 1512 186 1559 illa
210 1513 476 1576 tempestate
500 1512 642 1560 edieha
665 1514 933 1559 Praetorum
958 1505 1196 1568 quotannis
1223 1503 1467 1551 mutationi
1497 1514 1622 1547 erant
1646 1500 1855 1547 obnoxia.
1893 1503 1957 1547 At
1978 1503 2110 1565 quid-

114 1577 226 1640 quid
259 1580 397 1625 etiam
435 1579 600 1625 horum
637 1577 720 1635 sit,
756 1575 871 1623 nihil
906 1572 1146 1630 lia&eiiUS‚
1179 1569 1262 1616 nisi
1297 1585 1354 1615 ex
1387 1566 1545 1613 ordine
1578 1566 1745 1623 edidi,
1786 1565 1970 1612 indulsit
1995 1567 2112 1612 Ore-

114 1643 223 1689 stes:
259 1659 310 1690 ac
332 1643 364 1690 fi
385 1643 493 1707 quid
521 1642 741 1689 habuisset
767 1641 874 1704 juris
895 1637 1141 1694 Surdinus,
1176 1647 1337 1682 contra
1357 1632 1623 1679 Genucium
1655 1632 1747 1694 jam
1775 1630 1820 1675 in
1851 1629 2113 1693 posseffione

115 1708 447 1766 constitutum,
471 1709 701 1756 bonorum
726 1701 1032 1770 possessionem
1059 1712 1220 1746 contra
1244 1699 1415 1745 tabulas
1439 1696 1644 1742 obtinere
1664 1694 1907 1757 potuisset,
1932 1694 1977 1740 δί
1993 1694 2114 1741 sorte

114 1773 161 1820 in
194 1773 281 1819 hac
309 1772 457 1836 specie
483 1775 529 1821 in
559 1773 767 1820 solidum.
836 1767 1016 1815 Parenti
1051 1777 1174 1810 certe
1207 1764 1457 1809 liberorum
1490 1758 1825 1817 manumiss‘ori,
1860 1773 1993 1821 quem
2026 1758 2107 1805 ser-

114 1854 280 1886 vorum
316 1839 624 1885 manumissori
649 1840 753 1901 jura
787 1833 1081 1897 aequiparant
1116 1840 1153 1881 §.
1178 1835 1222 1875 6.
1260 1827 1356 1888 [nst.
1394 1826 1505 1886 quib.
1532 1825 1636 1870 mod.
1655 1824 1730 1884 jus
1744 1837 1789 1883 p.
1806 1837 1849 1882 p.
1877 1824 1984 1884 fhlv.
2020 1827 2046 1869 l.
2071 1841 2110 1870 1,

116 1904 171 1955 ΕΘ)
193 1914 224 1948 t.
246 1914 279 1949 t.
300 1906 361 1947 D.
373 1907 416 1964 fi
438 1920 465 1949 a
479 1914 642 1965 parent.
666 1905 756 1964 quis
777 1898 1097 1957 manumzffstt.
1132 1893 1206 1939 illa
1230 1891 1290 1937 fic
1313 1891 1474 1949 datur,
1499 1887 1529 1934 si
1557 1902 1712 1951 turpes
1737 1887 1937 1950 personas
1959 1903 2108 1934 eman-

116 1969 294 2031 cipatus
330 1968 598 2020 instituerit,
635 1983 728 2013 non
762 1979 854 2013 tam
891 1979 946 2008 ex
977 1959 1127 2006 edieto
1157 1971 1336 2014 tamen,
1375 1971 1510 2018 quam
1544 1952 1838 2018 prudentium
1871 1952 2109 1999 auftorita·

118 2046 191 2089 te,
228 2035 257 2078 l.
287 2046 324 2093 3.
355 2046 419 2092 pr.
455 2035 516 2076 D.
553 2034 592 2077 d.
628 2041 660 2076 t.
696 2030 833 2092 idque
862 2027 1033 2072 ratione
1067 2022 1251 2086 egregia
1281 2021 1524 2067 subnixum
1560 2017 1736 2077 suisset,
1772 2017 1894 2079 quod
1927 2017 2112 2065 libertus

120 2109 314 2161 patrono
336 2130 350 2154 ‚
395 2096 471 2142 cui
501 2095 562 2142 ob
595 2092 916 2141 inaestimabile
961 2088 1180 2134 libertatis
1221 2085 1499 2132 beneficium
1538 2085 1583 2130 in
1620 2081 1853 2128 infinitum
1890 2081 1995 2128 ess'ct
2029 2083 2112 2128 ob-

120 2161 297 2209 strictus
320 2194 334 2219 ,
381 2160 597 2224 cujusque
640 2157 827 2223 persona
868 2153 952 2219 ipsi
994 2151 1167 2215 semper
1206 2150 1399 2197 debebat
1448 2147 1533 2194 esse
1568 2147 1710 2194 saiifita
1742 2163 1792 2192 ac
1827 2147 2113 2205 venerabilis,

120 2230 150 2272 l.
170 2243 216 2282 9.
254 2229 313 2271 l).
337 2227 385 2271 de
419 2219 545 2287 obseq.
575 2225 782 2284 parentib.
819 2224 869 2273 {5'
890 2229 1056 2281 patron.
1072 2215 1307 2278 praestand.
1345 2211 1640 2278 gravissimam
1671 2211 1884 2257 intulisset
1907 2212 2112 2273 injuriam

123 2290 561 2353 contemptissimum
591 2304 642 2335 ac
671 2288 884 2351 spurcum
919 2282 1052 2330 talem
1077 2281 1312 2327 hominem
1335 2278 1558 2325 virilitatis
1591 2277 1856 2322 immInutae
1879 2276 1961 2338 ipsi
1988 2293 2110 2340 prae-

123 2355 324 2403 ferendo.
391 2355 505 2414 Qo
535 2353 669 2418 ρειᾶο
702 2367 825 2399 nunc
857 2364 1041 2413 quoque
1074 2345 1249 2392 constat
1281 2344 1435 2390 fratres
1463 2359 1487 2388 a
1515 2340 1725 2388 fratribus
1756 2340 1957 2386 exclusos
1993 2340 2113 2386 fimi-

125 2422 156 2467 li
180 2421 310 2479 casu,
332 2420 392 2477 si,
426 2435 588 2483 nempe
617 2417 821 2481 personas
844 2427 998 2476 turpes
1027 2410 1191 2458 levisve
1225 2424 1360 2455 notae
1394 2406 1567 2453 macula
1599 2403 1813 2464 adspersas
1843 2405 2107 2462 instituerit,

124 2487 180 2532 de
219 2484 473 2533 inofficioso
504 2484 627 2549 poss'e
659 2480 876 2545 conqueri
910 2477 1181 2525 testamento
1228 2483 1323 2530 ξι.
1366 2470 1465 2531 Inst-
1510 2473 1557 2517 de
1588 2470 1791 2532 WOffiCiQss
1821 2470 2045 2528 testament.
2076 2470 2107 2513 l.

128 2566 205 2613 27.
240 2555 285 2595 C.
320 2552 406 2598 eod.
441 2556 507 2597 tit.
561 2549 617 2596 Id
649 2564 757 2595 vero
790 2545 822 2592 fi
851 2555 1038 2607 rogatus
1071 2557 1096 2586 a
1127 2539 1323 2587 Surdino
1356 2536 1565 2582 noluisset
1597 2535 1749 2598 largiri
1782 2535 1961 2578 Praetor
1985 2533 2104 2577 Ore-

129 2616 211 2662 stes
231 2648 247 2673 ,
301 2615 483 2663 Surdini
513 2613 755 2679 appellatio
795 2609 918 2657 credi
946 2606 1103 2670 potuit
1134 2603 1213 2650 suo
1244 2619 1339 2650 n-on
1378 2617 1526 2647 carere
1556 2600 1862 2647 fundamento.
1931 2596 2106 2641 Miran-

127 2681 238 2727 dum
271 2695 381 2728 vero
404 2681 527 2743 quod
559 2679 674 2726 nihil
705 2677 792 2724 tale
820 2675 1015 2736 attingat
1039 2668 1248 2718 Valerius
1271 2666 1533 2725 Maximus,
1553 2664 1674 2729 quod
1688 2666 1760 2727 jus
1781 2660 1944 2724 speciet
1966 2659 2104 2723 ipsius

127 2745 337 2802 Surdini3
375 2746 640 2808 causamque
658 2744 754 2803 eius
780 2739 984 2786 stabiliat.

157 2813 410 2873 Appellatus
423 2800 705 2858 Mamercus&
721 2804 920 2865 Surdino]
940 2804 1100 2866 Itaque
1117 2802 1367 2848 aPraetore
1390 2794 1661 2861 appellatum
1685 2790 1749 2837 est
1767 2788 1818 2835 ad
1833 2786 2075 2835 Consulem
2092 2820 2107 2844 ,

127 2894 210 2926 nec
245 2878 442 2937 mirum,
477 2892 584 2922 curn
616 2873 751 2920 etiam
786 2887 809 2916 a
839 2869 933 2934 pari
967 2867 1022 2913 ad
1055 2881 1209 2931 parem
1241 2863 1520 2927 appellatum
1553 2858 1717 2914 fuerit,
1753 2857 1882 2900 Cicer.
1907 2855 1955 2899 de
1988 2854 2103 2915 legib.

127 2948 198 2995 lib.
226 2947 320 2991 Ills
346 2957 431 3006 cap.
458 2958 493 3004 ᾗ.
541 2952 676 3004 atque
703 2936 815 2986 adeo
850 2934 897 2982 &
929 2934 1117 2982 Praetor
1150 2932 1356 2980 Praetori
1386 2922 1702 2980 intercesserit,
1740 2923 1867 2967 Cicer.
1901 2922 1945 2965 in
1979 2921 2104 3027 Vegi-
