2516 3509
536 72 690 130 ET
786 73 1715 132 EMENDANDA.

217 174 286 209 ,DI
300 172 407 208 multa
419 197 430 215 ,
456 170 576 220 inquit
588 199 599 216 ,
625 172 765 223 neglefli
783 171 898 210 dedere

230 223 415 272 Hesperiae
441 223 531 257 mala
563 223 740 272 qut'uosae.

136 272 278 310 Contra
302 273 456 310 feliciter
475 274 663 321 pugnandi
685 275 778 312 ratio
797 286 875 311 non
891 284 967 312 tam
986 276 1024 312 in
1045 275 1101 313 di-

2008 84 2118 153 887

1203 184 1238 222 p.
1268 185 1324 222 34.
1360 177 1517 222 ,Aestate
1536 189 1677 225 gra-vem
1707 191 1842 214 aureum
1865 179 2042 216 amiculum
2068 184 2119 228 es-

1142 222 1199 273 se]
1232 224 1364 261 Rursus
1388 225 1462 262 hoc
1488 226 1577 264 loco
1599 228 1730 266 Badius
1751 228 1849 266 reete
1879 229 2115 279 reprehendit

1150 275 1337 323 vulgatam
1366 275 1567 314 lectionem
1582 306 1592 322 ,
1622 293 1765 329 gravem
1785 283 1960 317 amiculum
1979 298 1990 318 .·
2027 295 2113 321 cum

132 323 303 371 sciplina‚
339 332 379 361 ut
399 325 578 372 Vegetius
603 326 720 363 Libro
743 339 774 363 1.
800 337 877 374 cap.
910 340 939 364 r.
966 327 1100 375 aliique
1151 327 1326 362 amiculum
1347 325 1388 362 fit
1407 328 1549 374 generis
1566 331 1706 374 neutri,
1727 339 1765 367 ut
1785 343 1873 368 mox
1894 333 1966 380 ipse
1987 334 2115 372 auc‘ior

137 374 286 412 censent
299 387 432 424 ‚quarn
453 376 491 412 in
511 376 647 424 pietate
666 378 703 414 &
721 376 898 424 religione
918 377 1097 421 consistit;
1149 377 1354 425 subjungit,
1381 378 1425 413 ad
1444 389 1620 428 utrumque
1640 392 1763 427 tempm
1783 397 1863 418 anm
1892 385 2112 433 (inquiens)

86 466 88 469 y
132 426 239 474 quod
268 427 380 463 etiarn
402 427 538 464 Cicero
567 427 738 466 adfirmat
763 429 867 465 Orat.
891 427 936 466 de
960 429 1099 476 harusp.

136 475 225 524 resp.
264 478 372 526 Qam
400 479 552 514 volumus
581 480 655 515 licet
669 503 691 523 ,3
707 481 748 516 P.
774 482 813 516 C.
838 479 900 526 ipsi
927 494 983 515 nos
1012 494 1102 515 ame-

134 541 228 563 mus:
248 539 360 564 tamen
378 543 433 564 nec
449 543 581 565 numero
601 531 771 580 Hispanos
784 557 794 573 ‚
819 543 872 565 nec
889 531 998 567 robore
1018 531 1102 566 Gal-

133 579 183 613 los
205 606 214 623 ,
247 593 302 615 nec
322 579 512 617 calliditate
533 582 677 625 Poenos,
705 594 759 616 nec
781 580 910 617 artibus
940 584 1079 617 Graecos
1096 609 1105 624 ‚

134 642 189 665 nec
208 628 350 680 denique
370 632 426 666 boc
447 633 513 680 ipso
535 637 604 679 ejus
620 634 734 681 gentis
754 645 791 668 ac
810 643 916 667 terrae
937 631 1105 680 domestico

135 682 321 730 nativoque
335 685 457 730 sensu,
485 684 592 718 Italos
612 685 698 731 ipsos
719 696 756 718 ac
778 684 914 718 Latinos
928 710 937 725 ‚
955 682 1014 728 sed
1029 685 1102 732 pie-

138 742 210 767 tate
236 745 273 767 ac
299 734 485 783 religione,
511 745 614 783 atque
634 735 693 769 ltac
712 748 778 769 una
796 735 992 782 sapientia,
1019 733 1106 782 quod

138 784 283 818 Deorum
311 785 550 820 immortalium
577 788 710 820 numine
738 786 847 820 omnia
881 786 951 834 regi
981 784 1104 835 guber-

137 836 280 883 narique
297 837 519 883 perspeximus
533 863 542 879 ,
564 850 670 871 omnes
685 847 803 885 gentes
822 836 1034 883 nationesque
1048 839 1104 883 su-

134 886 344 934 pet-avimus.
372 886 562 933 Legantur
588 886 703 923 multa
729 887 802 922 huc
828 886 1047 933 pertinentia
1074 897 1105 922 a·

140 934 216 983 pud
240 936 434 973 Aurelium
456 937 702 984 Augustinum
733 936 778 973 de
797 936 946 973 Civitat.
975 938 1011 974 ὅ(
1036 937 1110 973 La-

145 985 338 1023 &antium
366 987 465 1024 Inter
486 989 649 1024 maxima
669 995 793 1024 autern
816 988 958 1035 pietatis
977 998 1087 1036 opera
1101 1014 1110 1030 ‚

140 1048 237 1085 quae
256 1037 408 1074 militiae
428 1037 689 1085 praestarentur
704 1066 714 1081 ,
737 1037 953 1086 pudicitiam
976 1049 1108 1074 nume-

142 1087 298 1124 rabant:
348 1099 389 1125 ac
415 1089 565 1126 vicissim
601 1088 872 1137 impudicitiam
903 1088 1111 1136 disciplinae

145 1137 309 1175 militaris
339 1140 476 1187 pestem
508 1138 578 1176 esse
601 1141 803 1176 maximam
826 1140 982 1176 minime
1010 1139 1114 1176 dubi-

144 1188 281 1226 tabant.
309 1189 413 1238 quod
441 1198 498 1227 tot
527 1190 715 1228 illustrium
743 1191 911 1239 gentium
932 1201 973 1227 ac
994 1189 1115 1227 natio-

146 1250 239 1277 num
262 1239 529 1278 devastationes
551 1253 594 1278 ac
616 1243 742 1278 ruinae
764 1242 880 1290 longo
906 1242 1017 1278 etiarn
1039 1239 1118 1289 post

151 1291 349 1329 intervallo
378 1291 526 1329 testatae
554 1293 646 1330 sunt.
692 1292 879 1330 Salvianus
910 1292 1027 1329 Libro
1049 1302 1118 1329 vir.

147 1344 326 1378 Cat-Dens
351 1342 510 1378 Vandalis
529 1343 744 1393 occupandam
765 1343 894 1380 dederit
916 1345 1120 1393 Hispaniam

141 1391 350 1440 fortiffi'mam
387 1394 650 1441 imbelltffimis?
694 1395 771 1434 Ad
800 1393 1027 1442 impudicitiae
1060 1393 1121 1430 da·

148 1444 351 1479 „mationem
373 1472 383 1488 ,
423 1456 460 1481 ut
488 1444 660 1495 impudicis
685 1443 877 1495 perdiciffimi
909 1447 1119 1494 imperarent.

149 1495 344 1531 COLER.

201 1548 433 1592 Romanarum
454 1545 598 1596 virium]
628 1546 726 1585 Vide
749 1546 891 1584 Marcii·
920 1546 964 1584 ad
984 1548 1117 1584 Horat.

149 1595 196 1632 L.
224 1608 288 1633 111.
324 1597 410 1634 Ode
439 1610 470 1645 ς.

212 1658 248 1693 p.
279 1659 335 1696 31.
385 1650 529 1698 Tegttlas
561 1652 676 1684 Locros
713 1646 929 1696 reportandas
966 1647 1116 1696 curavit]

152 1697 284 1734 Livius
307 1698 390 1734 Lib.
410 1711 464 1735 iv.
495 1699 540 1735 de
559 1699 720 1736 secundo
738 1699 833 1736 bello
858 1698 1019 1742 Punico,
1042 1711 1120 1735 non

152 1748 202 1785 ita
223 1747 335 1796 longe
363 1748 406 1785 ab
430 1749 535 1786 initio
550 1779 560 1792 ‚
589 1750 738 1794 Junom's
759 1751 916 1785 Laciniae
937 1748 1121 1796 templum

151 1810 230 1836 non
251 1801 358 1835 Locris
374 1828 383 1843 ‚
410 1799 468 1836 sed
489 1801 532 1836 ad
553 1804 722 1836 Crotonem
751 1798 855 1837 fuisse
882 1811 967 1836 cum
989 1800 1099 1836 Luco
1113 1827 1122 1842 ‚

154 1861 267 1898 quern
302 1849 558 1887 fabulosissime
588 1851 775 1895 describit,
811 1850 968 1888 testatur.
1016 1849 1121 1886 ldem

158 1900 288 1937 Strabo
314 1901 465 1938 Lib.vr.
494 1905 712 1950 Proserpinae
737 1909 862 1938 autem
884 1901 1039 1949 templum
1061 1905 1120 1936 Lo-

149 1952 212 1986 cris
237 1949 340 1987 fuisse
366 1951 465 1988 idem
497 1953 625 1989 Livius
649 1953 730 1989 Lib.
757 1965 810 1990 rx.
842 1951 1004 1996 ejusdem
1035 1951 1119 1987 belli

149 2002 187 2038 in
206 2001 450 2038 Locrensium
474 2003 644 2039 oratione
665 2003 832 2039 adversus
851 2001 1116 2038 Plemminium

151 2049 293 2094 asserit,
322 2052 368 2088 de
397 2063 443 2088 eo
463 2052 628 2100 sequenti
650 2052 836 2100 exemplo.
889 2054 1017 2099 Quare
1045 2053 1121 2089 hoc

151 2103 188 2139 in
220 2101 307 2138 loco
336 2102 534 2150 legendum
566 2102 697 2140 censeo
721 2131 729 2147 ,
768 2103 914 2152 Tegulas
948 2106 1121 2138 Crotonem

150 2151 367 2200 reportandas
396 2156 546 2189 curavit:
576 2165 652 2190 non
676 2158 814 2194 Locros,
853 2161 891 2189 ut
915 2152 1027 2200 vulgo
1058 2164 1122 2189 co-

152 2204 251 2241 dices
277 2203 424 2240 habent.
485 2206 656 2241 Annotat
682 2204 757 2241 hoc
785 2204 895 2241 etiam
925 2203 1123 2241 Oliverius.

155 2254 426 2292 GLAREAN.

203 2317 236 2352 p.
261 2316 317 2353 32.
347 2306 440 2352 Qtae
459 2303 547 2353 quod
567 2303 612 2341 ad
630 2305 788 2340 Pleminii
804 2306 936 2352 facinus
956 2303 1121 2353 attinuit]

155 2357 231 2393 Hic
250 2355 430 2403 incipiunt
448 2364 597 2392 externa
617 2355 956 2404 exemplaznempe
977 2354 1022 2391 de
1035 2355 1122 2403 Pyr-

153 2408 221 2443 rho
252 2417 337 2454 rege
360 2407 620 2453 Epirotarum,
649 2407 751 2456 quod
781 2407 946 2455 plerique
976 2405 1123 2443 codices

150 2456 351 2504 negligunt.
375 2458 646 2494 GLAREAN.

205 2519 239 2555 p.
270 2519 327 2556 33.
358 2509 489 2544 Fac‘r'um
509 2507 712 2556 Masiniffae
730 2508 861 2550 animo,
876 2520 976 2556 quam
997 2507 1122 2542 Punico

143 2560 308 2608 sanguini
337 2558 550 2608 convenietis]
606 2560 660 2596 Ita
690 2559 821 2607 legitur
848 2560 885 2595 in
918 2557 1089 2594 omnibus
1109 2586 1119 2600 ,

156 2620 253 2657 quae
274 2620 342 2646 nos
364 2609 515 2658 quidem
535 2609 696 2647 vidimus
715 2608 1120 2656 exemplaribus.Quod

157 2659 183 2696 fi
205 2659 299 2696 bene
328 2659 479 2708 legitur,
509 2662 670 2698 omnino
690 2659 896 2697 notandum
922 2659 969 2696 est
993 2658 1030 2696 id
1053 2670 1120 2706 ge-

157 2722 223 2747 nus
246 2709 424 2748 sermonis
451 2713 489 2749 &
508 2723 631 2748 rerum
653 2710 877 2748 inusitatum.
907 2709 1115 2752 Oliverius,

156 2775 280 2810 quam,
311 2772 378 2808 pro
409 2776 473 2797 non
489 2790 497 2804 ,
520 2762 707 2809 exposuit:
730 2769 769 2799 ut
789 2761 828 2798 sit
843 2790 853 2806 ,
881 2760 1020 2798 fastum
1038 2771 1115 2797 non

158 2813 385 2849 conveniens
402 2812 544 2849 Punico
564 2812 750 2860 sanguini,
775 2811 833 2849 sed
855 2812 983 2848 animo
1004 2809 1115 2848 Mafi—

159 2860 283 2899 nissae.
327 2862 457 2900 Badius
497 2863 623 2900 mallet
663 2864 912 2900 convenientius
954 2863 992 2899 &
1017 2861 1117 2910 pendi

157 2925 225 2962 pro
259 2913 445 2961 perpendi,
491 2914 548 2951 cui
577 2926 648 2962 ego
678 2913 886 2951 subscribo:
917 2912 987 2949 sed
1028 2912 1115 2950 nihil

154 2965 344 3002 mutarim.
380 2965 651 3004 GLAREAN.
689 2964 788 3004 Vide
826 2967 864 3003 ὅ(
891 2962 1035 3002 Marcil.
1067 2962 1118 3002 ad

153 3016 277 3055 Horat
305 3016 395 3054 L.1.
424 3015 508 3054 Ode
536 3029 591 3066 ¹9·

1152 430 1458 477 aptiu5:ap1iorem
1477 429 1575 466 haud
1600 430 1706 467 dubie
1726 432 1907 476 dicsturus,
1930 435 1953 471 si
1970 450 2114 486 grawem

1152 479 1251 516 reete
1270 479 1439 527 scriptum
1464 478 1551 516 esset
1570 492 1636 528 pro
1651 483 1966 531 grave.Oliverius
1989 496 2112 524 autem

1154 530 1200 567 de
1235 531 1414 568 manubiis
1452 531 1791 580 Carthaginensium
1831 534 1890 570 hic
1923 535 2113 574 arciorem

1154 581 1373 631 loquentem
1398 593 1607 630 exponens,
1635 596 1723 632 quas
1744 584 1913 634 (inquit)
1936 598 1953 623 a
1975 586 2114 636 Scipio-

1156 644 1203 670 ne
1242 633 1424 670 Africano
1459 633 1643 681 superiore
1678 644 1899 683 acceperat,
1939 638 1999 675 ubi
2040 639 2115 688 plus

1156 695 1268 732 quam
1292 683 1457 720 ducentis
1476 694 1569 721 errat
1589 686 1701 722 annis.
1726 687 1913 734 Loquitur
1934 690 2032 726 enim
2054 691 2113 727 hic

1158 734 1285 772 audior
1305 734 1350 770 de
1371 735 1556 782 superiore
1579 736 1770 781 Hierone,
1796 738 1858 784 qui
1878 739 1966 776 vixit
1980 740 2118 788 Olym-

1157 785 1264 834 piade
1302 785 1358 831 76.
1404 797 1517 834 quem
1556 786 1730 824 Pindarus
1774 788 1942 826 celebrat.
1994 792 2117 828 Poste-

1157 838 1231 874 rior
1257 844 1382 873 autem
1402 836 1522 873 Hiero
1540 837 1631 873 vixit
1654 838 1879 886 Olympiade
1902 852 1978 886 141.
1999 854 2115 891 quan-

1160 887 1209 924 do
1236 887 1360 935 coepit
1385 886 1584 924 secundum
1615 888 1748 925 bellum
1779 890 1981 935 Punicum,
2018 895 2120 939 cujus

1160 938 1267 974 initio
1297 938 1415 974 statim
1446 947 1614 975 mortuus
1642 939 1702 975 est.
1736 940 1848 977 Unde
1868 952 1914 977 ne
1943 938 2120 989 posterior

1163 988 1313 1038 quidem
1338 989 1456 1025 Hiero
1479 988 1594 1026 ullum
1625 1001 1709 1026 cum
1733 990 1904 1038 Scipione
1934 1005 2123 1031 commer-

1162 1040 1260 1076 cium
1292 1051 1455 1088 unquzrm
1483 1040 1619 1076 habuit.
1647 1041 1916 1078 GLAREAN.

1213 1102 1246 1137 p.
1276 1102 1332 1138 35.
1368 1090 1512 1135 Tametsi
1539 1089 1650 1126 debita
1671 1094 1836 1140 supplicia
1868 1107 1930 1128 non
1956 1095 2118 1144 exsolvit]

1166 1141 1268 1177 Nota
1290 1141 1369 1177 sunt
1391 1140 1582 1177 Ciceronis
1603 1142 1711 1177 verba
1733 1144 1813 1180 Lib.
1835 1155 1895 1179 111.
1918 1143 1960 1180 de
1981 1146 2120 1183 Natura

1168 1190 1345 1234 deorum,
1376 1190 1421 1228 de
1440 1191 1513 1228 hoc
1535 1192 1740 1239 Dionysio,
1773 1195 2018 1231 conformiter
2042 1208 2129 1233 cuin

1170 1242 1335 1279 Valerio.
1388 1241 1505 1290 Quod
1524 1244 1669 1288 feliciter
1700 1256 1843 1280 mortuus
1862 1245 1934 1289 fit,
1962 1247 1996 1281 in
2017 1249 2133 1282 trium-

1167 1293 1304 1340 phantis
1333 1292 1462 1328 modum
1490 1295 1525 1328 in
1552 1307 1663 1342 rogum
1688 1295 1818 1332 illatus.
1869 1297 1994 1341 Quem
2027 1297 2130 1342 Jus‘ii-

1170 1355 1236 1381 nus
1266 1343 1347 1380 Lib.
1369 1355 1428 1379 xx.
1451 1342 1591 1391 prorsus
1617 1343 1660 1380 ad
1683 1343 1794 1382 finem
1810 1374 1818 1388 ‚
1847 1346 1974 1391 insidiis
1995 1350 2131 1392 suorum

1169 1398 1315 1442 caesum,
1342 1392 1469 1442 afficiatis
1495 1393 1592 1429 hellis
1613 1396 1737 1430 vitium
1758 1397 1967 1445 srafhtmque
1990 1400 2134 1440 fatetur.

1170 1445 1288 1482 Porro
1308 1445 1478 1492 proxime
1500 1445 1538 1481 in
1556 1444 1799 1493 pulcherrima
1818 1447 1875 1483 illa
1898 1447 2032 1484 Valerii
2053 1449 2132 1485 sen-

1167 1497 1282 1533 tentia
1307 1495 1351 1533 de
1376 1495 1541 1532 tarditate
1562 1508 1702 1543 poenae,
1725 1498 2073 1545 genitirussupplitii
2094 1501 2135 1536 ὃς

1169 1547 1221 1584 bis
1240 1547 1437 1594 repetitur,
1469 1547 1507 1583 δε
1524 1546 1568 1582 ad
1590 1547 1710 1594 priora
1727 1559 1769 1585 ac
1788 1548 1987 1596 posteriora
2007 1550 2132 1586 referri

1170 1598 1295 1647 potest.
1326 1597 1598 1634 GLAREAN.

1221 1661 1254 1696 p.
1284 1647 1342 1697 38.
1380 1651 1439 1683 De'
1466 1648 1622 1695 simulata
1646 1646 1823 1697 religione]
1870 1647 2031 1695 Quidam
2060 1649 2134 1686 hOC

1173 1706 1281 1746 caput
1309 1699 1406 1735 forte
1434 1696 1654 1735 intercidisse
1684 1705 1835 1745 putant,
1873 1709 1915 1733 ac
1943 1710 2040 1735 nunc
2072 1699 2134 1736 de·

1175 1761 1279 1786 mum
1308 1749 1516 1786 inventum.
1569 1748 1644 1785 Alii
1677 1748 1844 1785 consulto
1866 1748 2041 1785 sublatum
2063 1751 2136 1788 exi-

1175 1800 1341 1842 stimant,
1369 1799 1504 1847 quippe
1535 1798 1637 1847 quod
1656 1797 1768 1835 fidem
1788 1799 1971 1846 publicam
1999 1800 2134 1838 labefa-

1178 1850 1274 1887 cs'tare
1297 1849 1487 1892 videatur,
1515 1849 1614 1886 unde
1639 1850 1675 1886 ἃ
1696 1849 1803 1886 libros
1823 1851 1970 1886 Numae
1992 1852 2134 1899 publice

1178 1903 1326 1938 Romae
1355 1900 1532 1937 incensos
1595 1901 1684 1937 Non
1723 1900 1805 1936 sane
1837 1912 1965 1948 magna
1995 1902 2134 1950 jacbira

1171 1950 1417 1988 intercidisset.
1470 1950 1588 1988 Nobis
1614 1960 1740 1988 tamen
1767 1951 1973 1987 Christianis
2005 1964 2137 1991 omues

1170 2001 1292 2050 leges,
1323 2013 1418 2050 quae
1446 2013 1523 2038 non
1552 2013 1595 2037 ex
1617 2013 1707 2038 vero
1731 2002 1878 2038 rationis·
1909 2002 2065 2048 Judicio,
2095 2008 2132 2041 dc

1173 2053 1358 2101 aequitate
1385 2052 1593 2101 procedunt
1617 2081 1627 2095 ,
1665 2061 1727 2088 aut
1764 2065 1841 2088 non
1871 2052 2019 2089 aridiore
2050 2054 2134 2091 Deo

1174 2101 1399 2151 processere,
1423 2104 1558 2139 merito
1578 2102 1758 2150 suspec‘iae
1782 2101 1851 2140 esse
1876 2103 2019 2140 debent.
2045 2106 2134 2142 Sunt

1174 2162 1299 2191 autern
1319 2154 1379 2190 hic
1398 2153 1598 2190 domestica
1621 2152 1788 2200 exempla
1811 2163 1990 2203 quatuor,
2018 2168 2058 2191 ac
2078 2164 2138 2192 to-

1174 2204 1290 2241 tidem
1313 2213 1473 2241 externa.
1513 2205 1688 2252 Quorum
1714 2204 1885 2241 ultimum
1908 2205 1952 2241 de
1973 2206 2134 2243 Zaleuco

1176 2254 1225 2291 est
1246 2256 1456 2292 Locrorum
1481 2254 1817 2302 Epizephyriorum
1843 2267 1927 2302 rege
1947 2284 1957 2299 ‚
1997 2256 2039 2292 de
2059 2270 2133 2305 quo

1177 2305 1261 2343 Lib.
1285 2319 1338 2343 vi.
1370 2305 1630 2353 Geographiae
1658 2305 1796 2342 Strabo.
1854 2307 1922 2343 Cui
1954 2307 2047 2342 male
2114 2308 2126 2313 ⁵

1174 2356 1295 2394 sutum
1328 2357 1376 2394 est
1406 2356 1452 2392 de
1475 2356 1757 2393 Bacchanalibus
1786 2357 1888 2393 sacris
1916 2357 2052 2393 sublatis
2072 2369 2133 2392 ex-

1176 2407 1355 2455 emplum.
1409 2407 1513 2455 Quid
1542 2407 1640 2443 enirn
1673 2406 1710 2444 id
1739 2406 1783 2444 ad
1804 2407 1921 2455 priora
1946 2407 2136 2453 exempla,

1175 2470 1271 2507 quae
1300 2456 1514 2495 ad‘bonum
1542 2456 1776 2505 pertinuisse,
1807 2469 1849 2495 ac
1868 2457 1990 2493 divino
2011 2458 2132 2493 numi—

1175 2520 1222 2545 ne
1242 2508 1391 2546 indutsta
1415 2508 1697 2556 praedicantur?
1723 2509 1814 2545 haec
1837 2508 1967 2544 sublata
1996 2507 2054 2543 hic
2076 2520 2133 2544 re-

1173 2559 1350 2597 ferantur.
1377 2559 1649 2597 GLAREAN.

1221 2622 1258 2658 p.
1287 2623 1347 2656 41.
1379 2612 1576 2655 Latinius,
1615 2608 1691 2659 qui]
1730 2603 1972 2644 Admonuiffe
1995 2606 2053 2643 hic
2078 2607 2132 2644 le-

1172 2660 1316 2698 <aorem
1354 2659 1498 2698 necesse
1536 2661 1652 2704 duxi,
1699 2658 1743 2695 ad
1770 2657 1879 2694 finem
1909 2657 2016 2704 primi
2046 2658 2130 2696 belli

1164 2710 1431 2749 Punicnduos·
1450 2710 1557 2749 fuisse
1588 2711 1754 2746 LuHatios
1782 2708 1881 2744 viros
1911 2707 2129 2746 Consulares

1167 2763 1392 2811 praecipuos⁸
1420 2763 1589 2800 Asterum
1612 2764 1647 2798 C,
1663 2761 1844 2794 LuHatium
1865 2759 2020 2794 Catulum
2043 2762 2131 2794 Cae-

1165 2815 1336 2856 reonium‚
1372 2814 1437 2863 qui
1467 2811 1762 2858 Carthaginenses
1798 2809 1842 2846 ad
1872 2809 2043 2856 Aegateis
2073 2811 2128 2846 in-

1166 2863 1256 2902 sulas
1284 2864 1396 2909 vicit,
1424 2864 1579 2902 acbello
1598 2862 1710 2899 finem
1727 2860 1913 2908 imposuit.
1952 2859 2121 2896 Alterum

1166 2916 1214 2962 2.
1251 2916 1439 2952 [nautium
1469 2916 1623 2951 Catulum
1657 2916 1815 2955 Cenum,
1861 2912 1923 2960 qui
1950 2910 2124 2957 proximo

1165 2966 1249 3015 post
1274 2969 1313 3005 C.
1339 2966 1529 3005 LuHatium
1555 2975 1654 3003 anno
1670 2962 1756 3000 Cos.
1776 2973 1913 3013 pacem
1934 2961 2124 3047 Carth-agi-

2039 3022 2064 3047 n
2087 3022 2132 3047 rr-

2086 2315 2134 2342 al-
