2516 3509
619 124 759 181 DE
874 121 1630 180 MIRACULIS.

2029 137 2126 192 115

123 234 257 287 dendi
275 267 291 296 ‚
337 238 380 272 30
409 228 679 293 alendaeque
711 226 889 275 scholae
919 228 1245 274 communione
1275 225 1513 292 conjunfiti
1534 260 1550 286 ‚
1596 223 1850 288 eodemque
1889 236 2127 270 momento

123 316 343 383 temporis
366 313 528 361 ultima
547 309 774 358 senectute
790 307 997 357 extincti.
1067 316 1102 344 ³¹
1130 309 1253 356 Tam
1275 305 1504 372 aequalem
1524 304 1735 352 fortunae
1761 305 1960 368 pariter,
1995 314 2131 365 atque

125 397 352 448 amicitiae
374 393 668 449 societatem,
706 390 808 455 quis
826 405 921 437 non
947 388 1082 455 ipfius
1105 388 1306 438 coelestis
1333 385 1624 435 Concordiae
1654 384 1751 432 finu
1780 387 2010 450 genitam,
2045 400 2131 431 nu-

124 483 305 538 tritam,
340 490 476 540 atque
498 472 674 521 finitam
696 471 858 536 putet?

192 566 234 597 3ζ
257 556 557 619 Qapropter
578 552 668 598 hoc
692 550 972 616 potissimum
994 542 1159 616 fueriti
1191 555 1232 587 3³
1252 559 1330 595 aut
1360 548 1408 593 in
1434 545 1583 593 liberis
1616 543 2032 610 potentissimorum
2055 561 2124 591 re·-

124 653 265 703 gum,
306 643 343 670 ³4
364 647 442 681 aut
462 635 509 680 in
527 649 632 697 rege
651 630 916 691 clariffimo,
954 638 992 669 3⁵
1015 630 1158 688 autin
1173 639 1276 675 vate
1301 626 1473 692 ingenii
1505 625 1736 685 florentis,
1775 621 1819 661 3⁶
1848 635 1927 670 aut
1951 624 2001 669 in
2020 625 2124 670 viris

127 708 459 765 ei-uditiffimi3‚
496 715 538 748 ³7
562 720 640 755 aut
660 709 707 754 in
724 707 911 754 homine
930 705 1058 760 sortis
1074 692 1291 768 ignotae,
1332 704 1368 739 ³⁸
1389 718 1445 749 ne
1465 700 1557 768 ipsa
1575 701 1786 767 quidem,
1814 701 1963 747 omnis
1979 699 2127 747 bonae

129 789 357 852 malaeque
379 787 588 834 materiae
608 785 831 833 foecunda
851 784 1039 845 artifex',
1074 784 1296 832 rationem
1317 798 1470 830 rerum
1496 793 1656 830 natura
1677 779 1937 829 reddiderit.
2006 780 2127 827 Non
2144 808 2222 842 ffin·
2255 820 2340 850 vm,

1985 858 2128 922 magis
2145 862 2197 889 2⁷·

132 997 247 1034 nione
276 991 421 1032 scholae
450 997 573 1038 egerat
601 990 680 1038 jam
714 989 779 1026 illis
811 986 954 1031 verbis,
989 985 1104 1036 Ejusd.

121 1057 230 1097 praec.
245 1046 372 1094 Epicuri
386 1042 509 1090 setiam
522 1043 641 1088 secuti:
664 1050 787 1088 neque
807 1037 985 1077 attinebat
1005 1049 1105 1075 nunc

130 1098 267 1134 iterum
279 1094 325 1132 de
347 1103 390 1129 ea
404 1091 485 1128 dici.
513 1089 661 1127 Deinde
677 1089 967 1127 consentaneum
991 1089 1103 1126 etiam

130 1148 180 1184 est
197 1145 269 1189 illi,
291 1141 395 1194 quod
417 1141 462 1179 de
478 1144 677 1191 patrimonii
690 1138 867 1190 pffdendi
887 1142 1106 1176 communione

128 1196 278 1234 dixerat.
330 1192 423 1230 Vult
452 1193 560 1241 igitur
579 1191 825 1241 Polystratum
849 1192 888 1228 &
910 1191 1106 1239 Hippocli-

129 1248 215 1285 dem
239 1246 406 1283 fortunas
427 1244 465 1280 in
486 1255 693 1280 commune
717 1240 1104 1292 contuliffe‚indeque

125 1296 290 1336 scholam
321 1293 456 1334 aluiffe.
491 1293 686 1333 VORST.
747 1291 980 1343 εΛζεηιίαειμε
1007 1294 1106 1329 Scho-

130 1350 205 1392 Iae‚
233 1345 340 1384 MSS.
372 1345 485 1383 nostri
517 1346 645 1394 viginti
673 1353 833 1395 quatuor
854 1344 992 1382 habent
1012 1347 1107 1381 alen-

129 1399 255 1449 daeque
268 1426 278 1442 ‚
292 1398 350 1435 cui
369 1398 407 1434 in
428 1397 561 1447 quinto
576 1397 682 1435 Leid.
693 1396 969 1445 superscriptum
981 1394 1111 1432 adean-

132 1450 205 1487 dae.
259 1448 331 1486 Sed
360 1449 399 1485 in
431 1447 617 1485 nonnullis
648 1449 697 1486 est
725 1447 853 1483 sobolis
877 1475 887 1491 ‚
934 1445 1039 1496 quod
1068 1448 1107 1485 in

131 1500 276 1540 duobus
298 1507 360 1537 aut
379 1497 490 1537 tribus
513 1499 625 1536 etiam
659 1497 867 1537 correctum
883 1526 893 1542 ,
931 1499 970 1534 δε
992 1497 1040 1535 fic
1062 1511 1107 1535 ex

133 1552 232 1590 Cod.
256 1550 366 1599 Angl.
389 1558 521 1588 monet
541 1550 653 1587 etiam
674 1547 897 1597 JohAVaffe
920 1548 1000 1586 Ind.
1024 1549 1105 1587 San.

129 1616 165 1643 v.
187 1603 338 1640 senefia.

183 1666 242 1703 31.
269 1654 353 1689 Tam
372 1651 563 1702 aequalem]
603 1650 684 1689 MS.
707 1650 805 1699 Cop.
828 1651 866 1687 &
889 1649 996 1687 Leid.
1018 1650 1107 1688 sext.

125 1706 272 1741 Tantam
293 1698 474 1754 aequa'lem.
487 1701 686 1752 quomodo
709 1703 828 1739 fuerat
848 1701 886 1738 in
900 1701 1105 1749 Leid.sept‚

125 1756 176 1793 ita
200 1757 238 1794 ὃς
261 1763 416 1804 uterque
438 1754 543 1791 Barb.
566 1753 672 1791 Leid.
700 1753 768 1790 sec.
798 1763 931 1788 tantam
952 1760 997 1788 ey
1020 1767 1105 1803 qua—

125 1809 201 1843 lem.
229 1806 291 1843 An
313 1805 495 1855 scripserat
509 1804 653 1842 Auitor
674 1816 805 1842 tantam
824 1812 868 1839 6-7
888 1815 959 1839 tam
978 1818 1105 1854 aequm

125 1857 218 1894 lem?
245 1856 380 1895 deinde
403 1856 546 1905 aliquot
567 1867 739 1894 numero.
792 1856 953 1892 Genitam
974 1864 1020 1892 Θ·
1042 1870 1105 1892 nn-

121 1911 242 1946 tritam
255 1936 265 1953 ,
295 1909 503 1955 &finitam

178 1971 237 2009 32.
266 1960 473 2008 Quapropter
493 1958 549 1994 hoc
563 1957 761 2007 potiffi‘mum
777 1956 903 2007 fuerit]
919 1956 980 1996 Ab
1003 1964 1104 1996 utro-⁹

123 2021 198 2058 que
221 2010 304 2048 cod.
327 2009 458 2047 Brand.
475 2011 582 2056 fuerit
599 2009 717 2046 abest:
747 2009 786 2045 δε
806 2009 905 2046 recte
926 2020 1016 2047 meo
1043 2009 1104 2056 ju-

124 2060 235 2097 dicio.
273 2061 472 2099 VORST.
533 2059 646 2098 Delet
681 2062 789 2106 fuerit
822 2061 934 2098 etiam
969 2060 1102 2108 Copes.

126 2121 213 2148 cum
244 2119 402 2161 utroque
434 2111 566 2160 Ultraj.
597 2111 701 2149 Barb.
731 2111 857 2149 Heins.
890 2113 929 2149 ὃ(
961 2111 1104 2161 aliquot

127 2160 230 2202 aliis,
258 2162 296 2198 ὃ(
317 2163 420 2210 supra
437 2163 516 2212 jam
540 2162 618 2211 plus
640 2162 753 2199 semel
775 2162 936 2200 vidimus
950 2191 961 2207 ‚
986 2163 1103 2200 solere

127 2211 283 2248 verbum
315 2212 390 2250 hoc
419 2212 680 2250 substantivum
715 2213 736 2250 a
769 2213 924 2250 Valerio
966 2215 1102 2250 omitti.

127 2273 207 2299 non
239 2262 402 2310 agnoscit
432 2263 493 2300 hic
525 2264 639 2300 etiam
670 2262 741 2300 Ed.
774 2264 881 2310 Mog.
920 2264 1104 2300 Nonnulli

125 2312 233 2350 MSS.
271 2312 407 2350 habent
427 2320 628 2361 praeterea.
678 2311 891 2361 Quapropter
916 2313 993 2348 baec
1021 2326 1104 2362 quo-

126 2364 409 2414 qtiepotiffimitm.
435 2361 536 2400 haud
556 2362 606 2399 ita
629 2361 737 2398 male.

179 2426 237 2463 33.
262 2417 302 2451 In·
317 2414 430 2452 liberis
446 2413 657 2464 potenttffimi
678 2410 783 2463 regis]
814 2411 858 2449 In
879 2424 914 2450 v.
938 2424 967 2449 c.
986 2421 1103 2462 poten-

122 2466 314 2510 tiffimorum
343 2479 467 2516 regum.
519 2463 646 2502 Recf’ce.
684 2462 859 2512 fignificat
891 2464 991 2500 enim
1012 2463 1104 2501 Pru-

125 2515 216 2554 fiam
245 2517 283 2554 δε
316 2515 585 2554 Mithridatem.
636 2514 720 2561 Jam
753 2526 848 2564 quae
878 2513 1102 2564 sequuntur,

122 2571 217 2609 <Am
237 2571 274 2604 in
295 2581 368 2618 rege
388 2567 570 2613 clariffimo.
594 2566 655 2603 vel
678 2566 837 2603 omnino
858 2564 940 2603 sunt
962 2566 1103 2603 adulte-

122 2619 224 2663 rina,
252 2619 291 2656 ὃς
322 2619 568 2667 supervacua,
597 2617 657 2654 vel
690 2616 942 2655 demonstrant
975 2629 1102 2655 exem-

125 2669 229 2718 plum
264 2681 381 2707 unum
414 2670 580 2708 miraculi
612 2676 764 2706 naturae
795 2668 834 2705 in
867 2680 954 2717 rege
977 2668 1101 2718 aliquo

123 2720 199 2758 istic
221 2718 353 2761 deesse.
379 2721 520 2758 PIGH.
573 2722 666 2758 „Aut
684 2721 721 2755 in
737 2718 850 2756 liberis
871 2720 1106 2769 potentiffimo-

124 2786 200 2808 rum
223 2785 347 2822 regum.
386 2772 442 2810 Ita
462 2771 608 2819 Pighius
643 2782 687 2807 ex
710 2769 793 2808 cod.
826 2771 992 2821 quodam
1023 2771 1105 2810 MS.

126 2834 214 2859 cum
244 2822 360 2861 Aldus
394 2824 433 2860 ὃς
461 2822 520 2860 alii
553 2819 743 2859 edidiffent
769 2822 979 2870 potentiffimi
1007 2825 1104 2873 regis.

129 2872 387 2922 Intelliguntur
409 2882 534 2911 autem
557 2871 694 2910 Prusias
719 2873 757 2910 δε
779 2872 1033 2912 Mithridates:
1058 2873 1105 2912 de

129 2935 294 2972 quorum
314 2924 432 2962 liberis
454 2924 692 2974 praedixerat.
715 2923 910 2962 VORST.
935 2923 1107 2963 Fluctuat

129 2974 253 3012 Codd.
285 2975 457 3024 scriptura
488 2978 583 3013 inter
610 2975 905 3025 potenttffimorum
926 2976 965 3016 &
987 2987 1107 3029 poten-

125 3026 248 3075 tiffimi.
275 3025 344 3066 Ed„
366 3027 474 3078 Mog.
488 3029 563 3078 poti
587 3041 737 3065 [mortim.

1210 996 1266 1034 34.
1294 989 1385 1027 eAut
1406 987 1443 1022 in
1461 999 1536 1036 rege
1553 979 1742 1036 clariffinio]
1770 986 1880 1025 Haec
1898 986 2046 1036 Pighius
2067 1000 2134 1036 pu—

1156 1042 1210 1072 tat
1233 1035 1292 1073 vel
1326 1036 1527 1075 adulterina
1549 1039 1588 1075 &
1608 1038 1833 1086 supervacua
1866 1035 1961 1083 esse,
1987 1038 2048 1075 vel
2071 1039 2133 1076 de-

1157 1088 1359 1125 monstrare
1374 1116 1384 1132 ‚
1412 1087 1627 1137 exemplum
1650 1088 1800 1139 aliquod
1824 1089 1990 1127 miraculi
2028 1098 2135 1127 natu-

1157 1149 1218 1175 rae
1240 1139 1277 1175 in
1299 1150 1385 1187 rege
1407 1139 1532 1189 aliquo
1555 1138 1759 1178 desiderari.
1797 1139 1900 1188 Quid
1921 1139 1947 1176 fi
1968 1139 2134 1178 dicamus

1157 1189 1435 1227 Aristomenem
1469 1187 1696 1228 Meffenium
1719 1189 1900 1239 intelligi?
1933 1191 2016 1228 Fuit
2047 1193 2131 1228 fane

1157 1241 1185 1276 is
1218 1239 1489 1278 Messeniorum
1521 1241 1746 1289 imperator,
1776 1242 1837 1286 ἃ,
1865 1249 1905 1278 ut
1937 1253 1981 1278 ex
2002 1242 2133 1279 Pausa-

1157 1291 1217 1327 nia
1240 1290 1445 1339 colligitur,
1466 1292 1608 1340 regibus
1630 1292 1817 1330 oriundus.
1871 1292 1917 1329 Et
1941 1292 2005 1329 nisi
2027 1293 2054 1329 is
2076 1293 2131 1330 in-

1156 1341 1380 1390 telligeretur
1401 1371 1412 1387 ‚
1451 1342 1488 1379 in
1510 1342 1794 1385 οἱνακεφοιλωώωε]
1822 1342 1883 1379 ista
1905 1342 2006 1380 idem
2030 1355 2131 1392 pror-

1156 1393 1210 1430 sus
1234 1391 1385 1432 omiffus
1406 1391 1503 1431 esset.
1531 1394 1728 1432 VORST.
1774 1392 2032 1431 Dubitandum
2054 1406 2132 1431 non

1159 1444 1207 1482 est
1220 1472 1230 1487 ‚
1259 1445 1346 1494 quin
1370 1457 1436 1494 per
1447 1448 1572 1495 Regem
1592 1445 1693 1482 hunc
1714 1444 1936 1490 Clarzffimum
1957 1444 2131 1493 intelligat

1157 1497 1421 1543 ‘Aristomenem
1450 1496 1563 1533 Certe
1577 1523 1587 1540 ,
1609 1508 1705 1546 quae
1726 1494 1931 1533 adulterina
1954 1497 1990 1533 ὃ(
2011 1495 2128 1544 super-

1157 1558 1275 1584 vacua
1297 1556 1400 1595 putat
1420 1547 1568 1596 Pighius
1582 1574 1593 1591 ‚
1623 1559 1665 1584 ea
1687 1547 1847 1584 retinent
1870 1558 2002 1584 omnes
2024 1547 2132 1584 MSS„

1210 1609 1267 1647 35.
1290 1602 1384 1637 Aut
1402 1601 1438 1634 in
1456 1610 1536 1635 vate
1557 1600 1681 1649 ingenii
1694 1595 1867 1647 florentis]
1894 1597 2128 1645 Antipatrum

1156 1645 1351 1687 Sidonium
1363 1649 1532 1698 intelligit
1544 1678 1554 1694 ‚
1567 1649 1612 1686 de
1652 1661 1702 1686 uo
1715 1647 1826 1698 paulo
1839 1649 2133 1686 ante.VORST.

1208 1701 1265 1750 36.
1293 1706 1385 1741 estut
1404 1702 1442 1736 in
1457 1704 1544 1737 ‘viris
1559 1662 1798 1748 eruciitffmis]
1813 1699 2131 1749 AdPOlystratum

1157 1755 1195 1793 &
1219 1750 1487 1801 Hippoclidem
1510 1751 1647 1790 alludit.
1675 1750 1869 1789 VORST.

1208 1815 1266 1852 37.
1294 1805 1386 1844 estut
1413 1805 1450 1839 in
1471 1802 1598 1839 homine
1624 1804 1727 1852 fhrtis
1757 1800 1907 1853 ignotae]
1938 1801 1998 1839 Est
2019 1801 2046 1838 is
2069 1802 2133 1851 qui

1157 1854 1176 1892 a
1202 1853 1386 1903 Lilybaeo
1419 1866 1531 1892 naves
1552 1863 1664 1903 portu
1688 1851 2045 1902 Carthaginiensium
2068 1865 2132 1890 exm

1156 1913 1286 1943 euntes
1308 1905 1434 1943 videre
1454 1906 1598 1954 potuit:
1628 1905 1729 1954 cujus
1752 1904 1798 1942 de
1817 1904 1974 1942 nomine
1996 1905 2057 1941 vix
2078 1904 2130 1941 sam

1153 1958 1198 1995 tis
1222 1956 1374 1995 constat.
1401 1957 1597 1995 VORST.

1208 2008 1266 2058 38.
1303 2012 1363 2044 Ne
1389 2009 1459 2057 ipfiz
1487 2006 1619 2057 quidem
1645 2008 1772 2054 artifex
1804 2007 1944 2042 Natura
1971 2006 2133 2042 rationem

1154 2074 1263 2096 rerum
1280 2057 1477 2109 reddiderit]
1493 2057 1747 2107 Compositius
1758 2057 1852 2094 haec
1872 2056 1986 2105 prisca
1999 2055 2132 2101 editio,

1155 2114 1282 2158 artifex
1299 2112 1459 2147 rationem
1479 2125 1589 2147 rernm
1608 2114 1762 2146 Mztura.
1800 2107 1907 2145 vIllud
1928 2122 2059 2150 rerum,
2083 2108 2134 2145 sa-

1156 2174 1203 2199 ne
1220 2161 1456 2212 jungendum
1478 2174 1565 2199 cum
1590 2163 1728 2197 Natura
1750 2159 1810 2196 est.
1838 2158 1962 2196 LIPS.
2013 2163 2135 2194 Natu-

1155 2228 1195 2249 ra
1227 2218 1389 2250 rationem
1416 2227 1524 2249 rerum
1554 2210 1743 2248 reddiderit.
1773 2209 1916 2259 Lipsius
1939 2222 1984 2247 ex
2006 2218 2131 2247 vetere

1156 2263 1240 2300 cod.
1253 2263 1454 2311 legendum
1475 2263 1595 2300 censet
1605 2265 1765 2311 rationem
1777 2275 1884 2298 rerum
1902 2273 2026 2297 natus-„z
2045 2259 2133 2296 redd..

1156 2320 1197 2348 ut
1217 2327 1327 2348 rerum
1349 2313 1529 2361 pertineat
1559 2312 1605 2349 ad
1625 2324 1760 2348 natura.
1815 2312 1942 2361 Atque
1975 2312 2024 2348 ita
2051 2313 2131 2349 sane

1156 2370 1313 2412 uterque
1335 2362 1454 2401 codex
1477 2362 1608 2401 Brand.
1631 2362 1752 2400 habet.
1780 2362 1977 2400 VORST.
2014 2367 2128 2411 Ratio-

1154 2427 1226 2448 nem
1256 2429 1364 2451 rerum
1399 2425 1524 2450 natura
1564 2412 1753 2450 reddiderit.
1805 2412 1864 2450 Sic
1892 2413 1970 2450 fere
2003 2424 2132 2451 omnes

1157 2463 1264 2501 MSS.
1286 2466 1324 2503 &
1345 2464 1414 2502 Ed.
1436 2466 1544 2513 Mog.
1568 2464 1671 2514 quod
1703 2463 1931 2501 verissimum
1964 2464 2021 2501 est.
2073 2463 2129 2499 Sic

1157 2515 1203 2552 L.
1222 2528 1284 2553 111.
1300 2528 1333 2566 3.
1357 2528 1388 2553 2.
1413 2522 1485 2553 ext.
1512 2518 1552 2552 ln
1572 2514 1769 2565 dispicienda
1791 2530 1898 2552 rerum
1918 2527 2038 2551 natura
2058 2527 2128 2548 ma-

1153 2569 1266 2603 xlmae
1282 2565 1490 2616 prudentiae.
1517 2568 1556 2605 &
1588 2567 1633 2604 L.
1653 2580 1688 2605 v.
1711 2579 1743 2613 4.
1765 2579 1797 2613 7.
1832 2569 1974 2603 Putares
2003 2566 2126 2612 aliqum

1153 2618 1210 2654 bac
1224 2630 1337 2655 contra
1356 2631 1513 2655 naturam
1530 2633 1639 2655 rerum
1659 2620 1801 2666 fizc‘lum.
1837 2616 1920 2654 ibid.
1942 2616 1978 2651 in
2001 2622 2071 2651 ext.
2099 2627 2130 2663 ς.

1153 2671 1272 2706 Prima
1304 2672 1410 2720 igitur
1432 2678 1478 2706 ω’
1495 2672 1618 2719 optima
1650 2684 1758 2706 rerum
1786 2679 1907 2705 namra
1929 2667 2066 2714 pietatis
2087 2668 2130 2711 est

1155 2724 1325 2772 magistm.
1354 2721 1400 2758 L.
1432 2733 1467 2759 V.
1498 2734 1530 2772 3.
1553 2734 1585 2758 2.
1616 2721 1761 2757 Duabus
1790 2720 1873 2754 enim
1897 2716 2028 2752 urbibus
2060 2717 2134 2753 &C-

1155 2787 1197 2808 ex
1229 2787 1337 2809 rernm
1367 2782 1491 2810 natura
1523 2770 1674 2822 depulsis.
1725 2771 1772 2807 Et
1802 2768 1849 2805 fic
1871 2767 1954 2804 alibi
1982 2767 2131 2815 saepius.

1159 2822 1284 2860 Etiam
1305 2822 1437 2872 Copes.
1461 2835 1546 2861 cum
1571 2823 1693 2871 paucis
1716 2820 1789 2857 aliis
1803 2847 1813 2864 ,
1839 2830 1934 2855 tanto
1956 2829 2056 2867 opere.

1211 2885 1270 2923 39.
1306 2874 1397 2923 Quid
1426 2877 1475 2912 ita
1497 2875 1664 2922 silvestres
1693 2874 1837 2920 Capreas
1864 2873 1980 2906 Cretae
2001 2871 2134 2919 genitas

1151 2935 1326 2974 „tantopere
1344 2924 1521 2973 dilexerit]
1550 2924 1707 2972 Aliquot
1728 2921 1835 2959 MSS.
1858 2923 1916 2971 qui
1937 2923 1997 2955 ίΐιῖ-
2025 2921 2135 2975 (Ξῖ-10·

1159 2975 1279 3013 modo
1312 2978 1425 3015 etiam
1458 2976 1551 3015 Edd.
1585 2977 1693 3024 Mog.
1715 2974 1885 3011 Venetae
1917 2973 1954 3008 ὃς
1979 2969 2136 3007 Mcdml:

1161 3025 1232 3065 Sed
1251 3027 1393 3067 renum
1417 3028 1466 3067 est
1487 3025 1570 3080 quid
1591 3030 1652 3066 ita.
1681 3025 1780 3062 Vide
1802 3025 1902 3072 supra
1925 3021 1970 3058 L.
1995 3034 2021 3058 1.
2045 3034 2076 3067 7.
2101 3035 2135 3069 ς.

1713 3077 1788 3113 1³2

1968 3083 2026 3118 40.
2047 3078 2143 3115 csta--

2204 560 2264 600 18.
