2516 3509
311 115 452 174 DE
524 111 1137 172 ALIORUM
1212 108 1890 167 VINDICTA.

2021 127 2124 184 723

100 232 260 288 pente,
282 215 303 246 ⁸
329 216 386 264 ad
420 214 642 262 auxilium
677 212 909 263 servorum
945 212 1066 279 pileo
1102 208 1278 259 sublato
1313 209 1542 276 confugit.
1578 211 1740 275 Itaque
1774 211 1884 259 dum
1920 208 2110 273 facinus,
2130 215 2216 287 2⁰¹¹-
2237 214 2305 252 ¹¹1²?-

103 301 229 368 quod
262 298 498 364 punierat,
532 296 764 356 imitatur,
798 303 820 333 9
855 295 1046 343 alterurn
1080 293 1287 342 Marium
1321 290 1348 337 a
1381 308 1474 355 quo
1507 292 1809 357 affligeretur,
1844 295 2032 341 invenit.
2191 282 2199 289 ’

172 390 215 410 ¹0
253 381 310 428 C.
351 396 460 428 vero
495 378 706 426 Licinius
756 377 890 425 Stolo
916 411 932 437 ‚
977 379 1106 440 cujus
1149 371 1380 422 beneficio
1423 372 1546 435 plebi
1591 372 1777 436 petendi
1824 371 2107 419 consulatum
2128 402 2209 430 Ann.

103 463 302 531 potestas
335 461 451 510 faeta
483 460 583 520 est,
618 476 725 507 cum
762 459 864 523 lege
897 455 1128 516 sanxisset,
1161 457 1304 518 nequis
1333 460 1377 517 ¹¹*
1396 455 1569 514 amplius
1602 470 1726 516 qnam
1759 456 1981 514 quingenta
2015 471 2108 518 agre

91 550 248 610 jugera
277 546 516 608 poffideret,
550 542 644 607 ipse
676 541 801 589 mille
833 539 1154 604 comparavit:
1200 533 1593 598 diffimulandique
1627 533 1827 580 criminis
1863 534 2006 596 gratia
2040 535 2104 581 di-

107 625 294 673 midiam
330 637 504 689 partem
541 621 640 670 filio
672 621 993 685 emancipavit.
1029 617 1185 680 Quam
1220 613 1281 661 ob
1318 614 1511 660 caussam
1548 612 1573 659 a
1608 614 1683 660 M.
1718 612 1901 675 Popilio
1938 613 2106 659 Laena-

109 719 156 753 te
188 703 447 761 accusatus,
482 702 657 766 primus
690 701 764 748 sua
797 701 899 764 lege
933 696 1128 746 cecidit:
1164 710 1214 741 ac
1250 692 1412 740 docuit
1448 692 1562 739 nihil
1596 690 1718 738 aliud
1753 690 1953 755 praecipi
1977 689 2109 736 debe—

110 802 158 834 re
178 819 194 843 ‚
222 782 304 832 nisi
340 781 466 846 quod
501 782 624 844 prius
658 780 846 844 quisque
882 777 964 825 fibi
997 772 1302 839 imperaverit.

183 870 222 891 ¹2
261 862 335 923 Q
362 874 515 909 autern
550 861 717 908 Varius
771 866 810 896 ¹3
858 868 1048 922 propter
1080 851 1329 899 obscurum
1358 852 1432 914 jus
1468 847 1668 896 civitatis
1704 849 1898 906 Hybrida
1933 865 2109 915 cogno-

118 1081 238 1120 modo
270 1082 307 1119 &
329 1083 476 1130 servitia
499 1110 509 1126 ‚
545 1094 612 1130 pro
642 1082 803 1127 eisdem,
842 1083 880 1120 &
910 1079 1094 1118 dominatio

118 1145 187 1182 pro
215 1133 387 1170 dominis.
408 1134 604 1172 VORST.

168 1184 202 1222 8.
230 1182 304 1224 esici
321 1186 494 1221 auxilium
506 1187 679 1232 servorum
693 1186 786 1234 pileo*
795 1183 968 1233 superlato
986 1185 1096 1228 confu-

112 1233 189 1284 git]
231 1235 274 1272 In
298 1236 573 1284 manuscriptis,
607 1238 696 1284 pileo
717 1235 871 1284 sublato.
903 1234 1093 1272 correcte.

118 1286 260 1324 PIGH.
293 1286 429 1322 Sublato
451 1287 562 1324 etiam
584 1287 719 1324 habent
740 1286 847 1324 MSS.
867 1285 980 1323 nostri
1000 1284 1096 1322 Edd.

119 1338 228 1385 Mog.
259 1338 358 1375 Ven.
386 1337 546 1375 Mediol.
574 1337 719 1375 Ascens.
748 1339 922 1386 Superlato
957 1337 1097 1385 primus

124 1388 226 1426 dedit
244 1388 382 1432 Aldus,
405 1398 483 1426 tum
507 1401 593 1426 eum
612 1390 724 1426 secuti
748 1389 792 1426 ad
813 1388 997 1436 Pighium.

172 1452 207 1488 9.
236 1442 408 1481 eAlterum
424 1440 601 1489 Mmium]
625 1440 759 1489 Syllam
784 1452 893 1488 puta,
912 1439 975 1488 qui
994 1439 1095 1478 idem

127 1490 267 1528 faceret
296 1491 399 1540 quod
429 1501 514 1528 ante
546 1494 685 1529 fecerat
712 1492 876 1536 Marius,
903 1490 941 1528 id
962 1491 1030 1536 est,
1060 1490 1097 1527 in

127 1543 228 1580 cives
260 1542 341 1580 suos
369 1543 533 1580 saeviret.
560 1543 757 1581 VORST.

179 1606 237 1630 10.
269 1596 296 1628 C
338 1607 415 1629 ‘vero
437 1593 601 1643 Licinius]
632 1594 748 1631 Aldus
772 1596 808 1631 δί
828 1592 941 1630 ceteri
965 1594 1021 1629 M.
1037 1605 1097 1627 ‘ve-

125 1657 175 1680 ro.
221 1643 291 1680 Sed
320 1643 414 1681 bene
441 1648 478 1682 C.
506 1646 698 1682 revocavit
720 1646 881 1692 Pighius.
910 1645 969 1681 Sic
990 1643 1095 1680 MSS.

125 1695 164 1732 δέ
185 1694 286 1731 Aldo
306 1696 531 1743 antiquiores
549 1708 634 1733 cum
657 1696 784 1733 ceteris
802 1695 1045 1742 scriptoribus.

179 1758 234 1782 ΙΙ.
272 1747 444 1792 amplius
480 1762 581 1796 quam
615 1750 800 1798 quingenta
841 1747 918 1795 agri
957 1742 1092 1795 jug-era]

128 1796 239 1844 Qum
269 1796 306 1833 in
336 1808 478 1834 novem
500 1797 607 1835 MSS.
635 1798 747 1835 video
780 1795 915 1839 deleri,
943 1804 984 1833 ut
1003 1795 1098 1832 &in

126 1846 196 1884 Ed.
228 1849 337 1896 Mog.
373 1848 480 1897 quod
507 1849 757 1898 praetulerim.
810 1846 960 1886 Deinde
994 1845 1102 1884 multi

126 1898 236 1936 MSS.
255 1898 507 1949 simulandique
524 1901 683 1937 criminis.

182 1961 238 1988 12.
266 1950 308 1997 Q
336 1962 446 1987 autem
467 1951 602 2001 Varius]
643 1951 755 1999 Supra
776 1962 838 1986 111.
860 1960 893 1995 7.
915 1949 948 1986 8.
984 1959 1099 1986 voca-

127 2007 186 2037 tur
216 2004 343 2037 Varius
364 2003 592 2045 Sucronensis;
629 2001 733 2050 quod
769 2001 957 2044 Sucrone,
994 1999 1101 2047 oppi-

129 2050 180 2087 do
192 2051 410 2097 Hispaniae,
425 2054 529 2100 juxta
550 2053 757 2091 Sucronem
779 2050 955 2094 fluvium,
976 2051 1104 2087 oriun-

128 2100 194 2139 dus
225 2100 323 2138 effer.
347 2103 538 2140 VORST.
858 2099 862 2102 ’

184 2164 241 2203 13.
269 2155 409 2193 Propter
430 2153 594 2201 obscurum
614 2152 687 2203 jus]
719 2153 795 2191 Cur
817 2161 940 2190 autem
967 2151 1010 2189 ab
1030 2150 1100 2188 hac

129 2206 275 2241 ratione
299 2203 454 2252 Hybrida
478 2203 616 2248 dicius,
652 2203 677 2241 fi
707 2203 875 2241 derivant
903 2203 1000 2239 hanc
1030 2213 1099 2239 vo-

131 2266 214 2292 cem
246 2254 304 2292 aen
347 2256 373 2290 ’ἕ
409 2262 531 2300 υβρεως
601 2255 686 2292 Scio
714 2255 802 2304 quid
829 2253 1099 2297 Grammatici‚

133 2306 172 2344 δε
202 2317 280 2344 non
308 2305 427 2343 infimi
453 2306 578 2344 census
605 2305 851 2353 Juteconsulti
877 2305 1010 2342 dehac
1030 2315 1100 2341 vo·

134 2356 227 2395 cula.
281 2356 352 2394 Sed
383 2356 427 2393 ab
446 2369 577 2395 eorum
604 2357 784 2406 opinione
803 2355 1010 2404 longiffime
1029 2366 1100 2403 ego

133 2407 271 2446 absum.
323 2408 422 2445 Nam
451 2409 624 2446 omnibus
652 2407 775 2445 modis
803 2406 996 2444 adfirmare
1023 2418 1102 2443 non

133 2458 299 2496 dubitem
344 2461 485 2496 Variam
521 2459 623 2497 illum
662 2461 892 2506 Sutronensem
931 2456 1101 2502 Ibridam,

134 2521 214 2547 non
246 2509 434 2557 Hybridam
462 2539 473 2556 ,
519 2510 622 2549 fuisse
657 2509 881 2559 appellatum
906 2537 916 2553 ‚
958 2507 995 2545 id
1031 2507 1102 2553 est,

134 2561 340 2597 Semicivem.
384 2561 458 2598 Iber
484 2561 521 2599 in
556 2562 673 2599 veteri
701 2558 874 2610 glossario
904 2559 1101 2608 exponitur

131 2611 285 2655 ishiov&.
310 2612 412 2649 Hinc
435 2612 586 2656 lbridae,
614 2611 812 2661 promiscui
830 2611 973 2659 generis
994 2622 1105 2660 quae-

136 2673 284 2711 cunque
312 2663 482 2701 animalia
514 2663 620 2701 dieta.
671 2665 762 2701 Hoc
788 2670 873 2700 ante
900 2674 961 2699 me
982 2663 1018 2699 ὃς
1040 2662 1104 2709 Jo-

133 2713 247 2761 sepho
276 2713 457 2761 Scaligero
488 2714 636 2752 summo
670 2715 752 2752 viro
781 2714 990 2762 probatum.
1043 2713 1102 2751 Ab

134 2763 353 2802 animalibus
377 2776 420 2802 ea
446 2766 642 2812 appellatio
675 2765 719 2802 ad
748 2765 919 2802 homines
949 2776 1102 2814 quoque

62 2838 65 2841 ⁴
134 2815 302 2852 transsata
338 2814 395 2851 est.
447 2815 583 2853 Plinius
608 2816 669 2853 lib.
696 2828 784 2853 vm.
821 2815 939 2863 capite
970 2827 1029 2865 53.
1061 2819 1102 2852 In

133 2867 226 2903 nullo
257 2879 377 2916 genere
405 2880 507 2914 aeque
527 2868 643 2914 faqilis
674 2869 717 2913 est
748 2867 883 2911 mistura
911 2879 981 2902 cum
1003 2868 1100 2912 fero,

132 2919 280 2966 qualiter
316 2928 411 2952 natos
440 2918 575 2966 antiqui
604 2915 780 2965 Hybridas
809 2916 973 2954 vocabant
995 2945 1004 2961 ,
1048 2932 1102 2955 ceu

124 2970 297 3016 semiferos
320 2996 329 3012 ‚
370 2966 414 3004 ad
442 2967 585 3004 homines
614 2982 744 3018 quoque
770 2979 807 3004 ut
844 2970 880 3005 in
905 2971 944 3006 C.
972 2972 1103 3008 -Anto-

129 3020 221 3058 m'um
243 3021 409 3058 Ciceronis
437 3021 473 3057 in
497 3021 669 3069 consulam
693 3021 873 3071 collegam,
902 3022 1103 3072 appellatio-

1144 1092 1184 1114 ne
1219 1079 1397 1127 translata.
1464 1073 1571 1112 Cedo
1610 1073 1807 1111 hominem
1845 1075 1911 1124 qui
1946 1076 2018 1124 ajat
2048 1075 2121 1115 Pli-

1146 1129 1249 1166 nium
1280 1125 1448 1176 scripfiffe
1480 1125 1664 1174 Hybridas.
1714 1125 1887 1163 Rescribo
1914 1126 2039 1176 itaque
2059 1139 2123 1166 au-

1148 1179 1294 1217 daeler:
1334 1177 1479 1215 lbridas.
1533 1177 1631 1214 Nam
1660 1188 1732 1224 qua
1765 1176 1907 1225 ratione
1938 1177 2006 1215 dici
2035 1179 2114 1225 pos-

1148 1230 1189 1267 fit
1221 1229 1357 1268 animal
1385 1230 1534 1266 brutum
1559 1226 1737 1271 Hybrida,
1773 1238 1851 1264 non
1882 1227 2003 1265 video.
2039 1230 2120 1267 Nos

1150 1282 1328 1319 Germani
1371 1290 1501 1329 aprum
1544 1278 1733 1325 etiamque
1771 1276 1881 1313 Ibrum
1910 1278 1967 1315 vel
1998 1279 2118 1316 Ebrum

1149 1344 1352 1375 vocamuS,
1374 1328 1701 1381 quemadmodum
1725 1328 1849 1365 Gallos
1867 1328 2033 1377 intelligo
2054 1333 2119 1379 Ly-

1149 1389 1263 1434 cifiam
1302 1395 1346 1420 ex
1377 1393 1468 1419 cane
1497 1379 1649 1427 &lupo
1693 1387 1925 1427 conceptam.
1979 1381 2118 1418 Homi-

1149 1448 1214 1473 nes
1244 1446 1355 1485 porro
1385 1433 1492 1471 variis
1521 1431 1644 1468 modis
1673 1429 1805 1465 llmdae
1833 1430 1903 1466 dici
1937 1439 2115 1478 potuere,

1150 1496 1190 1524 ut
1221 1486 1246 1523 fi
1276 1486 1358 1535 quis
1385 1497 1431 1522 ex
1457 1484 1622 1531 ingenuo
1657 1482 1693 1518 ἃ
1717 1481 1846 1524 serVO‚
1873 1492 1917 1517 ex
1940 1482 2043 1519 servo
2076 1484 2114 1521 ὃς

1149 1537 1320 1575 libertino
1356 1543 1462 1573 natus
1492 1532 1579 1571 effet
1616 1531 1731 1570 Ibrida
1768 1531 1966 1569 dicebatur.
2018 1532 2113 1572 Item

1149 1588 1175 1626 fi
1203 1589 1283 1638 quis
1319 1596 1461 1637 patrem
1494 1586 1531 1622 ὅ(
1562 1586 1719 1621 matrem
1762 1582 1922 1620 diversae
1958 1584 2114 1622 nationis

1147 1640 1312 1678 haberet.
1354 1637 1552 1675 Suetonius
1572 1633 1762 1683 Augusto:
1790 1636 1874 1670 Item
1895 1634 2025 1680 Asinii
2045 1637 2120 1684 Epi-

1148 1690 1224 1726 cadi
1251 1705 1292 1725 ex
1315 1701 1417 1739 gente
1447 1687 1640 1735 l’arthyna,
1678 1683 1864 1732 Hybridae.
1918 1684 1999 1722 Post
2028 1698 2122 1733 opu-

1149 1741 1384 1778 lentiffimam
1415 1736 1570 1775 meffem
1590 1740 1628 1775 ὃ(
1647 1736 1874 1773 uberrimum
1897 1734 2120 1784 spicilegium

1152 1792 1432 1829 clariffimorum
1463 1790 1631 1826 virorum
1653 1815 1662 1832 ‚
1696 1786 1891 1825 Torrentii
1923 1788 1961 1824 &
1989 1787 2123 1824 Casau-

1150 1842 1240 1880 boni
1271 1854 1349 1879 non
1379 1852 1514 1877 vereor
1547 1837 1768 1877 emendare:
1796 1853 1838 1873 ex
1857 1849 1958 1888 gente
1982 1839 2124 1890 Parthy-

1151 1909 1195 1931 na
1225 1892 1363 1930 lbridae.
1392 1891 1507 1929 Haud
1537 1891 1646 1929 dubie
1670 1889 1815 1927 Asinius
1840 1889 1922 1930 ille,
1947 1890 2118 1934 Romae,

1151 1953 1254 1994 patre
1291 1945 1481 1991 Parthyno
1504 1970 1514 1986 ‚
1558 1950 1679 1980 matre
1720 1939 1843 1977 Italica
1882 1946 1986 1976 natus
2027 1940 2120 1986 fuit,

1151 1996 1315 2045 ideoque
1343 1994 1456 2031 Ihrida
1495 1993 1611 2030 didius
1686 1991 1837 2028 Parthus
1866 1999 1991 2027 autem
2021 1997 2122 2033 marg

1153 2047 1305 2089 {mestos
1334 2045 1382 2082 est
1411 2044 1520 2091 Seph.
1543 2043 1680 2091 Turpis
1701 2039 1813 2089 glossa
1842 2041 2006 2079 inhaeret
2035 2041 2122 2079 loco

1152 2098 1265 2136 Hirtii
1291 2109 1337 2134 an
1370 2095 1514 2144 Oppii,
1563 2094 1608 2132 de
1647 2093 1744 2130 bello
1777 2091 1893 2129 Afric.
1946 2095 2122 2129 Praeterea

1152 2163 1193 2184 ex
1208 2152 1295 2198 fuga
1314 2149 1511 2198 praelioque
1523 2149 1748 2195 Pompejaszo,
1763 2158 1844 2192 quos
1855 2145 1966 2191 ficum
1988 2142 2125 2180 &Brun-

1149 2199 1241 2246 dufio
1266 2201 1556 2247 transportaverat
1577 2225 1589 2240 ‚
1626 2197 1752 2243 equites
1781 2198 1962 2231 Germanos
1994 2196 2127 2243 Gallos:-

1151 2264 1235 2301 que,
1264 2250 1374 2297 ibique
1401 2252 1511 2296 postea
1540 2262 1582 2282 ex
1603 2246 1725 2282 llJridis
1757 2246 1924 2281 llbertmis
1947 2248 2120 2293 servsque

1150 2302 1394 2352 conscripserat.
1446 2297 1620 2335 Dedecus
1650 2298 1686 2334 S<
1709 2297 1914 2344 corruptela
1943 2296 2049 2344 hujus
2068 2296 2123 2333 lo-

1152 2352 1185 2389 Ci
1208 2381 1217 2394 ,
1255 2363 1366 2401 quam
1398 2348 1471 2386 dlx]
1495 2377 1505 2394 ,
1544 2349 1592 2386 est
1622 2347 1711 2385 illud
1740 2347 1907 2383 libertinis
1934 2349 2118 2395 seri-isque.

1149 2403 1344 2440 Postremo
1376 2399 1488 2437 lbrida
1517 2398 1705 2437 dicebatur
1740 2397 1765 2434 fi
1790 2399 1869 2448 quis
1904 2398 2022 2435 mixto
2050 2397 2121 2433 ser-

1154 2454 1277 2491 monis
1305 2463 1441 2501 genere
1470 2459 1642 2488 uteretur.
1698 2447 1789 2486 Inde
1820 2457 2010 2498 exponunt
2030 2446 2117 2484 illud

1155 2506 1290 2543 Horat.
1321 2505 1425 2540 [ast.
1454 2502 1525 2539 Sat.
1549 2514 1582 2549 7.
1619 2500 1734 2537 Ihrida
1765 2514 1828 2549 quo
1849 2502 1945 2548 sufflo
1969 2499 2011 2541 fit
2040 2500 2116 2532 Per-

1148 2557 1220 2604 fius
1241 2558 1343 2592 ultus.
1371 2553 1565 2591 COLER.
1606 2555 1740 2600 Propter
1768 2551 1928 2593 obfi’urum
1958 2553 2009 2587 ius
2033 2549 2118 2582 civi-

1155 2609 1238 2644 tatis
1266 2604 1424 2654 Hybrida
1450 2606 1710 2654 cognominatus.
1763 2600 1914 2638 Colerus
1942 2598 2011 2653 leg-i
2041 2597 2119 2654 vult:

1156 2658 1282 2695 llamda.
1337 2658 1483 2694 Verum
1527 2656 1673 2694 codices
1701 2652 1828 2691 Brand.
1864 2652 1901 2687 ἃ
1931 2657 2117 2704 antiquio-

1154 2722 1209 2748 res
1244 2709 1339 2758 typis
1376 2708 1526 2756 expreffi
1562 2707 1697 2744 habent
1726 2699 1886 2749 Hybrida.
1940 2700 2019 2736 Nec
2053 2698 2116 2736 ali-

2151 261 2185 292 65

2221 361 2302 431 3urb.

2130 447 2189 472 686
2216 443 2325 474 Livius

2129 493 2163 514 vx
2174 494 2198 514 1.
2222 490 2268 515 16.

2126 525 2287 558 Plutarchi

2129 569 2286 600 Camillo.

2129 616 2214 642 Ann.
2238 613 2308 642 urb.

2132 660 2199 695 39⁶·
2217 653 2327 686 Livius

2129 711 2196 733 vir.
2222 701 2270 727 16.

2131 743 2211 774 Plut·
2235 739 2297 768 Ca·

2131 786 2211 816 mill.
2229 780 2309 812 Plin-

2133 830 2243 859 xvu1·
2270 833 2299 858 3·

1155 2770 1210 2799 ter
1237 2772 1312 2799 vox
1342 2760 1467 2808 scripta
1493 2759 1669 2807 reperitur
1699 2752 1792 2800 apud
1820 2750 1975 2787 Plinium
2010 2752 2047 2786 ἃ*
2077 2750 2141 2786 d·-

1154 2813 1236 2850 lios.
1289 2811 1425 2848 Plinius
1457 2822 1492 2846 v.
1527 2822 1582 2858 52.
1618 2807 1663 2844 de
1690 2803 1827 2840 suibus:
1866 2804 1905 2837 In
1935 2802 2026 2836 nullo
2052 2815 2115 2851 ge-

1153 2879 1226 2901 nere
1252 2877 1355 2911 aeque
1377 2863 1494 2909 fusilis
1518 2863 1663 2896 mixtura
1683 2868 1750 2889 stt-m
1770 2855 1865 2899 fero.-
1889 2853 2035 2909 qua-liter
2056 2865 2118 2887 na.

1153 2926 1201 2951 tos
1231 2918 1367 2965 antiqui
1389 2911 1562 2960 Hybridas
1588 2907 1769 2945 vmalmnt:
1793 2903 1836 2939 ad
1866 2903 2010 2939 hommes
2039 2917 2119 2951 quo-

1153 2981 1237 3016 qne,
1265 2977 1299 3003 ut
1321 2969 1358 3003 C.
1383 2966 1585 3004 Antonium
1601 2988 1609 3001 ,
1634 2956 1794 2994 Cimonis
1815 2957 1850 2990 in
1871 2955 2040 3003 consulatu
2059 2953 2119 2988 rol-

1152 3020 1286 3069 Iegam,
1313 3018 1537 3068 appellanone
1564 3011 1745 3052 :t-anslata.
1773 3007 1965 3045 VORST.

1611 3062 1715 3109 Yyy
1752 3069 1775 3106 y
1811 3069 1832 3095 2
1973 3065 2025 3101 14.
2054 3057 2117 3090 Le-
