2516 3509
390 118 500 189 908
639 98 1218 163 ANTONII
1289 94 2193 160 SCHULTINGII

388 210 608 279 plerisque
638 207 765 255 libris
796 203 969 252 exstare
1001 200 1188 248 testatur
1221 197 1285 245 V.
1322 195 1380 241 C.
1411 195 1567 253 Justus
1599 196 1781 261 Lipsius
1805 198 2012 260 Praefeffli
2042 202 2185 247 Urbis.
2222 216 2276 247 ac
2306 199 2404 264 pla-

389 291 464 324 cet
495 279 631 322 etiam
659 273 780 321 Viro
806 266 1082 318 Do&iffimo
1121 261 1328 327 Scipioni
1356 260 1536 307 Gentili
1562 263 1620 308 ad
1644 263 1814 322 Apulej.
1852 266 2019 327 Apolog.
2056 283 2095 311 n..
2127 281 2206 329 45.
2242 265 2403 313 ambo-

387 358 477 406 que
499 343 544 387 id
564 338 689 404 quod
713 338 790 383 hic
814 334 1082 382 adscribitur
1105 331 1163 377 C.
1188 327 1369 385 Pisoni,
1405 325 1569 371 referre
1593 341 1818 373 conantur
1851 328 1906 374 ad
1929 328 1986 374 L.
2009 328 2245 391 Pisonem,
2266 332 2400 377 Prae-

388 407 560 454 fest'um
588 405 704 452 Urbi
728 402 806 449 sub
831 400 1027 448 Tiberio
1046 432 1060 457 ,
1097 398 1227 460 cujus
1251 391 1459 439 meminit
1473 392 1667 438 Tacitus
1688 395 1845 438 Annal.
1880 394 2144 456 lib.v1.sscap.
2167 413 2237 444 10.
2253 398 2305 448 {5²
2325 412 2341 443 1
2359 412 2398 443 1,

391 488 553 519 verum
593 482 770 535 praeter
806 466 1044 513 discrimen
1075 463 1193 508 inter
1228 473 1504 524 praenomen
1531 478 1545 513 3
1594 458 1668 503 cui
1701 471 1854 503 tamen
1889 456 1969 503 soli
2004 475 2096 506 non
2125 460 2399 525 insisterem,

389 536 503 584 illud
539 537 689 582 notari
719 546 947 590 meretur,
980 532 1059 576 vix
1083 527 1222 573 ullam
1250 525 1430 570 illorum
1447 556 1462 581 ,
1498 538 1610 584 quae
1636 522 1716 568 illo
1739 536 1949 586 tempore
1970 524 2244 585 acciderint,
2272 544 2401 577 men..

388 604 564 650 tionem
602 601 697 647 sieri
735 617 760 645 a
782 598 969 645 Valerio
994 593 1234 642 Maximo:
1285 589 1333 635 δί
1366 586 1650 634 praescetum
1678 587 1798 634 Urbi
1830 587 1908 633 sub
1933 588 2129 635 Tiberio
2165 591 2398 643 bonorum

387 666 670 732 posl'esliones
695 662 857 710 dedisse
876 661 996 708 unde
1020 654 1320 723 probabitur?
1347 653 1507 700 Nimis
1527 652 1666 715 longe
1686 653 1883 715 petitum
1906 651 1999 711 est,
2032 654 2159 717 quod
2172 657 2397 722 Apulejus

389 747 537 780 narrat
569 735 611 777 in
640 734 812 791 Apolog.
842 743 884 788 pi
904 742 1008 789 274.
1047 723 1254 771 Lollium
1279 718 1512 766 Urbicum
1536 717 1592 763 de
1614 717 1767 779 aliquo
1793 717 2064 764 testamento
2087 724 2417 783 pronunciasse·

389 799 436 844 id
465 811 612 846 ratum
648 795 731 842 esse
767 794 954 840 debere:
1004 791 1050 836 ἃ
1086 798 1298 834 occurrat
1330 786 1378 830 in
1413 782 1780 846 inscriptionibus
1809 782 1968 846 aliquis
1989 784 2169 832 Lollius
2192 785 2396 836 Urbicus

383 862 643 910 P1⁴aefe5tus
677 860 799 908 Urbi
831 857 952 922 apud
984 857 1240 904 Gruterum
1270 866 1313 911 p.
1355 848 1425 912 38.
1461 848 1641 909 iaegfmpt.
1672 863 1742 912 ¹3·
1779 864 1886 893 cum
1922 863 2236 914 praeterquam
2269 854 2394 916 quod

379 929 429 975 in
465 927 618 974 eadem
654 925 948 988 inscriptione
985 919 1105 985 apud
1131 918 1298 983 Aldum
1329 915 1605 962 Manucium
1641 917 1682 960 in
1706 914 1988 976 Orthcgraeph.
2016 929 2059 974 p.
2083 924 2159 977 46.
2198 933 2291 963 non
2327 919 2393 965 lc-

377 1008 515 1059 gatur
539 995 732 1038 PRAEF.
768 989 840 1036 sed
863 990 1063 1035 PRAET.
1086 984 1205 1030 unde
1237 982 1372 1028 etiam
1397 979 1591 1042 liquebit
1624 978 1835 1024 eumdem
1861 995 1967 1025 cum
1993 980 2135 1043 priori
2169 982 2292 1029 hunc
2328 984 2392 1031 es.

382 1059 512 1115 1e3&
530 1069 756 1122 praeterea
777 1055 887 1101 dum
902 1050 1156 1101 Praefeotus
1180 1049 1267 1095 fuit
1289 1045 1399 1093 illud
1421 1044 1761 1109 pronunciasse,
1783 1044 1855 1091 vel
1879 1046 2013 1091 etiam
2037 1045 2266 1095 bonorum
2289 1050 2390 1112 pos-

379 1124 610 1172 sessionem
645 1119 835 1167 dedisse?
1461 1168 1463 1170 Ι

452 1187 716 1249 ίόηβίιιιίίο]
759 1187 871 1233 Hoc
895 1183 989 1242 est,
1025 1181 1277 1228 decretum.
1314 1178 1384 1223 Ita
1409 1177 1578 1223 Seneca
1595 1176 1644 1220 de
1667 1175 1870 1236 beneficiis
1893 1177 1963 1221 lib.
1985 1191 2053 1223 ιν.
2077 1192 2162 1237 cap.
2186 1177 2254 1242 38,
2278 1196 2390 1227 con-

387 1255 675 1304 :stitutionem
699 1264 838 1299 vocat
862 1250 987 1314 quod
1010 1260 1140 1294 antea
1165 1244 1476 1291 nominaverat
1506 1241 1772 1298 decretum,
1808 1241 1854 1285 in
1879 1240 2000 1287 hisce
2023 1242 2185 1289 verbis.
2237 1249 2390 1292 Praebe

386 1324 431 1368 in
447 1321 565 1383 facie
592 1333 668 1365 tua
694 1318 901 1381 legendum
924 1315 1032 1361 illud
1051 1314 1285 1365 decretum,
1319 1325 1395 1371 quo
1415 1318 1614 1363 cavetur,
1645 1323 1691 1351 ne
1712 1304 1875 1365 mfferos
1899 1312 2002 1353 ῑεὲἶο
2021 1309 2188 1368 juvare
2211 1314 2390 1370 capitale

378 1391 455 1449 fit.
526 1387 673 1446 [Magis
698 1385 776 1446 ista
813 1381 1036 1441 constitzttz'o
1055 1381 1119 1438 fic
1150 1387 1243 1422 erat
1279 1385 1405 1432 rata,
1441 1375 1632 1434 quamsi
1667 1374 1785 1417 illam
1817 1374 1860 1416 in
1888 1388 1956 1417 aes
1982 1375 2216 1432 incidiſjbm.

394 1448 399 1452 ’
454 1454 677 1496 Terentius
712 1467 762 1494 ex
795 1454 878 1494 οὲῗο
897 1444 1032 1507 filiis]
1074 1442 1162 1489 Vir
1183 1440 1394 1506 egregius
1414 1439 1451 1496 J.
1477 1435 1660 1500 Lipsius
1681 1436 1833 1482 mallet
1855 1453 1943 1482 cum
1966 1443 2074 1484 05²0:
2109 1438 2180 1484 sed
2203 1439 2387 1502 sequen-

380 1517 446 1563 tia
469 1515 710 1561 ostendunt
735 1514 932 1576 reliquos
957 1506 1133 1556 nonnisl
1158 1506 1326 1570 septem
1351 1502 1503 1562 fuiffe,
1539 1517 1774 1564 unumque
1798 1516 1854 1548 ex
1881 1501 1988 1549 odito
2019 1503 2388 1568 inssadoptionem

384 1581 542 1628 datum
567 1579 810 1626 naturalem
837 1591 1009 1642 patrem
1032 1570 1330 1620 exheredasse.

411 1648 530 1692 -Ab
553 1663 629 1691 uno
649 1648 693 1690 in
714 1645 967 1706 adoptionem
999 1642 1097 1685 dato
1129 1637 1424 1684 exheredatum
1443 1633 1520 1697 fh]
1560 1633 1719 1680 Liberi
1752 1633 1952 1696 primum
1985 1632 2156 1682 admiffi
2177 1635 2401 1684 videntur

384 1711 441 1758 ad
474 1709 766 1775 inpugnanda
800 1720 1041 1772 parentum
1076 1703 1342 1750 testamenta
1366 1716 1434 1761 pr.
1475 1699 1569 1758 Inst.
1607 1700 1655 1744 de
1691 1697 1898 1760 inofficiqss
1931 1700 2156 1757 testament.
2191 1713 2384 1765 utpote,

381 1775 547 1840 quibus
583 1773 790 1821 naturalis
818 1774 963 1829 ratio,
995 1768 1117 1832 quasi
1147 1768 1220 1813 lex
1258 1764 1474 1829 quaedam
1508 1764 1672 1822 tacita,
1706 1764 1962 1827 parentium
1987 1765 2284 1811 hereditatem
2309 1767 2387 1813 ad-

383 1842 534 1900 dicat,
565 1841 691 1886 velut
714 1838 767 1884 ad
790 1837 990 1883 debitam
1022 1830 1340 1879 successionem
1371 1846 1447 1874 eos
1471 1828 1680 1874 vocando
1712 1832 1739 1874 l.
1757 1845 1800 1889 7.
1831 1844 1899 1888 pr.
1925 1833 1981 1873 D.
2014 1831 2064 1875 cle
2092 1832 2183 1875 bon.
2209 1832 2385 1878 damna-

386 1920 466 1954 tor.
502 1907 549 1953 Si
572 1918 748 1962 tamen,
782 1902 966 1949 turbato
991 1897 1280 1944 mortalitatis
1303 1893 1488 1952 ordine,
1523 1894 1652 1939 liberi
1674 1892 1735 1938 sui
1757 1895 1863 1955 juris
1884 1893 1988 1940 faeti
2005 1928 2019 1953 ,
2054 1911 2137 1941 nec
2167 1895 2247 1958 ipsi
2272 1896 2382 1942 libe..

387 1988 462 2020 ros
494 1971 733 2028 habentes,
770 1979 973 2032 parentes
1002 1961 1298 2018 excluserint,
1336 1960 1404 2005 his
1427 1975 1610 2022 quoque
1633 1951 1756 2003 idem⁸
1782 1958 2031 2004 remedium
2056 1959 2382 2007 adcommoda-

389 2051 490 2085 tum
516 2036 579 2081 est
601 2044 638 2092 §.
659 2051 697 2081 1.
726 2035 822 2094 lnst.
852 2035 880 2078 l.
901 2045 970 2093 ις’.
999 2043 1066 2090 pr.
1104 2030 1161 2072 D.
1194 2028 1242 2072 de
1279 2023 1489 2085 inofficioss
1521 2025 1749 2084 testament.
1790 2024 1993 2084 quamvis
2029 2024 2158 2071 liberi
2195 2027 2239 2072 in
2273 2027 2382 2073 ado—

386 2104 598 2166 ptionem
634 2099 728 2145 dati
760 2098 928 2146 fuerint
956 2098 1073 2148 Lao.
1106 2107 1171 2153 pr·
1198 2095 1251 2136 D.
1278 2092 1317 2137 d.
1348 2103 1380 2136 t.
1414 2089 1605 2135 obtenta
1639 2102 1792 2134 tamen
1830 2089 1954 2151 prius
1976 2088 2031 2135 ab
2063 2089 2272 2137 intestato
2295 2092 2380 2138 bob

385 2183 550 2215 norum
575 2163 836 2229 possessione
871 2160 1005 2207 Unde
1038 2158 1253 2224 cognati,
1289 2155 1538 2201 secundum
1572 2167 1677 2200 ante
1705 2170 1729 2199 a
1754 2153 1885 2199 nobis
1914 2153 2101 2202 tradita:
2137 2156 2247 2203 haec
2271 2174 2379 2204 vero

385 2233 478 2297 ipsa
508 2244 560 2278 ut
596 2230 685 2277 fine
719 2226 984 2291 cuiusquam
1014 2224 1178 2288 injuria
1209 2238 1265 2268 ex
1289 2220 1424 2268 ediffi
1450 2219 1608 2266 ordine
1638 2219 1835 2265 obtineri
1858 2220 2091 2282 potuerit,
2127 2239 2241 2281 opus
2267 2221 2384 2280 suit,

383 2312 439 2345 ut
459 2297 532 2344 vel
553 2294 629 2342 hic
654 2295 772 2341 filius
793 2294 847 2340 ab
869 2291 1088 2355 adoptivo
1111 2302 1238 2353 patre
1260 2287 1569 2349 emancipatus
1597 2285 1762 2343 fuerit,
1798 2283 2001 2347 adeoque
2023 2284 2182 2332 eodem
2205 2287 2385 2334 habitus

384 2365 521 2421 loc0,
556 2378 649 2426 quo
671 2359 844 2416 suisset,
877 2357 910 2404 si
932 2374 955 2403 a
980 2355 1168 2401 naturali
1195 2366 1321 2416 patre
1345 2351 1493 2398 fuisset
1516 2351 1852 2414 emancipatus,
1887 2349 1935 2395 &
1961 2350 2008 2396 in
2031 2363 2183 2397 totum
2211 2353 2382 2400 oblitus

386 2428 629 2492 adoptivae
658 2424 850 2471 familiae
882 2426 909 2468 l.
930 2427 1008 2468 66.
1045 2429 1081 2476 §.
1103 2427 1147 2466 6.
1183 2423 1240 2464 D.
1279 2420 1327 2464 de
1358 2421 1430 2463 rit.
1465 2420 1648 2476 nuptiar.
1696 2428 1856 2461 contra
1889 2416 2091 2477 qualium
2123 2416 2385 2464 testamenta

385 2495 482 2541 dari
515 2492 741 2558 querelam
777 2487 980 2544 constat,
1017 2485 1178 2547 illaque
1205 2485 1278 2546 jus
1314 2484 1554 2545 antiquum
1587 2495 1780 2527 vocatur
1815 2483 1841 2525 l.
1872 2495 1911 2525 1.
1948 2489 1983 2536 §.
2012 2484 2086 2527 ulf.
2112 2486 2170 2527 D.
2206 2488 2240 2541 fi
2264 2498 2383 2544 apa-

382 2571 490 2608 rent.
526 2561 615 2620 quis
647 2555 880 2614 manumzff
900 2556 976 2612 fit.
999 2549 1071 2596 vel
1093 2547 1357 2612 ponendum
1383 2548 1472 2605 est,
1506 2546 1776 2610 adoptivum
1807 2557 1978 2607 patrem
2005 2546 2155 2609 capite
2176 2538 2384 2594 deminu-

383 2641 486 2676 tum
511 2623 664 2682 fuisse,
698 2619 941 2676 videlicet,
976 2633 1000 2661 a
1020 2629 1146 2678 patre
1175 2613 1253 2659 suo
1282 2613 1649 2676 emancipatum,
1666 2610 1902 2673 nullosque
1924 2610 2088 2657 liberos
2107 2612 2244 2672 alios,
2281 2614 2384 2659 reli-

386 2689 558 2756 quisse3
597 2692 740 2751 (quos
765 2684 904 2731 etiam
931 2681 1010 2745 qui
1032 2679 1200 2726 habent
1222 2679 1294 2726 vel
1321 2678 1529 2743 sperant,
1565 2676 1782 2740 adoptare
1814 2691 1909 2722 non
1942 2674 2113 2735 solent)
2151 2678 2213 2724 ita
2246 2694 2384 2725 nemo

385 2758 453 2806 illi
477 2752 763 2819 adgnationis
780 2748 852 2797 vel
873 2745 1139 2813 gentilitatis
1156 2746 1259 2809 jure
1280 2745 1497 2809 potuisset
1518 2742 1769 2789 succedere.

414 2817 713 2885 „Qerelanss
751 2815 962 2864 Verbum
986 2811 1076 2857 hoc
1099 2809 1154 2855 de
1178 2809 1262 2855 illis
1284 2810 1595 2874 praedicatur,
1631 2809 1710 2871 qui
1733 2805 1989 2855 verecunde
2017 2808 2309 2871 expostulant
2342 2825 2386 2856 a-

388 2885 485 2952 pud
507 2884 790 2948 magistratus
813 2880 868 2926 de
889 2877 1062 2944 injuriis
1086 2891 1273 2934 eorum,
1307 2890 1468 2922 contra
1487 2890 1600 2938 quos
1626 2872 1722 2938 ipso
1738 2875 1840 2936 jure
1860 2872 1978 2919 actio
2002 2872 2107 2938 ipsis
2137 2890 2231 2920 non
2255 2890 2383 2920 com-

381 2949 527 3021 petit,
559 2950 703 2996 veluti
726 2963 834 2994 cum
858 2941 1047 2991 fervide
1067 2940 1264 2987 dominis
1287 2953 1539 3002 queruntur
1568 2939 1666 3002 §.2.
1700 2939 1802 2999 last.
1835 2941 1863 2984 l.
1881 2954 1923 2984 2.
1965 2942 2024 2986 D.
2060 2939 2108 2985 cle
2130 2940 2195 2985 his
2227 2943 2295 3000 qui
2310 2937 2385 3000 fici

381 3015 723 3078 velalienijur.
757 3012 879 3079 fimt.
909 3012 939 3059 l.
967 3024 1006 3056 1.
1043 3015 1078 3067 §-
1105 3004 1150 3054 8.
1184 3008 1244 3052 D.
1279 3008 1328 3053 de
1362 3005 1462 3067 offic.
1502 3004 1704 3068 praefeffz‘.
1750 3004 1840 3051 urb.
1882 3003 2009 3069 quod
2042 3005 2179 3051 etiatfi
2207 3002 2387 3115 nffivit

2319 3083 2389 3115 tn„
