2516 3509
328 99 458 155 DE
532 96 960 155 sTunlo
1032 98 1166 156 ET
1243 97 1924 160 INDUSTRM.
2018 123 2129 181 737

107 202 233 268 quasi
267 204 500 269 negligens
535 204 714 267 imperii
747 205 957 265 vidtoris,
993 205 1321 262 obtruncatus,
1342 204 1556 268 sanguine
1590 204 1668 254 suo
1704 210 1810 256 artis
1842 209 1941 257 suae
1975 211 2110 258 linea-

109 293 260 328 menta
292 281 518 328 confudit.
584 281 700 341 Qo
734 280 903 327 accidit
923 313 938 340 ‚
983 295 1038 329 ut
1070 295 1260 346 propter
1295 279 1415 326 idem
1452 281 1650 329 studium
1684 284 1828 332 modo
1863 286 2108 335 donaretur

109 362 228 420 vita,
266 361 407 407 modo
443 358 724 424 spoliaretur.

177 439 413 485 Socratem
442 437 585 482 etiam
621 434 798 482 constat
832 449 977 485 aetate
1020 440 1292 503 provectum
1327 437 1494 486 fidibus
1528 439 1771 487 t1·a5‘candis
1804 459 1988 506 operam
2029 443 2104 490 da·
2213 460 2246 497 3,

106 532 158 562 -re
191 517 415 581 coepisse,
450 515 580 562 satius
613 514 898 579 judicantem
928 519 1023 582 ejus
1054 520 1158 566 artis
1192 517 1321 565 usum
1356 517 1478 577 sero,
1513 535 1650 581 quam
1685 536 1915 583 nunquam
1952 525 2094 586 perci·
2119 508 2212 590 522?
2229 513 2305 585 {fug

106 612 225 660 pere.
296 602 339 635 7Ο
376 596 438 641 Et
473 593 687 658 quantula
721 595 899 641 Socrati
933 596 1119 644 accessio
1153 597 1231 644 ista
1265 596 1418 643 futura
1451 595 1661 644 scientiae
1694 599 1820 646 erat?
1856 600 1927 647 sed
1965 594 2335 668 perti-{fiffs‘ssffi'fqs

109 690 196 721 nax
231 673 428 719 hominis
461 671 701 729 industria,
737 673 873 718 tantis
905 672 1137 722 do.6t1·inae
1170 673 1268 721 suae
1301 674 1471 722 divitiis
1505 677 1641 722 etiam
1679 678 1887 726 Musicae
1921 682 2104 728 rationis

111 759 148 791 7¹
191 751 450 799 viliffimum
494 751 768 796 elementum
805 750 1017 798 accedere
1050 753 1214 799 voluit.
1282 753 1412 817 Ergo
1456 752 1565 799 dum
1598 755 1652 800 ad
1686 755 1948 805 discendum
1992 760 2103 806 sem-

111 846 192 893 per
227 837 268 869 7Ζ
307 829 348 876 se
382 844 626 893 pauperem
661 827 881 887 credidit,
917 829 972 875 ad
1005 829 1266 877 docendum
1304 831 1414 877 fecit
1446 831 1487 878 se
1523 832 1942 896 locupletiffimum.

177 910 333 973 Atque
375 922 429 954 ut
472 907 638 968 longae
672 905 721 951 &
754 904 897 951 felicis
941 906 1180 954 industriae
1221 908 1345 971 quasi
1390 911 1438 956 in
1470 927 1612 956 unum
1647 928 1860 960 acervum
1897 919 2105 980 exempla
2203 944 2239 978 9·

109 986 398 1050 redigamus,
446 982 658 1029 Isocrates
704 981 1028 1034 nobiliffimum
1073 985 1239 1031 librum
1263 1019 1279 1044 ‚
1332 986 1409 1048 qui
1455 986 1712 1035 inscribitur
1756 995 2062 1046 Παναθῖωιιῖκός
2087 979 2187 1057 ,ξὲ
2215 983 2312 1012 ⁶²⁹²

105 1080 316 1131 quartum
343 1064 392 1109 &2
411 1060 753 1125 nonagesimum
793 1079 960 1109 annum
995 1079 1158 1127 agens,
1194 1065 1256 1111 ita
1278 1071 1319 1103 73
1345 1079 1395 1112 ut
1418 1066 1508 1129 ipse
1530 1066 1780 1131 fignificat,
1817 1075 2102 1137 composuit,

103 1162 223 1209 opus
258 1142 451 1191 ardentis
485 1139 663 1202 spiritus
698 1141 899 1204 plenum.
935 1142 1008 1188 Ex
1030 1158 1122 1204 quo
1150 1156 1358 1207 apparet,
1393 1144 1716 1193 senescentibus
1753 1152 1967 1200 membris
2001 1171 2101 1203 eru—

108 1221 342 1278 ditorum,
367 1220 487 1265 intus
522 1219 694 1265 animos
728 1216 970 1267 industriae
1004 1221 1232 1269 beneficio
1265 1224 1427 1270 florem
1456 1227 1671 1289 juventae
1702 1229 1906 1276 retinere.
1933 1239 1976 1270 74
2001 1234 2101 1280 Ne-

2014 1330 2103 1376 que

107 1441 304 1479 exponens
332 1429 503 1467 Muficen
537 1441 664 1468 earum
696 1442 820 1469 rerum
852 1429 947 1477 effe,
984 1444 1081 1483 quae

115 1482 197 1518 sunt
225 1482 409 1518 inferioris
440 1482 476 1517 δε
499 1483 675 1518 materiae
701 1482 868 1520 levioris:
902 1482 999 1521 reete
1027 1496 1083 1521 er-

114 1543 165 1579 go
206 1531 295 1569 dixit
335 1531 525 1578 vilissimum
569 1534 773 1570 elementum.
824 1534 859 1570 Si
896 1534 1082 1573 Oliverius

117 1582 277 1619 aufioris
306 1591 473 1619 mentem
502 1583 691 1620 attendere
710 1583 905 1628 voluiffet,
932 1587 995 1634 qui
1015 1587 1079 1623 So-

1185 1445 1242 1480 72.
1268 1440 1312 1472 Se
1335 1445 1510 1485 pauperem
1539 1433 1694 1484 credidit]
1720 1435 1828 1474 MSS.
1854 1439 2017 1489 quinque
2042 1441 2107 1480 hie

1133 1483 1280 1530 delent,
1293 1489 1331 1534 se
1344 1502 1354 1530 ;
1368 1488 1532 1536 quinque
1550 1486 1610 1524 alii
1631 1496 1758 1525 contra
1781 1488 1959 1528 omittunt
1979 1493 2102 1539 postea

1134 1544 1220 1574 ante
1248 1537 1537 1588 locupletffmum.

1184 1599 1245 1644 73.
1273 1593 1314 1623 Ut
1344 1591 1412 1637 ipse
1429 1587 1619 1638 fignificat]
1650 1588 1708 1626 Sic
1737 1589 1876 1638 primus
1907 1589 2020 1629 edidit
2035 1593 2098 1631 Pi-

116 1633 223 1670 cratis
250 1632 459 1669 industriam
492 1632 640 1670 laudare
669 1634 769 1677 vult,
796 1635 900 1683 quod
927 1636 1008 1684 post
1038 1649 1080 1674 οω

115 1683 261 1720 mnium
294 1682 551 1731 Philosophiae
583 1685 740 1732 partium
772 1685 1078 1734 acquisitionem,

116 1732 288 1770 Musicen
318 1742 496 1781 tanquam
529 1735 783 1782 colophonem
814 1737 986 1773 omnium
1016 1737 1079 1774 ad-

109 1785 267 1833 jungere
292 1795 369 1821 non
399 1783 625 1832 neglexerit,
653 1797 731 1823 non
756 1786 804 1823 ita
833 1785 1078 1834 ineptiviffet,

113 1834 174 1872 sed
206 1833 318 1871 credo
340 1834 499 1872 Mufices
526 1835 743 1872 suavitatem
774 1836 823 1873 illi
851 1849 982 1885 parum
1009 1849 1080 1884 no-

110 1893 188 1922 tam
212 1882 325 1922 fuisse.
344 1885 616 1923 GLAREAN.
644 1886 853 1934 Utiliffimum
872 1890 1079 1926 elementum.

111 1936 277 1973 Retraho
298 1948 434 1973 vocem
460 1936 700 1984 marginalem
725 1936 912 1984 viltffimum
937 1941 1077 1977 elemen-

111 1997 204 2029 tum,
227 1987 460 2035 quam&lib.
479 1988 575 2024 Dan.
593 1988 854 2035 habet.Quota
877 1990 977 2027 enim
991 1991 1079 2027 Mu-

113 2035 205 2073 sicae
235 2048 338 2084 pars,
364 2036 493 2074 fidibus
519 2036 674 2074 ludere?
707 2039 900 2076 COLER.
930 2041 1082 2087 Muficae

112 2088 255 2123 rationis
291 2087 479 2134 viliffimum
517 2089 722 2125 elementum.
775 2088 890 2126 Aldus
919 2092 957 2127 ὅ(
981 2091 1081 2128 hunc

111 2138 253 2175 secutus
288 2137 435 2185 Pighius
463 2136 674 2181 ediderant,
712 2141 813 2186 Mus.
849 2150 915 2177 rat.
953 2141 1081 2186 utiliffi.

112 2203 199 2225 mum
236 2190 442 2224 elementum.
494 2187 546 2224 At
578 2188 733 2225 Colerus
775 2189 975 2237 legendum
1014 2203 1081 2238 pu-

111 2246 164 2276 tat
189 2237 406 2286 vilissimum;
455 2237 559 2286 quod
595 2247 634 2275 ut
665 2238 840 2276 diversam
877 2239 1080 2280 lectionem

111 2290 283 2337 Pighius,
310 2290 347 2325 in
371 2289 537 2335 margine
566 2296 784 2326 notaverat:
812 2290 975 2338 quodin
996 2292 1079 2329 cod.

114 2341 154 2377 P.
184 2341 281 2377 Dan.
307 2340 344 2375 id
372 2339 570 2387 repererit,
599 2340 636 2376 ὃ(
656 2339 784 2377 fidibus
814 2351 944 2378 canere
961 2342 1082 2380 vilissi-

118 2403 180 2428 ma
202 2389 366 2426 Musicae
393 2401 471 2437 pars
499 2387 549 2425 fir.
602 2390 650 2426 Et
677 2391 761 2427 sane
780 2391 965 2436 wlzffi'mum
986 2402 1082 2430 uter-

113 2452 187 2491 que
207 2450 318 2478 etiam
340 2440 423 2477 cod.
451 2439 579 2476 Brand.
603 2440 725 2478 habet.
747 2442 941 2480 VORST.
964 2444 1082 2490 Wlff-

113 2506 202 2528 mum
230 2494 434 2527 elementum.
486 2490 602 2527 Recte
629 2500 732 2539 puto.
768 2492 929 2540 Thyfius
959 2495 1081 2532 nescio

112 2542 212 2579 unde
249 2542 359 2578 habet
396 2540 627 2588 utilzffimum..
663 2543 722 2580 Est
750 2554 884 2590 magna
916 2545 1080 2590 incuria,

111 2604 208 2642 quae
239 2592 357 2629 fraudi
389 2592 458 2629 fuit
475 2592 653 2638 Guyeto,
686 2600 727 2629 ut
758 2593 801 2630 ad
833 2605 916 2631 eam
948 2595 1081 2633 editio-

113 2655 201 2680 nem
241 2650 386 2679 notaret
424 2642 623 2690 legendum
664 2643 726 2680 fibi
761 2644 878 2681 videri
914 2646 1079 2694 inutiltffi.

116 2708 215 2730 mum.
266 2693 460 2740 Perperam
489 2695 680 2730 elementum
708 2695 883 2743 explicuit
912 2697 1080 2746 Guyetus

113 2744 265 2791 μελετίω
288 2742 449 2790 studium.
476 2744 610 2781 Horat.
1064 2764 1067 2766 ·

166 2797 289 2842 Restat
325 2805 362 2830 ut
403 2794 454 2829 his
481 2808 538 2843 ego
567 2809 616 2829 me
644 2795 710 2843 ipse
739 2810 880 2846 regam,
923 2799 1080 2848 solerque

249 2845 429 2880 elementis.
456 2844 672 2882 GUDIUS.
906 2882 907 2885 ,

116 2894 327 2942 Utilrffimum
354 2894 502 2932 dederat
530 2895 677 2942 Pighius
709 2897 746 2933 &
767 2896 836 2933 alii.
889 2897 960 2935 Sed
981 2901 1079 2948 ‘vilis-

113 2948 229 2995 fimum
260 2957 392 2983 omnes
416 2946 493 2982 fere
518 2946 625 2994 MSS.
654 2947 866 2994 praeferunt
895 2960 981 2987 cum
1011 2951 1080 2989 Ed.

111 2998 220 3047 Mog.
246 2998 343 3035 Ven.
371 2995 528 3034 Mediol.

1133 1637 1259 1685 ghius‚
1290 1651 1405 1687 quum
1439 1647 1545 1676 antea
1571 1639 1776 1688 legeretur,
1805 1644 1870 1676 Ita,
1890 1653 1926 1676 ut
1959 1644 2026 1691 ipse
2055 1645 2095 1687 11⁴-

1125 1691 1269 1737 gnificat
1283 1716 1294 1732 ‚
1320 1689 1422 1738 quod
1440 1690 1616 1727 undecim
1638 1690 1860 1728 confirmant
1880 1691 1986 1729 MSS.
2007 1694 2100 1731 Por-

1132 1749 1175 1775 ro
1205 1741 1464 1781 aemaeolwuxzdg
1499 1740 1536 1777 in
1569 1741 1675 1778 MSS.
1700 1742 1834 1789 partim
1865 1741 2012 1788 deerat,
2046 1744 2106 1782 lo—

1132 1799 1180 1826 co
1201 1800 1323 1826 vacuo
1345 1790 1495 1835 reneio,
1527 1791 1631 1840 quod
1661 1793 1774 1829 etiam
1805 1792 1944 1830 fastum
1973 1795 2010 1831 in
2036 1796 2104 1834 Ed„

1132 1840 1241 1888 Mog.
1266 1841 1399 1888 partim
1429 1841 1601 1890 scriptum
1636 1850 1713 1880 erat
1742 1844 1839 1881 notis
1857 1872 1867 1887 ‚
1901 1856 1990 1893 quas
2017 1845 2104 1884 affe-

1131 1891 1196 1939 qui
1234 1891 1294 1928 vix
1325 1891 1519 1940 quisquam
1550 1892 1657 1942 plane
1687 1894 1813 1942 possit,
1851 1896 1886 1931 in
1916 1896 1957 1933 iis
1986 1906 2105 1941 certe,

1125 1953 1226 1989 quos
1257 1953 1328 1990 ego
1358 1942 1446 1980 vidi.
1477 1944 1733 1980 nmaalusahsoo‘v
1759 1953 1886 1982 tamen
1906 1946 2002 1984 redte
2022 1949 2103 1986 scri-

1131 1990 1168 2028 bi
1196 2000 1345 2040 apparet
1376 2005 1421 2030 ex
1454 1993 1533 2043 ipfis
1564 1994 1727 2031 Isocratis
1755 1995 1873 2033 verbis
1909 2008 1986 2034 non
2016 1998 2099 2035 lon-

1127 2052 1178 2089 ge
1208 2042 1252 2079 ab
1273 2043 1392 2081 initio.
1420 2045 1574 2089 H'yg’pcou
1602 2039 1641 2093 28
1668 2046 1719 2089 ἐχ
1738 2046 1925 2090 ἁρμοἰ’ἲ,ειν,
1953 2048 2009 2085 ἕτε
2033 2051 2100 2091 τοῖς

1131 2092 1235 2129 ἔτεα-ιν
1263 2096 1328 2135 τοῖς
1358 2094 1529 2135 ἔννενῇκουῲι
1556 2100 1587 2145 ³5.)
1618 2095 1790 2136 τέω-αρσιν
1809 2124 1820 2140 ,
1857 2096 1896 2132 ὦν
1923 2098 1992 2141 ε’·γῶ
2018 2115 2098 2143 wy-

1132 2142 1227 2187 xdvas
1254 2144 1423 2186 γενένως,
1444 2147 1499 2182 3’9’
1523 2145 1606 2186 ὅλως
1634 2148 1697 2187 τοῖς
1719 2145 1779 2187 ἕδη
1806 2146 1930 2187 malm
1955 2148 2099 2194 ’ἔχεο-ιν,

1133 2192 1241 2229 ἷκε-’ἕνον
1263 2194 1289 2232 ³}
1316 2198 1431 2237 σξόπ-ον
1462 2195 1501 2231 ἐ’Ζι
1530 2195 1651 2239 λέγε-ιι

1183 2254 1242 2290 74.
1265 2248 1385 2294 Neque
1403 2246 1459 2281 boc
1476 2248 1558 2294 stylo
1580 2247 1734 2283 terminos
1755 2248 1850 2284 vitae
1867 2252 1947 2292 suae
1963 2251 2097 2301 claufit]

1133 2296 1253 2340 stylus
1279 2307 1347 2343 pro
1376 2296 1446 2343 ipsa
1467 2296 1675 2344 scriptione.
1728 2298 1819 2336 Vult
1847 2300 1955 2348 igitur
1974 2330 1983 2345 ,
2021 2303 2096 2339 Iso-

1135 2352 1275 2382 cratem
1307 2357 1383 2382 non
1412 2346 1530 2384 statim
1553 2346 1759 2393 decessisse,
1788 2361 1873 2388 cum
1903 2351 2032 2389 librum
2054 2352 2096 2388 iI-

1133 2393 1212 2431 lum
1240 2394 1421 2443 scripfiffet
1443 2411 1454 2439 ;
1499 2398 1560 2435 sed
1591 2399 1802 2448 aliquandiu
1831 2402 1950 2439 adhuc
1974 2402 2093 2450 super-

1134 2443 1250 2483 fuiffe.
1273 2447 1466 2485 VORST.
1693 2480 1696 2484 .

1183 2507 1242 2544 75.
1287 2498 1552 2538 admirationis
1588 2504 1658 2544 ejus
1685 2503 2090 2550 fruHumquinquenm'o

1128 2546 1287 2596 percepit]
1336 2548 1457 2597 Ipsum
1485 2549 1615 2588 librum
1650 2552 1813 2589 Isocratis
1839 2551 2089 2588 admirationem

1132 2606 1267 2641 vocat;
1293 2600 1399 2648 quod
1429 2601 1604 2638 homines
1630 2602 1730 2640 illum
1761 2611 1797 2638 ut
1828 2601 1848 2637 a
1874 2602 2085 2649 grandaevo

1126 2647 1301 2696 fitriptum
1326 2651 1531 2690 &summa
1558 2662 1684 2690 tamen
1712 2651 1878 2700 sapientia
1909 2653 2084 2691 refertum

1131 2699 1413 2739 ardmir'arentum
1442 2704 1516 2739 2Sic
1536 2706 1581 2740 s&
1606 2704 1707 2752 quod
1732 2713 1895 2739 amamus
1918 2730 1927 2744 ,
1970 2718 2086 2747 amor,

1128 2750 1170 2786 ὃ(
1192 2750 1295 2798 quod
1316 2752 1413 2790 odio
1425 2754 1704 2801 prosequimur,
1731 2754 1859 2794 odium,
1887 2754 1924 2789 &
1945 2753 1990 2790 de
2009 2766 2086 2803 quo

1126 2801 1335 2850 gaudeffius
1347 2803 1547 2854 {lgaudium
1567 2802 1714 2839 dicitur.
1765 2801 1881 2839 Porro
1901 2806 2088 2853 quinquen-

1131 2853 1185 2886 nio
1221 2852 1271 2888 ,est
1302 2864 1369 2900 pro
1387 2855 1680 2903 >'quidquennimn3
1719 2863 1834 2899 eaque
1864 2866 1958 2891 voce
1986 2854 2090 2904 signi-

1133 2900 1286 2945 ficatur,
1312 2913 1454 2952 quanto
1481 2914 1648 2950 tempore
1667 2902 1743 2949 post
1760 2903 1929 2951 scriptum
1953 2906 2085 2943 librum

1133 2951 1238 2989 istum
1267 2953 1437 3001 superstes
1460 2954 1586 2997 fuerit,
1617 2954 1988 3001 suaeque-industriae
2014 2958 2088 2993 fru—

1137 3001 1239 3041 d'tum
1265 3006 1414 3053 ceperit.
1465 3005 1597 3043 Cicero
1637 3003 1718 3040 Cat.
1762 3005 1818 3044 M.
1860 3008 1942 3043 Eum
1967 3006 2087 3042 librum

1630 3055 1724 3091 Aaa
1759 3067 1810 3092 aa
2034 3057 2095 3107 (μὶ
