2516 3509
432 146 552 201 DE
611 131 1192 202 DISCIPLINA
1257 147 1743 209 M1L1TAR1.
1984 169 2083 226 195

77 258 256 306 fecerat.
292 250 384 300 Sed
403 250 526 298 nulla
551 248 725 308 cladeS‚
760 248 938 296 nullum
960 246 1261 311 1neritum‚'8⁸
1284 251 1503 300 valentius
1523 255 1706 302 militari
1731 253 1964 320 disciplina
1980 256 2278 343 ἱὶιίῖ.ἓηῐιςη-Ἐῑῑκζῐέοἵ

75 333 381 389 Succurrebat
398 333 521 379 enim
542 330 626 378 illis
650 347 786 395 quam
811 331 1006 379 animosa
1031 332 1263 382 severitate
1283 334 1539 381 Tarentino
1563 333 1683 382 bello
1706 339 1897 401 majores
1921 354 2079 386 eorum
2093 329 2200 422 1261?²¹1
2203 347 2263 421 31?
2281 332 2292 338 “

73 416 140 463 us1
165 413 361 461 fuissent.
430 413 487 459 In
509 428 602 475 quo
625 410 830 474 quassatis
853 411 902 458 &
919 412 1083 459 attritis
1104 413 1244 476 Reip.
1264 413 1460 473 viribus,
1497 429 1604 459 cum
1629 431 1847 478 magnum
1869 420 2076 482 captivo-
2240 413 2250 425 ‘

72 511 176 542 rum
199 493 370 540 civium
390 490 575 538 suorum
599 507 841 538 numerum
866 490 891 538 a
912 493 1089 556 Pyrrho
1110 508 1219 556 rege
1250 492 1373 539 ultro
1397 492 1578 538 missum
1599 495 1891 557 recepissent,
1925 499 2078 546 decre-

72 584 239 621 verunt
259 584 314 618 ut
337 587 394 617 ex
416 571 496 632 iis,
532 572 610 635 qui
633 588 752 636 equo
775 586 1055 632 meruerant,
1089 572 1306 635 peditum
1320 588 1511 619 numero
1536 571 1808 619 militarent:
1835 571 1881 611 39
1907 579 1984 638 qui
2002 595 2081 640 pe-

73 650 188 698 dites
210 650 412 710 fuerant,
437 650 483 696 in
505 649 793 697 funditorum
817 650 982 697 auxilia
1001 648 1413 697 transcriberentur.
1463 651 1602 697 Neve
1633 651 1731 713 quis
1754 667 1916 698 eorum
1953 659 1994 686 90
2018 656 2083 701 in-

71 742 141 776 tra
160 729 300 776 castra
319 727 550 789 tenderet,
585 745 699 776 neve
719 729 875 776 locum
896 741 1025 776 extra
1048 728 1312 793 assignatum
1330 729 1446 777 vallo
1467 741 1545 776 aut
1566 729 1676 776 foffa
1704 730 1935 794 cingeret,
1972 749 2083 780 neve

72 808 326 853 tentorium
347 822 403 852 ex
423 806 615 869 pellibus
639 807 836 854 haberet.
904 806 1162 854 Recursum
1185 820 1336 853 autem
1358 808 1410 853 iis
1432 807 1487 854 ad
1510 808 1752 872 pristinum
1792 810 1981 857 militiae
2006 828 2080 858 or—

71 883 223 931 dinem
244 884 579 949 proposuerunt
592 919 608 944 ‚
646 885 778 948 fiquis
799 885 906 931 bina
922 884 1061 946 spolia
1081 900 1137 930 ex
1160 886 1363 932 hostibus
1385 886 1567 931 tulisset.
1637 893 1673 921 9¹
1704 887 1889 946 Qubus
1911 888 2079 954 suppli-

2 1007 8 1010 .
72 966 154 1012 ciis
186 963 424 1029 compreffi
445 999 461 1024 ‚
505 980 563 1010 ex
590 964 869 1010 deformibus
901 963 1064 1025 Pyrrhi
1095 964 1369 1010 munusculis
1394 966 1598 1011 acerrimi
1629 966 1777 1013 hostes
1811 970 2075 1017 extiterunt.

71 1046 231 1091 Parem
261 1043 372 1088 iram
404 1040 608 1087 adversus
637 1040 736 1086 illos
769 1040 941 1086 senatus
972 1041 1235 1102 destrinxit,
1271 1044 1349 1106 qui
1380 1043 1500 1106 apud
1521 1043 1698 1092 Cannas
1718 1046 2101 1110 Rempublicam‘

56 1105 365 1165 deseruerant.
411 1118 539 1163 Nam
566 1133 674 1163 cum
693 1133 768 1164 eos
793 1118 1015 1182 gravitate
1037 1118 1207 1167 decreti
1244 1127 1283 1155 ⁹²
1307 1122 1426 1168 ultra
1447 1136 1740 1171 mortuorum
1762 1126 2074 1176 conditionem
2095 1119 2267 1195 {³¹¹7nfflfff

72 1195 330 1259 relegasset,
362 1195 561 1258 acceptis
586 1194 610 1240 a
634 1195 707 1241 M.
734 1194 960 1241 Marcello
984 1195 1149 1256 literis,
1184 1211 1236 1244 ut
1257 1214 1415 1244 eorum
1440 1198 1521 1245 sibi
1546 1216 1682 1264 opera
1701 1206 1740 1236 9³
1765 1201 1820 1248 ad
1839 1219 2074 1269 expugna·
2092 1211 2183 1233 '‘³¹¹-
2208 1205 2241 1235 ἂ

2094 1253 2206 1275 xxxtx.

70 1274 246 1320 tionem
268 1272 585 1336 Syracusarum
605 1274 676 1320 uti
702 1273 859 1337 liceret
873 1308 887 1333 ,
922 1273 1144 1339 rescripsit
1167 1276 1379 1340 indignos
1400 1277 1485 1323 esse
1500 1312 1513 1337 ,
1550 1280 1627 1342 qui
1663 1280 1710 1326 in
1733 1280 1873 1329 castra
1904 1285 2074 1348 recipe-
2093 1288 2292 1365 ?;2“·L1}215‘35

64 1363 240 1399 rentur.
310 1351 532 1399 Ceterum
565 1350 607 1398 se
639 1353 679 1398 ei
711 1353 974 1415 permittere
999 1368 1051 1400 ut
1074 1353 1239 1401 faceret
1262 1356 1385 1419 quod
1419 1357 1634 1420 expedire
1657 1360 1795 1422 Reip.
1815 1361 2075 1425 judicasset,
2093 1378 2162 1400 xxv-
2179 1373 2292 1409 Front-

70 1427 181 1475 dum
205 1434 245 1464 9⁴
268 1430 426 1492 nequis
448 1445 506 1476 ex
530 1429 590 1476 eis
613 1445 798 1475 munere
820 1444 1024 1492 vacaret,
1052 1445 1129 1479 aut
1151 1432 1274 1480 dono
1297 1434 1484 1481 militiae
1507 1434 1777 1496 donaretur,
1813 1451 1890 1485 aut
1914 1440 1960 1486 in
1987 1443 2076 1489 lta·
2095 1421 2141 1443 w·
2166 1421 2194 1446 x.

1952 1520 2055 1567 liam
2068 1557 2083 1582 ‚

75 1650 147 1672 mus
165 1650 284 1681 aures,
310 1651 392 1673 neve
411 1651 468 1673 nos
494 1636 629 1673 adulari
647 1638 802 1681 sinamus.
857 1639 975 1687 Quod
996 1641 1055 1678 iti-

73 1687 162 1723 dem
184 1688 342 1725 minime
364 1689 499 1726 mirum
523 1687 592 1725 effe
610 1688 738 1733 debet;
767 1701 853 1727 cum
877 1689 1055 1738 fignifica-

71 1737 177 1775 tione
199 1738 318 1776 atstiva
340 1741 379 1777 ὃς
397 1739 538 1776 adulare
559 1740 727 1777 dixerint.
756 1741 951 1778 Lucretius
971 1742 993 1779 l.
1015 1755 1052 1779 v.

68 1793 182 1838 Longe
200 1792 268 1825 alio
287 1791 383 1840 passo
396 1794 546 1841 gannitu
565 1793 654 1828 ‘vocis
673 1791 826 1829 adulant.
855 1792 1050 1831 VORST.

1161 1641 1221 1691 89.
1249 1643 1317 1690 Qui
1332 1640 1460 1693 pedites
1481 1647 1642 1692 fuerant,
1671 1647 1706 1681 in
1728 1645 1935 1693 funditorum
1956 1653 2091 1688 auxilia

1108 1693 1316 1743 transscrib.]
1340 1695 1559 1733 Funditores
1583 1698 1620 1734 δε
1638 1696 1702 1745 ipfi
1722 1698 1862 1746 pedites
1882 1707 2004 1743 erant;
2027 1703 2089 1741 sed

1109 1744 1296 1782 viliflimus
1325 1757 1456 1784 eorum
1482 1747 1589 1785 ordo.
1643 1749 1757 1786 Erant
1779 1750 1879 1787 enim
1899 1751 1936 1788 in
1957 1753 2086 1800 quinta

1107 1794 1260 1833 demum
1272 1807 1398 1833 earum
1419 1797 1579 1835 claffium
1601 1811 1690 1849 quas
1705 1800 2003 1839 ServiusTullius
2022 1816 2086 1843 rex

70 1839 204 1890 Ultraj.
229 1849 384 1891 uterque
405 1841 622 1880 adulandum.
649 1843 756 1880 Leid.
778 1843 865 1880 sext.
894 1844 1051 1881 Tribunis

69 1892 140 1928 mil.
159 1890 365 1929 adulandum
387 1906 469 1931 erat.
525 1894 625 1932 Vide
645 1894 739 1932 infra
760 1894 807 1933 L.
827 1907 881 1933 Iv.
906 1906 939 1946 3.
968 1896 1051 1933 Ext.

68 1942 132 1979 ult.

121 1993 182 2031 88.
210 1998 390 2032 Valentius
422 1997 567 2032 militari
597 1995 772 2047 distiplina
797 1995 890 2046 fnit]
922 1997 1051 2046 Lege,

81 2046 262 2082 Valentius
293 2050 436 2084 militari
466 2046 639 2097 disciplina
668 2047 756 2098 apud
776 2051 931 2096 senatum
953 2051 1052 2095 fuit,

73 2104 119 2130 ex
142 2096 407 2137 VVincheliano
432 2100 471 2136 δε
494 2099 724 2137 CauchianO.
750 2099 889 2138 PIGH.
928 2099 1052 2149 ,Apud

60 2147 230 2193 finarum.
265 2148 382 2186 Refie
411 2150 503 2187 haec
533 2149 553 2187 a
572 2151 632 2188 lib.
654 2152 753 2189 Dan.
775 2149 894 2188 abesse
907 2151 1050 2200 judico.

71 2196 265 2235 COLER.
320 2203 499 2237 Valentim
519 2203 663 2238 militari
685 2200 859 2252 distiplina
889 2201 979 2251 apud
999 2206 1053 2250 Je—

70 2260 188 2285 natum
215 2252 298 2296 fnit.
338 2251 431 2288 Illud
460 2250 549 2300 apud
566 2256 720 2301 senatum
746 2265 792 2290 ex
822 2252 930 2291 codd.
952 2253 1051 2292 Cau-

73 2300 207 2337 chiano
238 2302 276 2338 &
307 2301 571 2339 VVincheliano
612 2303 875 2341 restituendum
914 2304 1053 2342 censuit

70 2351 229 2399 Pighius.
284 2351 327 2388 In
357 2352 624 2402 antiquioribus
652 2354 748 2401 typis
779 2354 943 2402 expreffis
966 2382 976 2397 ‚
1012 2356 1051 2391 &

71 2402 182 2440 MSS.
210 2402 342 2440 Brand.
370 2415 449 2441 non
476 2412 635 2451 apparet.
690 2402 761 2440 Sed
791 2405 829 2441 ὃς
852 2403 872 2441 a
903 2403 984 2441 cod.
1006 2404 1046 2442 P.

73 2454 241 2491 Danielis
261 2452 376 2491 abeffe
398 2454 544 2492 testatur
565 2454 729 2491 Colerus.
749 2455 944 2493 VORST.
972 2455 1050 2492 Ab·

73 2504 155 2542 sunt
173 2505 285 2542 etiarn
310 2505 400 2542 duae
416 2505 497 2542 illae
517 2516 626 2542 voces
647 2505 691 2542 ab
713 2506 884 2543 omnibus
905 2506 1048 2550 nostris,

71 2556 111 2593 δε
134 2555 250 2593 abesse
282 2556 415 2594 debere
445 2556 578 2593 clamat
598 2557 750 2606 sequens
770 2559 853 2594 illis.
931 2557 1050 2607 Quod

65 2607 195 2644 referri
243 2607 286 2644 ad
334 2618 447 2656 patres
478 2610 668 2657 confiriptos
689 2635 700 2651 ,
745 2606 791 2645 de
836 2608 963 2658 qulbus
1009 2609 1048 2647 in

66 2657 311 2706 superioribus
344 2659 531 2708 praeceffit
553 2687 563 2701 ‚
601 2659 720 2707 quivis
741 2658 875 2702 videt;
916 2672 1048 2710 quam-

65 2720 181 2758 quam
231 2722 308 2747 non
353 2710 512 2747 nesciam
553 2721 616 2758 per
654 2709 828 2759 Syllepfin
858 2711 907 2748 ita
952 2724 1048 2761 quo-

70 2771 170 2808 que,
199 2760 245 2798 de
269 2761 403 2798 Senatu
433 2761 537 2811 loqui
558 2761 658 2798 illum
681 2759 849 2810 potuisse.
903 2761 1046 2801 Interea

68 2809 197 2848 callide
209 2813 368 2850 &tacite
389 2819 616 2861 expunxerat
639 2824 719 2849 eam
734 2824 871 2850 vocem
882 2813 1045 2862 Pighius,

68 2872 166 2911 quae
191 2862 228 2898 in
251 2863 429 2913 plerisque
453 2863 562 2901 exstat
583 2862 690 2900 MSS.
723 2864 761 2901 ὃς
780 2863 874 2901 Edd.
899 2865 1048 2903 Praete-

70 2923 158 2955 rea,
187 2913 327 2951 etiamsi
359 2926 438 2952 non
469 2914 620 2951 addatur
649 2912 737 2964 apud
757 2919 937 2960 Senatum,
966 2917 1046 2954 satis

70 2971 244 3011 apparet,
279 2963 325 3001 de
356 2971 482 3002 Senatu
510 2965 588 3003 solo
619 2966 679 3003 hic
713 2966 794 3014 agi;
833 2978 944 3016 quare
971 2968 1046 3006 illas

69 3024 140 3062 pro
177 3014 298 3071 gloffis
335 3014 497 3057 duorum
532 3014 653 3055 Codd.
680 3017 945 3066 Pighianorum
983 3031 1047 3058 ex-

70 3075 199 3116 punxn

1106 1846 1254 1884 fecerat.
1309 1847 1409 1885 Vide
1432 1850 1470 1886 &
1487 1849 1591 1898 supra
1614 1862 1662 1894 11,
1684 1862 1720 1897 7,
1742 1865 1776 1899 9.
1806 1853 1999 1891 VORST.

1156 1911 1217 1947 90.
1247 1899 1340 1934 Intra
1372 1902 1477 1947 castra
1508 1900 1670 1951 tenderet]
1703 1905 1843 1939 Tendere
1863 1915 1930 1952 pro
1959 1912 2086 1944 tento-

1103 1949 1202 1987 rium
1229 1948 1341 1997 figere
1363 1979 1372 1994 ‚
1411 1951 1471 1988 vel
1500 1952 1646 1990 habere.
1711 1954 1884 2002 Virgilius
1911 1967 1955 1993 11.
1983 1956 2083 1995 Aen.

1101 2002 1173 2037 Hic
1206 2002 1368 2050 Dolopum
1395 2017 1534 2048 manns,
1561 2005 1749 2052 lricfizevus
1779 2004 1932 2043 tendebat
1950 2008 2086 2047 &schil-

1100 2053 1160 2088 les.
1213 2052 1346 2089 Cacsar
1372 2065 1423 2090 vx.
1457 2054 1496 2091 B.
1528 2055 1574 2093 G.
1613 2058 1681 2102 Qi
1706 2055 1768 2103 fid)
1796 2059 1890 2093 ‘vallo
1916 2055 2082 2095 tenderent

1100 2114 1305 2141 mercatores.
1357 2103 1416 2141 Sic
1439 2106 1478 2142 ὃς
1499 2105 1569 2143 alii.
1624 2106 1694 2143 Sed
1710 2106 1856 2146 videtur
1872 2116 1997 2145 tamen
2021 2110 2085 2147 ali-

1102 2154 1191 2204 quid
1213 2155 1525 2200 subaudiendum;
1557 2160 1594 2196 &
1624 2157 1777 2206 quidem
1809 2159 2081 2205 tabernaculam,

1102 2214 1166 2242 aut
1187 2205 1313 2243 simile.
1353 2206 1445 2244 Sane
1467 2208 1597 2246 Caesar
1623 2222 1682 2245 III.
1707 2209 1746 2246 Β.
1770 2210 1813 2246 C.
1833 2211 1940 2260 plene
1965 2211 2081 2256 dixit,

1104 2255 1211 2301 Jubet
1229 2260 1434 2305 praetorium
1453 2258 1555 2295 tendi.
1593 2260 1642 2296 Et
1662 2260 1760 2297 idem
1783 2261 1921 2299 ibidem
1936 2290 1946 2305 ‚
1973 2263 2083 2299 taber-

1102 2309 1221 2342 nacula
1244 2305 1422 2343 detendere.
1476 2308 1567 2346 Inde
1586 2310 1702 2358 ipsum
1725 2311 1829 2359 quod
1848 2311 2010 2350 tenditur
2029 2322 2084 2351 [λ-

1104 2355 1342 2394 bernaculum
1363 2360 1539 2394 tentori-um
1562 2359 1697 2397 dicunt.
1728 2361 1843 2399 Unde
1862 2375 1975 2412 porro
1987 2364 2082 2401 Ger--

1100 2408 1289 2444 manicurn
1325 2419 1395 2444 tent
1417 2437 1428 2454 ,
1475 2411 1536 2450 telt
1559 2439 1569 2456 ‚
1609 2412 1727 2460 gezelt
1763 2421 1889 2451 ortum
1924 2414 2079 2453 videtur.

1100 2458 1139 2495 V
1149 2459 1185 2495 O
1200 2460 1231 2496 R
1246 2459 1266 2496 S
1279 2459 1329 2496 T.

1151 2522 1210 2555 91.
1281 2510 1375 2546 uibus
1397 2512 1568 2559 snppliciis
1597 2513 1772 2564 compreffl]
1812 2514 1895 2560 An,
1931 2516 2000 2562 ‘Qui
2023 2516 2072 2551 his

1068 2548 1076 2561 .
1092 2562 1266 2610 suppliciis
1285 2562 1469 2611 comprff?
1496 2563 1741 2602 PERIZON.

1150 2624 1210 2661 92.
1237 2614 1332 2649 Ultra
1362 2616 1552 2651 mortalium
1574 2615 1805 2666 conditionem]
1837 2618 1877 2654 In
1905 2617 2073 2655 omnibus

1101 2663 1352 2712 manuscriptis
1367 2694 1375 2708 ‚
1392 2668 1490 2702 Ultra
1510 2679 1709 2704 mortuorum
1730 2668 1870 2716 legitur.
1899 2669 1945 2704 Et
1966 2668 2073 2705 rec‘te.

1098 2713 1238 2752 PIGH.
1308 2716 1406 2753 Ultra
1434 2730 1634 2754 mortuorum
1660 2718 1869 2756 conditionem
1897 2719 2076 2768 relcgaffit.

1099 2765 1214 2804 Aldus
1235 2765 1396 2805 ediderat
1415 2771 1507 2805 ultra
1527 2772 1715 2806 mortalium
1734 2769 1951 2805 conditionem.
2000 2770 2072 2808 SCd

1097 2817 1246 2865 Pighius
1268 2830 1313 2855 CX
1336 2819 1443 2857 COdd.
1465 2821 1572 2857 MSS.
1596 2820 1766 2869 rescripsit
1783 2832 1994 2857 mortuorum.
2022 2822 2071 2858 Et

1098 2869 1148 2906 ita
1169 2868 1252 2906 sane
1273 2869 1380 2907 codd.
1404 2884 1555 2922 quoque
1568 2871 1697 2908 Brand.
1718 2871 1863 2908 habent.
1875 2872 2070 2910 VORST.

1097 2919 1251 2957 Habent
1281 2921 1389 2958 etiam
1420 2935 1619 2960 mortuorum
1642 2922 1753 2959 nostri
1781 2933 1923 2960 omnes.
1974 2923 2072 2960 Peri-

1097 2970 1227 3008 zonius
1248 2971 1450 3021 adscripsit,
1479 2986 1522 3011 an
1543 2975 1760 3010 Manioi-usn.
1782 2974 1807 3010 i.
1825 2986 1854 3010 e.
1876 2972 2068 3010 militum?

1147 3033 1208 3071 93-
1235 3021 1311 3061 <Ad
1334 3027 1604 3075 expugnationem
1631 3022 1892 3073 Syracufizrum]
1940 3024 2071 3061 Unde-

1097 3072 1172 3110 Cim
1185 3072 1291 3111 MSS.
1303 3078 1594 3125 Syramfimornm,
1608 3076 1713 3162 (guod
1726 3076 1793 3113 fuit
1810 3076 1847 3112 in
1860 3075 1962 3111 Vett.
1975 3074 2070 3113 Edd-

1574 3126 1600 3163 B
1663 3138 1682 3163 2
1949 3126 2071 3164 omni-
