2516 3509
280 65 394 122 DE
450 60 804 118 LIBERE
860 65 1199 124 DICTIS
1257 70 1456 128 AUT
1507 72 1871 134 FACTIS.
1984 95 2094 157 543

90 166 232 226 verfics
261 183 373 214 omne
396 166 475 229 fas
509 183 558 213 ac
590 165 707 226 nefas
730 201 744 226 ,
796 185 885 215 cum
928 172 972 215 in
1005 170 1170 232 siimmo
1215 175 1312 236 effet
1352 177 1521 236 imperio
1544 212 1560 238 ,
1613 182 1641 226 ὰ
1685 191 1726 228 te
1759 185 1891 245 equite
1925 185 2089 232 Roma-

89 266 139 296 no
172 242 440 294 trucidatum.
511 247 612 293 Vidi
647 252 686 283 53
729 249 860 295 eodem
893 250 1040 297 habitu
1061 285 1077 310 ‚
1118 254 1172 304 ὃ
1207 256 1414 315 quiritatu
1443 263 1697 317 praetorium
1731 265 1874 309 virum
1909 265 2090 326 Perper-

88 345 186 376 nam
207 327 445 388 saevitiam
478 338 597 374 tuam
629 340 884 376 execrantem
905 362 920 387 ,
967 332 1176 395 omnesque
1211 349 1273 380 eos
1303 350 1387 381 una
1421 350 1519 382 voce
1550 341 1806 403 indignantes
1829 377 1844 402 ,
1880 347 1987 405 quod
2018 349 2081 393 in—

88 409 271 454 demnati
291 407 374 470 fiib
410 420 449 455 te
482 409 776 471 adolescentulo
814 412 1003 472 carnifice
1037 416 1278 474 occidiffent.
1347 423 1388 453 54
1424 416 1643 465 Obducta
1671 423 1765 484 jam
1798 426 1984 474 vetustis
2018 429 2083 474 ci-

89 485 331 532 catricibus
369 486 595 536 bellorum
632 490 837 539 civilium
872 494 1107 542 vastiffima
1141 499 1351 558 vulnera,
1391 508 1429 537 55
1470 503 1735 566 municipali
1770 504 1974 566 homini,
1997 508 2083 557 ser-

85 568 281 614 vitutem
328 581 556 632 paternam
601 573 856 636 redolenti,
915 575 958 611 ⁵⁶
993 578 1232 627 effrenatae
1273 582 1538 628 temeritatis
1561 617 1576 642 ,
1636 585 1927 634 intolerabilis
1959 590 2085 653 spiri-

87 661 190 706 tus,
235 655 280 687 ⁷57
318 650 505 714 impune
539 668 750 701 revocare
785 642 932 706 licuitss
1000 661 1161 724 Itaque
1213 677 1268 707 eo
1312 675 1521 727 tempore
1567 664 1614 710 δε
1660 664 1947 714 fortiffimum
1990 683 2086 717 erat

54 731 179 777 -Cn.
224 733 452 797 Pompejo
517 735 783 784 maledicere
812 774 827 799 ‚
889 741 938 787 &
990 742 1275 791 tutiffimum.
1365 745 1453 793 Sed
1509 762 1602 792 non
1650 750 1822 810 patitur
1867 767 1947 797 nos
1990 751 2083 797 hoc

88 810 295 874 longiore
330 812 508 874 querela
542 813 751 878 prosequi
796 817 1006 880 personae
1039 818 1308 882 insequentis
1352 822 1583 885 aliquanto
1619 823 1707 871 sors
1742 826 1973 875 humilior.

159 890 197 927 58
245 891 464 955 Diphilus
514 894 794 956 tragoedus,
853 912 961 946 cum
997 898 1337 962 Apollinaribus
1382 900 1499 947 ludis
1545 903 1660 949 inter
1702 904 1852 951 aetum
1889 906 1942 952 ad
1977 922 2081 955 eum

90 1113 179 1150 dum
198 1119 325 1150 tamen
346 1122 386 1152 ut
407 1115 517 1152 etiam
538 1114 699 1164 adverfiis
721 1121 814 1163 nefas
836 1119 960 1157 Carbo
980 1128 1057 1159 tru-

93 1162 229 1200 cidatus
251 1163 402 1202 dicatur.
439 1168 567 1214 Quare
598 1168 756 1205 omnino
786 1170 981 1208 verifimile
1008 1172 1057 1210 est

93 1225 112 1250 a
133 1214 285 1251 Valerio
314 1215 350 1251 id
378 1228 455 1253 non
484 1215 554 1253 effe
587 1218 810 1267 profectum.
872 1224 1057 1270 Quamvis

95 1265 195 1302 enim
215 1267 275 1308 sas
295 1274 338 1302 ἐφ’
361 1270 455 1313 nefas
482 1267 563 1304 alibi
583 1271 877 1318 conjungantur,
907 1284 984 1310 non
1004 1282 1059 1312 ta-

94 1327 182 1352 men
194 1316 344 1366 usquam
355 1345 365 1361 ,
378 1319 513 1366 opinor
526 1347 535 1360 ‚
548 1320 609 1357 ubi
626 1321 840 1359 alterutrum
860 1323 1060 1363 sententiae

92 1365 133 1403 fit
144 1367 302 1415 .‚proi·1iis
324 1371 564 1406 contrarium.
616 1371 738 1408 Placet
759 1385 844 1411 cuin
860 1374 1059 1413 Perizonio

94 1416 215 1465 legere
238 1421 295 1464 fas
326 1434 362 1455 ac
393 1425 467 1464 jus,
498 1420 557 1457 vel
589 1426 640 1465 itis
666 1436 703 1457 ac
741 1424 809 1470 fas.
869 1425 1061 1464 Ascenfius

94 1470 248 1517 exponit
267 1470 362 1507 nulla
384 1471 505 1508 habita
524 1473 666 1510 ratione
686 1474 784 1510 fasne
813 1487 859 1512 an
887 1477 989 1513 nefas
1011 1478 1063 1514 es-

94 1519 160 1557 set.
209 1520 327 1569 Quod
366 1533 444 1558 non
483 1531 612 1570 putem
652 1525 826 1574 exemplo
864 1527 1061 1574 probatum

91 1581 148 1608 iri.

145 1632 202 1670 53.
229 1620 342 1656 Eodem
368 1622 484 1659 babitu
514 1632 558 1660 (9'
579 1626 774 1676 Qtt'ritatu]
812 1627 957 1666 Ascens.
987 1629 1065 1667 edi-

93 1670 156 1708 dit.
209 1671 341 1707 Habitu
366 1682 408 1708 θ’
428 1676 610 1725 Quiritum
641 1689 720 1721 tuo,
745 1680 782 1714 ὃς
801 1680 976 1726 exponit,
996 1680 1064 1718 do-

95 1730 224 1759 natum
261 1721 455 1770 insignibus
487 1726 524 1763 &
553 1727 700 1764 civitate
732 1730 905 1766 Romana
926 1757 936 1773 ‚
979 1731 1065 1769 licet

98 1773 262 1810 Graecus
282 1772 391 1818 effet,
419 1785 459 1812 ut
478 1784 529 1813 tu.
583 1777 625 1814 In
646 1790 723 1828 quo
742 1780 903 1829 sequitur
918 1781 996 1818 fere
1010 1783 1065 1819 (9-

91 1823 383 1869 liverium.Vel‚
422 1826 564 1876 inquit,
593 1830 771 1876 Qiritatu
798 1846 877 1874 zuo,
904 1831 927 1869 i.
956 1844 988 1869 e.
1016 1833 1066 1870 la-

94 1875 349 1920 mentatione,
379 1889 451 1926 qua
480 1886 521 1915 tu
541 1880 592 1916 uti
612 1880 777 1918 debebas.
829 1881 1065 1932 Theophilus

95 1924 183 1962 dicit
204 1928 380 1974 Quiritare
400 1926 470 1964 effe
490 1930 679 1977 Quiritum
712 1931 822 1969 fidem
851 1934 1063 1981 implorare.

96 1975 166 2012 Sed
195 1987 407 2023 pronomen
436 1991 515 2022 tuo,
549 1982 651 2028 quod
683 1981 749 2019 illis
772 1984 977 2020 molestiam
998 1996 1064 2031 pe-

93 2026 208 2074 perit,
236 2027 272 2063 in
294 2029 510 2074 paucissimis
538 2031 586 2068 est
611 2032 737 2069 MStis.
765 2045 836 2069 nec
868 2034 977 2070 debet
999 2034 1065 2072 ad-

96 2075 190 2120 esse,
217 2085 257 2113 ut
290 2079 380 2114 olim
403 2080 481 2127 jam
511 2081 603 2118 vidit
622 2082 835 2120 Glareanus,
857 2085 1063 2134 Qiritatu,

95 2128 183 2164 nihil
213 2127 310 2164 aliud
340 2129 399 2165 hic
427 2127 498 2165 effe
527 2143 638 2179 quam
670 2133 1062 2177 lamentatione,m'o·

94 2178 173 2215 nuit
199 2177 339 2216 dudum
368 2180 468 2217 Paul.
497 2180 713 2231 Leopardus
746 2185 792 2221 L.
815 2196 875 2222 xv.
904 2185 1063 2224 Emend.

94 2240 124 2265 c.
156 2230 213 2266 16.

146 2292 200 2328 54.
229 2277 375 2315 obdufia
390 2285 463 2329 jam
484 2283 621 2328 vetustis
640 2284 862 2335 cicatricibus]
890 2286 933 2323 In
953 2287 1061 2324 Atre-

92 2329 228 2367 batenfi
256 2342 446 2379 perperam
468 2360 478 2376 ‚
514 2344 609 2368 vetus
648 2335 864 2372 cicatricibus.
917 2337 1061 2375 Verum

92 2382 129 2418 in
152 2381 367 2418 Cauchiano
391 2394 503 2431 quam
535 2383 748 2428 reffiffime,
776 2388 879 2422 vietis
904 2389 1064 2425 cicatrici-

93 2433 174 2475 bus,
215 2431 372 2480 eleganti
403 2433 579 2480 epitheto.
632 2434 692 2472 Est
717 2437 815 2473 enim
845 2439 957 2474 vietus
977 2474 987 2484 ,
1023 2448 1063 2477 ut

95 2482 213 2519 Festus
246 2483 525 2531 interpretatur,
551 2485 742 2532 languidus
765 2515 775 2530 ,
803 2487 876 2525 fine
905 2489 964 2533 vi,
996 2502 1064 2538 pu-

94 2534 156 2570 tris
185 2544 227 2569 ac
258 2534 479 2572 naturalibus
510 2537 671 2584 privatus
707 2537 852 2576 viribus.
902 2539 1060 2579 Terent.

93 2583 298 2622 Eunucho:

144 2636 211 2670 Hic
230 2637 274 2680 est
293 2635 403 2670 vietus
418 2660 427 2677 ‚
455 2647 551 2673 vetus
566 2665 575 2679 ‚
599 2639 787 2686 veternosus
805 2639 922 2687 J‘enex.

92 2685 189 2723 Item
207 2685 352 2721 Plautus
370 2686 407 2722 in
426 2688 582 2725 Mercat.

139 2736 390 2777 eAcheronticuss
403 2739 506 2783 senex
521 2766 531 2782 ,
556 2739 667 2774 vietus
681 2767 692 2781 ‚
713 2737 903 2785 decrepitus.

1981 1003 2080 1035 Ver-

1109 1121 1325 1159 eicatricibus.
1353 1124 1548 1163 VORST.
1603 1126 1651 1164 Et
1687 1126 1734 1164 fic
1763 1129 1897 1168 habent
1925 1143 2080 1181 quoque

1109 1173 1216 1210 MSS.
1238 1173 1570 1213 duodecim.Leid.
1598 1177 1703 1225 prim.
1731 1184 1930 1226 vetustatis,
1959 1184 2080 1232 quint.

1110 1226 1283 1270 Vetustas.
1347 1228 1450 1262 Vieta
1492 1239 1584 1264 vero
1614 1239 1700 1265 cum
1732 1230 1898 1269 dicantur
1920 1261 1930 1277 ,
1980 1246 2077 1282 quae

1110 1274 1182 1322 ipsa
1211 1274 1387 1312 vetustate
1406 1277 1568 1315 marcida
1583 1306 1594 1322 ,
1621 1290 1663 1316 ac
1684 1291 1854 1330 corrupta
1875 1283 1953 1321 sunt
1967 1312 1976 1327 ,
1997 1296 2075 1322 vox

1112 1325 1170 1362 illa
1193 1326 1313 1363 minus
1334 1327 1558 1366 cicatricibus
1579 1329 1633 1366 hi's
1654 1334 1855 1370 convenire
1868 1334 2072 1378 videbatur,

1112 1388 1225 1425 quam
1258 1385 1297 1414 ut
1317 1377 1377 1414 hic
1398 1378 1530 1417 diutius
1552 1379 1701 1417 deberet
1728 1384 1898 1422 retineri:
1929 1386 2075 1423 Aridior

1117 1427 1216 1464 enim
1240 1427 1300 1464 hic
1318 1429 1406 1466 nihil
1425 1429 1522 1468 aliud
1541 1429 1716 1480 significat
1729 1462 1739 1478 ‚
1762 1446 1873 1484 quam
1889 1465 1898 1480 ,
1924 1437 2076 1474 vulnera

1115 1478 1187 1526 ipsa
1215 1479 1391 1516 vetustate
1412 1480 1546 1519 sanata.

1167 1542 1223 1576 ςς.
1252 1532 1458 1577 Municipali
1482 1532 1625 1583 bomini]
1650 1535 1806 1573 Helvius
1825 1537 1974 1574 Mancia
2003 1549 2083 1575 non

1116 1580 1309 1617 Romanus
1323 1610 1332 1625 ‚
1353 1580 1434 1625 sed,
1458 1591 1498 1620 ut
1520 1585 1719 1632 praedixit,
1742 1586 1982 1632 Formi-anus,
1998 1588 2086 1625 For-

1116 1630 1198 1665 miis
1222 1658 1233 1673 ‚
1281 1631 1509 1680 Campaniae
1558 1637 1700 1684 oppido
1750 1638 1926 1676 oriundus
1948 1666 1959 1684 ,
2005 1639 2085 1676 fuir,

1114 1680 1311 1718 VORST.

1168 1731 1224 1778 56.
1248 1729 1443 1781 Effrenarae
1467 1735 1667 1771 temeritatis
1686 1765 1697 1779 ‚
1736 1737 1960 1776 intolerabilis
1978 1741 2088 1790 spiri-

1116 1782 1187 1830 tus]
1219 1782 1271 1819 Ita
1289 1783 1327 1819 in
1348 1783 1457 1824 codd.
1479 1785 1611 1823 Brand.
1635 1786 1741 1824 MSS.
1763 1789 1800 1825 ὃς
1819 1791 1962 1828 vetustis
1990 1793 2087 1840 typis

1117 1833 1286 1880 expreffis
1315 1833 1372 1871 est.
1426 1836 1474 1872 Et
1493 1837 1686 1875 referenda
1715 1838 1808 1875 haec
1836 1840 1916 1878 sunt
1942 1842 1988 1880 ad
2018 1855 2087 1880 vo·

1118 1894 1198 1920 cem
1228 1885 1376 1926 homini,
1411 1898 1506 1934 quae
1536 1888 1734 1935 praecedit.
1786 1890 1933 1938 Pighius
1963 1893 2088 1932 nescio

1116 1945 1188 1982 qua
1217 1934 1263 1971 de
1285 1934 1406 1973 cauffa
1430 1937 1582 1982 maluit,
1609 1942 1778 1983 infrenata
1799 1946 2010 1989 temeritate,
2032 1945 2088 1981 in-

1115 1984 1350 2035 tolerabilique
1368 1989 1506 2035 spiritu.
1571 1990 1743 2028 Schottus
1772 2003 1925 2042 quoque
1955 1995 1992 2031 in
2019 1995 2086 2033 suo

1115 2033 1288 2082 scriptum
1310 2038 1465 2085 reperit.
1486 2040 1539 2076 uti
1557 2052 1624 2078 nos
1646 2042 1872 2089 reperi1nus;
1897 2043 1962 2082 nifi
1982 2047 2086 2096 quod

1115 2084 1154 2121 in
1175 2097 1251 2123 uno
1273 2087 1357 2125 cod.
1385 2100 1577 2137 perperam
1600 2093 1828 2129 intolerabiles
1857 2096 1925 2132 fuit
1944 2108 2011 2144 pro
2033 2099 2089 2133 in«-

1113 2136 1310 2174 tolerabilis.
1363 2139 1463 2177 Vide
1487 2141 1572 2179 Obs.
1592 2142 1697 2180 hum.
1720 2156 1782 2180 111.
1808 2157 1866 2194 32.
1890 2148 2086 2188 VORST.

1114 2185 1248 2231 Forte,
1275 2186 1470 2236 Effrenatae
1495 2195 1694 2229 temeritatis
1720 2196 1929 2233 intolerabili
1943 2201 2086 2247 spiritu,

1115 2245 1155 2273 ut
1181 2240 1330 2286 proprie
1359 2240 1404 2277 ad
1430 2241 1526 2278 hanc
1555 2243 1632 2290 ejus
1663 2243 1856 2282 audaciam
1878 2250 2078 2296 referatur,

1114 2297 1193 2324 non
1220 2288 1268 2325 ad
1296 2297 1458 2327 ceteram
1481 2293 1557 2340 ejus
1578 2293 1693 2331 vitam
1709 2323 1719 2338 ‚
1739 2296 1842 2345 quod
1861 2297 1922 2343 fit,
1946 2299 1970 2336 fi
1991 2313 2077 2339 cum

1115 2337 1266 2376 Vorstio
1307 2341 1435 2378 omnia
1485 2342 1522 2379 in
1560 2345 1728 2391 genitivo
1772 2346 1880 2395 legas.
1914 2351 1939 2386 P
1955 2351 2028 2389 ER
2045 2352 2079 2388 I-

1114 2387 1237 2426 ZON.
1266 2389 1375 2428 Leid.‘
1395 2400 1511 2441 quart.
1540 2393 1719 2444 Effienata
1747 2402 1935 2436 temeritate
1962 2403 2078 2437 intole-

1112 2439 1234 2475 rabilis
1257 2442 1402 2490 spiritus
1411 2457 1423 2486 3
1454 2446 1566 2482 ceteri
1596 2458 1749 2491 omnes,
1777 2457 1817 2486 ut
1834 2451 1995 2489 Vorstius
2020 2461 2078 2487 re-

1112 2490 1223 2527 stituit
1239 2518 1249 2534 ‚
1264 2493 1392 2530 omnia
1414 2504 1559 2542 ponunt
1579 2497 1616 2533 in
1637 2498 1828 2536 Genitivo.

1165 2553 1222 2588 57.
1251 2545 1388 2589 Impune
1401 2558 1553 2583 revocare
1569 2547 1683 2598 licuit]
1714 2549 1812 2586 Inter
1832 2558 1996 2596 excerpta
2011 2550 2077 2587 Li·-

1111 2589 1261 2639 pfienfia
1281 2602 1502 2634 annotatum
1525 2597 1658 2643 video,
1683 2600 1909 2637 Concinnius
1934 2600 1994 2635 hic
2022 2601 2075 2637 le-

1111 2642 1146 2689 gi
1167 2642 1269 2691 posse
1293 2659 1464 2684 reno-rare.
1516 2649 1687 2697 Respexit
1709 2649 1818 2686 Credo
1847 2649 1905 2685 ille
1932 2650 1977 2688 ad
1997 2651 2074 2689 hOC

1109 2693 1214 2742 Virg.
1238 2695 1282 2731 L.
1310 2699 1354 2732 x‘1.
1379 2697 1536 2736 Aeneid.
1564 2712 1597 2745 4.

1154 2745 1333 2790 Infandum
1371 2750 1488 2798 regina
1512 2749 1606 2797 jubes
1633 2761 1791 2784 renovare
1808 2746 1961 2786 dolorem.

94 2788 215 2822 Victas
243 2787 352 2834 igitur
375 2788 539 2824 cicatrices
567 2789 745 2837 aptissime
773 2800 885 2829 vocat
912 2799 1054 2831 veteres
1106 2793 1178 2832 Sed
1200 2799 1369 2846 Revocare
1386 2799 1508 2846 passim
1539 2811 1604 2847 pro
1624 2812 1780 2835 renovare
1801 2800 1963 2846 ponitur.
1974 2800 2073 2840 Vide

93 2837 267 2885 quidem,
294 2837 353 2874 sed
382 2847 503 2885 putres
528 2851 571 2877 ac
602 2840 698 2877 male
727 2850 874 2879 curatas.
912 2842 1052 2882 PIGH.
1102 2845 1340 2886 Pafferatium
1360 2849 1405 2886 ad
1426 2849 1534 2897 Prop.
1554 2849 1635 2885 Lib.
1668 2862 1696 2886 1.
1726 2863 1779 2897 15.
1807 2862 1865 2898 25.

87 2887 234 2924 obduHa
264 2893 332 2930 iam
360 2891 461 2924 vietis
483 2890 702 2928 cicatriiibus.
749 2891 803 2929 Ita
830 2893 975 2942 Pighius
1006 2907 1052 2933 ex

92 2950 167 2977 uno
200 2939 283 2978 cod.
316 2939 543 2980 Cauchiano.
594 2941 671 2981 Alii
703 2942 846 2983 codices
867 2973 881 2992 ,
912 2949 1052 2995 vetustis

1155 2898 1283 2943 Define
1295 2903 1370 2947 jam
1389 2914 1538 2936 rea-ocare
1558 2901 1625 2935 tuis
1641 2901 1787 2948 perjuria
1807 2900 1919 2938 ‘verbis

1204 2949 1374 2997 Cynthia„
1397 2959 1441 2987 (ν’
1464 2950 1577 2987 oblitos
1594 2961 1692 3001 parce
1712 2965 1837 2990 monere
1858 2955 1978 3038 Deos.8
2014 3000 2060 3037 D·

1934 3015 1951 3050 5
1987 3031 1992 3039 ·
2047 3015 2076 3048 ¹·.

2105 227 2191 260 Arm.
2211 225 2284 258 urb.

2107 273 2177 299 681.
2195 268 2304 300 Livius

2103 319 2189 340 xcvx.
2208 311 2283 340 Vel-

2099 351 2191 386 leius.
2218 355 2284 393 Ap-

2098 394 2186 434 pian-
