2387 3421
639 122 1835 195 PRAEVFA'Tio.

179 267 509 338 Haec'itaque
528 283 612 338 ego
637 262 703 318 ad
730 259 996 323 ornandam
1023 260 1151 313 hanc
1174 259 1429 314 editionem
1456 262 1650 315 contuli.
1707 261 1899 318 Interea
1926 259 2198 334 Symbolam
2218 278 2330 334 queo

104 363 197 420 que
225 343 355 398 dedit
371 380 387 406 ,
410 341 503 412 sed
531 341 773 412 egregiam
791 373 806 398 2
827 333 920 407 fed
946 331 1387 405 luc'ltlentffmam‚
1420 336 1514 388 Vir
1536 333 1830 404 Clariſjimus
1856 339 2117 390 Antonius
2147 337 2332 390 Schul-

109 420 303 490 tingius
339 455 354 479 ,
387 433 485 468 non
506 409 934 484 Jurinrudentiae
960 411 1115 480 magis
1138 449 1151 466 ‚
1207 426 1353 480 quam
1375 409 1526 460 omnis
1551 405 1853 480 elegantioris
1881 407 2165 464 literaturae
2174 410 2330 482 scien-

104 495 179 546 tia
216 490 544 544 celeberrimus
568 523 584 548 ‚
620 487 703 558 qui
729 481 1070 554 Eruditiffima
1102 482 1474 536 Exercitatione
1510 480 1707 535 Valerii
1752 483 1861 534 Lib.
1883 502 1988 537 vu.
2031 484 2150 555 Cap.
2184 502 2230 552 7.
2263 484 2331 537 de

113 564 466 620 Testamentis
500 557 738 613 Resciffis
766 596 780 619 ‚
812 554 1083 627 illustravit
1110 594 1126 618 ,
1162 554 1390 628 nodqs'que
1416 592 1432 617 ,
1472 554 1640 627 quibus
1663 551 1746 607 illa
1776 559 1979 607 materia
2003 557 2073 608 ita
2104 569 2214 611 erat
2242 564 2333 611 im-

104 639 274 715 plicita
291 676 304 699 ‚
343 647 398 689 ut
426 636 570 689 etiam
594 631 869 703 doiiiffimis
891 630 1019 682 viris
1046 646 1234 684 crucem
1244 627 1457 702 figeret,
1476 625 1749 700 feliciffime
1778 625 2010 699 diffiilvit.

179 711 420 782 Postremo
445 705 685 777 adjec‘tum
709 702 894 758 videbis
923 700 1136 757 Indicem
1163 701 1569 775 locupletiffimum
1588 741 1600 763 ‚
1640 719 1757 755 cura
1789 703 1851 761 ὠ
1865 700 2024 776 studio
2052 700 2328 757 Michaelis

110 783 412 842 Benedifi’ci,
433 773 633 852 collegae
661 781 750 830 mei
775 772 1089 846 amantiffimi
1111 815 1123 837 ,
1150 794 1205 830 ac
1235 795 1411 849 magna
1441 773 1673 845 industria
1698 776 1762 829 ad
1783 773 2034 848 praeclara
2061 775 2327 838 tendentis,

104 857 351 913 colleffum
376 854 438 915 <sy
466 856 812 905 concinnatum.
892 850 989 900 Cui
1029 865 1139 920 ergo
1164 850 1293 901 hztnc
1319 861 1472 901 totum
1500 846 1650 902 velim
1679 860 1918 922 acceptum
1947 847 2144 923 referas.
2222 848 2325 901 De-

106 936 248 1004 nique
280 929 343 989 dy
365 926 573 980 alterum
589 924 843 977 Natarum
878 919 1088 974 Indicem
1122 921 1209 994 ipfi’
1221 921 1481 994 subjunxi.

182 1003 334 1056 Nunc
360 1013 405 1053 te
432 999 496 1053 ad
533 998 792 1050 Valerium
824 993 978 1067 ipsum
1006 994 1299 1050 dimitterem
1325 1032 1341 1058 ‚
1379 998 1525 1048 amice
1557 994 1734 1050 Lec‘tor
1752 1033 1766 1058 ‚
1802 993 1893 1064 nist
1927 993 2143 1049 dubitari
2167 1011 2329 1049 cerne-

105 1094 208 1132 rem
233 1094 262 1129 a
292 1075 420 1128 viris
445 1069 724 1146 quibusdam
757 1070 958 1123 eruditis
984 1107 1000 1132 ,
1051 1080 1220 1122 utrum
1250 1069 1447 1124 Valerii
1473 1068 1613 1141 ipstus
1634 1071 1721 1124 hoc
1751 1067 1940 1141 opusstt
1970 1108 1984 1132 ,
2033 1088 2097 1122 an
2123 1086 2243 1122 vero
2270 1068 2328 1121 il-

108 1150 201 1203 lius
229 1147 445 1221 Epitome
470 1182 486 1208 ‚
533 1163 565 1198 a
591 1144 736 1216 julio
779 1143 965 1196 Paride
990 1181 1003 1205 ,
1051 1142 1138 1195 vel
1171 1144 1236 1195 C.
1271 1145 1427 1196 Titio
1454 1144 1628 1197 Probo
1658 1180 1673 1205 ,
1710 1143 1793 1196 vel
1817 1146 1961 1195 etiam
1991 1144 2050 1195 ab
2079 1141 2328 1197 Africano

106 1223 311 1295 quodam
341 1219 647 1292 Nepotiano
687 1218 969 1271 concinnata
998 1238 1008 1270 :
1048 1219 1119 1267 ita
1157 1228 1212 1268 ut
1248 1234 1453 1288 magnus
1490 1216 1568 1270 ille
1603 1217 1861 1291 Johannes
1895 1217 2152 1269 Gerardus
2197 1216 2327 1269 Vos-

112 1298 206 1350 fius
241 1333 256 1358 ,
309 1291 496 1364 etiamst
535 1300 822 1365 argumenta
843 1289 975 1362 satis
1000 1288 1174 1344 valida
1202 1291 1267 1345 ad
1297 1305 1406 1362 opus
1432 1290 1518 1345 hoc
1551 1292 1758 1345 Valerio
1784 1290 2136 1344 vindicandum
2161 1301 2330 1360 protu-

107 1369 217 1423 lerit
245 1407 258 1431 ‚
279 1366 377 1438 fibi
405 1379 567 1421 tamen
603 1363 690 1438 zpst
707 1363 992 1438 satisfeciffii
1022 1367 1122 1416 vix
1155 1363 1388 1418 videatur
1420 1402 1434 1426 ‚
1487 1363 1551 1424 dv
1597 1364 1815 1435 ambigat
1865 1381 2048 1436 quoque
2087 1362 2163 1416 Ill.
2197 1364 2325 1417 Nic.

114 1441 356 1497 Heinfius
391 1480 404 1504 ‚
440 1459 503 1494 an
529 1457 619 1493 non
641 1452 725 1510 pro
758 1437 977 1510 Epitome
1005 1443 1161 1511 potius
1191 1438 1462 1492 habendum
1486 1437 1549 1507 fit
1578 1443 1629 1491 in
1657 1436 1805 1509 Epist.
1838 1437 1901 1492 ad
1934 1435 2004 1489 Cl.
2040 1438 2087 1510 J.
2121 1438 2332 1490 Perizo-

114 1519 256 1570 nium
285 1533 330 1567 n.
359 1518 446 1585 48.
476 1528 624 1586 quare
649 1510 783 1565 haud
808 1511 890 1565 abs
910 1529 962 1566 re
990 1530 1062 1565 me
1088 1511 1344 1583 facturum
1372 1512 1499 1566 duxi
1521 1554 1532 1571 ,
1569 1510 1624 1582 st
1639 1514 1804 1584 paucis
1828 1511 1958 1564 hunc
1969 1509 2254 1583 scrupulum
2280 1529 2330 1564 o-

114 1588 300 1642 mnibus
339 1590 543 1641 eximere
566 1598 804 1639 tentarem
822 1622 838 1647 ,
880 1584 1251 1655 &sententiam
1282 1603 1437 1639 meam
1457 1586 1675 1640 breviter
1699 1600 1995 1657 exponerem.

184 1660 426 1735 Equidem
455 1671 509 1712 ut
547 1673 633 1731 pro
660 1657 877 1728 Epitome
902 1658 1103 1712 habeam
1142 1660 1230 1713 hoc
1255 1674 1367 1728 opus
1399 1697 1414 1722 ,
1462 1657 1672 1730 cauffam
1711 1660 1853 1712 video
1894 1655 2086 1731 prorsus
2114 1653 2330 1716 nullam;

111 1751 225 1788 nam
273 1736 355 1807 qui
384 1731 757 1802 Theoclofianum
795 1735 953 1803 poti-us
981 1769 996 1794 ‚
1050 1751 1195 1805 quam
1224 1732 1400 1786 Tiberii
1422 1733 1637 1807 sseculum
1667 1732 1880 1786 auctoris
1909 1729 2054 1802 nostri
2071 1729 2233 1795 [iilum
2251 1730 2332 1801 sa-

111 1824 218 1879 pere
241 1808 530 1861 contendunt
564 1844 577 1867 ,
613 1822 719 1858 cum
761 1805 857 1858 illis
897 1806 1155 1878 consentire
1193 1824 1495 1881 nequaquam
1519 1806 1716 1881 poffum.
1792 1806 1932 1859 Licet
1964 1822 2088 1858 enim
2118 1801 2335 1857 nonnihil

109 1880 170 1934 ab
194 1879 431 1954 Augustei
459 1882 576 1933 aevi
609 1877 824 1932 naturali
849 1878 934 1933 illa
963 1879 1324 1952 pulchritudine
1374 1882 1624 1953 deflexerit
1671 1881 1863 1934 Valerii
1902 1877 2098 1932 elocutio
2128 1915 2144 1940 ,
2180 1875 2331 1930 multo

110 1957 298 2027 propius
322 1967 483 2007 tamen
509 1951 567 2005 ab
595 1970 650 2006 ea
676 1951 802 2024 abest
833 1992 846 2015 ,
884 1970 1031 2026 quam
1061 1952 1215 2007 abillo
1245 1954 1432 2009 dicendi
1450 1970 1656 2028 genere,
1697 1953 1822 2027 quod
1844 1963 1983 2005 tanto
2007 1963 2211 2023 tempore
2231 1949 2330 2023 post

114 2030 327 2081 Romani
348 2026 581 2100 sermonis
620 2031 885 2098 puritatem
920 2030 1107 2080 omnino
1135 2031 1250 2102 jam
1275 2031 1638 2101 inquinaverat.
1718 2028 1881 2079 Miror
1905 2029 2030 2079 enim
2057 2027 2199 2077 Viros
2229 2024 2332 2078 illos

114 2098 275 2153 doctos
301 2141 316 2164 ‚
361 2104 446 2174 qui
485 2098 695 2154 auctoris
743 2101 888 2172 nostri
906 2097 1076 2171 stilum
1114 2102 1228 2155 adeo
1265 2103 1426 2156 acerbe
1461 2105 1716 2175 exagitant
1754 2139 1769 2164 ,
1817 2117 1908 2154 non
1940 2098 2083 2172 plura
2115 2099 2328 2171 proferre

112 2173 331 2246 exempla
363 2212 378 2236 ,
429 2173 597 2245 quibus
627 2173 759 2245 istius
785 2176 1129 2227 criminationis
1161 2176 1450 2247 monstretur
1477 2180 1680 2229 veritas.
1755 2174 1988 2227 Parvitas
2023 2190 2134 2224 mea
2164 2211 2179 2233 ,
2231 2189 2329 2243 qua

114 2246 318 2301 dictione
339 2249 389 2299 in
410 2245 704 2317 praefatione
739 2245 847 2317 usus
875 2248 938 2319 est
967 2283 983 2308 ‚
1034 2248 1346 2302 vehementer
1376 2247 1476 2301 illos
1515 2247 1716 2318 offendit
1748 2285 1763 2310 ,
1788 2246 1880 2319 sed
1919 2263 2067 2319 quum
2098 2244 2329 2311 Vellejus

98 2316 253 2390 stmili
276 2319 407 2372 modo
439 2336 548 2369 mea
581 2319 912 2371 mediocritas
942 2319 1154 2381 dixerit,
1192 2337 1284 2372 non
1311 2321 1412 2373 ideo
1443 2321 1594 2385 noster
1621 2321 1685 2374 ad
1696 2320 1924 2394 sequiora
1949 2318 2103 2386 secula
2133 2322 2224 2370 erit
2241 2317 2328 2370 ab-

114 2389 357 2460 legandus.
432 2388 512 2441 Ita
558 2405 751 2443 extunc
787 2389 895 2442 Lib.
926 2410 964 2442 1.
985 2409 1032 2455 5.
1060 2390 1214 2445 Extr.
1237 2391 1515 2466 suspectam
1544 2393 1754 2448 reddidit
1792 2392 1931 2464 ipfius
1970 2392 2324 2453 Latinitatem,

114 2482 266 2536 quum
293 2460 476 2518 nullam
499 2464 547 2514 in
572 2463 658 2516 hoc
686 2462 874 2535 culpam
908 2463 966 2515 ab
993 2481 1043 2518 eo
1073 2464 1362 2538 commissam
1389 2466 1529 2538 fuiffe
1554 2503 1570 2529 ,
1618 2470 1725 2538 jam
1764 2467 1963 2521 doceant
1991 2476 2141 2518 notae.
2219 2462 2325 2517 De-

114 2536 290 2591 clamat
311 2536 623 2590 vehementer
647 2538 698 2589 in
725 2536 936 2606 nostrum
956 2538 1256 2610 Rutgersms
1275 2577 1289 2602 ,
1325 2541 1450 2612 quod
1481 2541 1739 2595 deceffiffe
1764 2540 1992 2594 catulum
2020 2538 2228 2601 dixerit,
2265 2538 2323 2591 cle

115 2627 229 2664 cane
258 2621 504 2683 tamquam
529 2609 585 2664 de
614 2609 802 2663 homine
833 2609 1028 2665 locutus.
1071 2611 1200 2673 Sed,
1235 2625 1349 2667 utut
1374 2614 1485 2674 hoc,
1529 2613 1592 2675 dy
1609 2616 1843 2688 quaedam
1871 2614 1980 2666 huic
1992 2610 2326 2681 stmilia,stnt

116 2687 278 2756 inepta
295 2723 308 2746 ,
343 2702 436 2737 non
458 2694 699 2756 propterea
727 2694 888 2738 tamen
917 2703 946 2737 a
970 2683 1144 2740 Tiberii
1150 2685 1312 2756 seculo
1334 2701 1444 2760 opus
1473 2689 1560 2742 hoc
1588 2685 1971 2763 abjudicandam.

191 2757 453 2811 Praeterea
459 2755 515 2826 st
537 2756 853 2829 exemplorum
875 2757 1181 2832 fingulorum
1207 2760 1401 2832 interfit
1430 2779 1609 2815 nexum
1644 2792 1658 2825 ;
1689 2761 1745 2832 st
1765 2758 2064 2829 transttzones
2091 2756 2150 2811 ab
2181 2759 2323 2810 unius

114 2832 323 2883 virtutis
361 2828 662 2901 descriptione
701 2829 764 2884 ad
803 2829 1152 2904 descriptionem
1188 2831 1386 2886 alterius
1420 2873 1436 2897 ‚
1469 2834 1527 2902 st
1552 2847 1799 2907 perpetuas
1832 2837 2037 2886 virtutis
2070 2829 2324 2903 propoſjtae

116 2903 539 2958 commendationes
565 2941 581 2965 ‚
631 2902 1042 2977 insectationesque
1081 2908 1317 2960 vitiorum
1349 2946 1364 2971 ‚
1414 2907 1664 2980 diligenter
1706 2906 1958 2977 confideres
1985 2941 2000 2967 ,
2051 2907 2147 2958 vix
2184 2905 2322 2976 quid-

118 2993 292 3047 quam,
327 2979 489 3049 opinor
506 3014 521 3039 ,
554 2973 733 3048 plenius
766 2977 1043 3047 desiderabis
1072 3017 1087 3041 ‚
1112 2977 1287 3051 saltem
1311 2983 1427 3054 quid
1450 2982 1558 3035 inde
1588 2981 1787 3055 recisum
1812 2979 2043 3034 videatur
2065 2997 2157 3032 non
2183 2981 2322 3030 inve„

115 3052 226 3103 nies.
302 3051 370 3106 Ut
394 3050 507 3106 adeo
525 3086 540 3113 ,
562 3048 618 3123 st
638 3050 918 3125 quandoque
944 3056 994 3108 in
1019 3052 1274 3128 Epitomen
1299 3055 1577 3111 contractus
1601 3054 1751 3119 fuerit
1779 3055 2015 3113 Valerius
2035 3092 2051 3118 ,
2089 3052 2216 3107 illius
2233 3066 2321 3121 ge«-

1478 3129 1625 3198 †††
