2516 3509
2023 100 2135 172 629

191 179 234 212 33
268 170 425 232 Qam
459 169 622 218 deinde
654 171 696 218 se
729 175 973 237 prudenter
1005 182 1053 228 in
1085 200 1191 250 rege
1213 189 1442 240 Masmiffa
1474 185 1626 260 geffit!
1664 202 1794 249 Nam
1827 217 1936 249 cum
1959 217 2118 266 prorn-

125 251 319 317 ptissima
354 250 403 297 δί
436 250 686 300 fideliffima
716 255 809 317 ejus
844 273 982 320 opera
1014 262 1215 313 adversus
1250 268 1640 335 Carthaginienses
1673 280 1773 328 usus
1806 281 1941 340 effet‘,
1987 297 2114 330 eum·
2131 293 2204 364 {5512-
2223 290 2313 333 circi<

126 346 215 393 que
245 331 293 376 in
324 329 552 377 dilatando
586 347 729 395 regno
763 335 1008 384 avidiorem
1042 357 1271 405 cerneret,
1308 353 1354 385 34
1388 351 1510 411 legem
1531 354 1649 412 ferri
1676 358 1828 420 juffit,
1862 376 1942 420 qua
1973 362 2112 425 Mafi-
2182 354 2192 365 ’

124 411 251 471 ⁷²²ffi¹⁶³
283 411 337 456 ab
370 413 538 471 imperio
564 414 705 471 populi
739 418 912 462 Romani
938 417 1117 478 solutam
1152 425 1384 471 libertatem
1417 430 1633 478 tribueret.
1700 434 1815 492 Qio
1850 435 1968 484 facto
2003 453 2111 484 cum

126 490 303 553 optime
336 491 486 536 meriti
519 491 880 541 benevolentiam
914 499 1129 561 retinuit,
1165 516 1263 549 tum
1301 506 1605 556 Mauritaniae
1641 512 1688 558 ὅ(
1722 514 2000 574 Numidiae,
2034 532 2107 563 ce-

122 580 409 633 terarumque
439 569 556 617 illius
594 571 759 619 trachis
793 577 1002 639 gentium
1038 595 1267 644 nunquam
1291 582 1380 630 fida
1413 601 1523 648 pace
1549 591 1852 652 quiescentem
1886 596 2109 645 feritatem

123 645 161 693 a·
182 646 319 697 valvis
354 647 437 695 suis
472 651 652 713 repulit,

882 799 1354 852 EXTERNA.

193 938 233 969 35
271 932 478 996 Tempus
513 933 698 984 deficiet
740 938 984 988 domestica
1017 959 1303 993 narrantem:
1359 950 1573 1012 quoniam
1623 951 1862 1015 imperium
1908 956 2112 1004 nostrum

126 1025 218 1055 non
252 1022 342 1056 tam
379 1011 542 1058 robore
577 1030 1020 1082 corporuquuam
1055 1025 1312 1072 animorum
1347 1028 1506 1091 vigore
1539 1030 1870 1081 incrementum
1906 1054 1956 1084 ac
1992 1039 2112 1086 tut'e-

126 1088 213 1135 lam
248 1089 311 1136 sui
345 1093 704 1155 comprehendit.
778 1100 961 1163 lk‘lajore
1006 1104 1158 1167 itaque
1192 1122 1247 1153 ex
1283 1121 1411 1170 parte
1444 1111 1656 1159 Romana
1686 1114 1925 1177 prudentia
1958 1120 2004 1165 in
2038 1121 2112 1167 ad-

128 1168 366 1214 miratione
400 1171 537 1217 tacita
570 1188 842 1235 reponatur,
878 1178 1222 1248 alienigenisque
1246 1184 1379 1248 hujus
1402 1189 1576 1249 generis
1612 1193 1829 1256 exemplis
1856 1196 1988 1245 detur
2020 1200 2112 1246 adi-

128 1257 213 1291 tus.
282 1247 486 1293 Socrates
522 1248 741 1297 humanae
775 1253 1010 1317 sapientiae
1043 1259 1165 1322 quafi
1201 1262 1428 1324 quoddam
1463 1267 1666 1313 terrestre
1700 1273 1935 1321 oraculum
1957 1311 1971 1334 ,
2008 1279 2220 1351 m'hilPlato
2239 1321 2325 1352 ΑΜ-

123 1325 238 1368 ultra
262 1326 482 1382 petendum
515 1329 543 1371 ὰ
565 1328 644 1373 eliis
676 1334 980 1380 immortalibus
1013 1336 1335 1399 arbitrabatur,
1371 1358 1495 1402 qnam
1518 1356 1564 1390 ut
1588 1348 1691 1393 bona
1722 1353 1978 1411 tribuerent3
2014 1362 2111 1418 quin
2128 1362 2221 1394 biade
2249 1373 2295 1394 ¹¹*

125 1400 159 1443 ii
191 1400 351 1445 demum
372 1400 529 1461 seirent
559 1407 660 1464 qnid
688 1411 898 1470 unicnique
930 1413 1022 1472 effet
1056 1417 1189 1463 utile:
1222 1433 1290 1463 nos
1323 1431 1460 1466 nutem
1487 1426 1726 1487 pleramque
1756 1431 1803 1474 id
1833 1429 1877 1467 3⁶
1901 1439 2007 1482 votis
2040 1455 2110 1484 ex-

120 1486 284 1532 petere,
323 1477 431 1536 qnod
460 1493 534 1523 non
566 1483 794 1543 impetraffi
825 1489 969 1534 melius
991 1487 1125 1549 foret.
1168 1491 1354 1539 Etenim
1391 1493 1648 1548 densiffimis
1683 1503 1874 1552 tenebris
1909 1508 2110 1561 involuta

1985 1603 2107 1636 mor-

131 1678 196 1715 Uln'
214 1693 293 1716 ‘vero
321 1682 422 1717 etiam
446 1682 604 1732 pertinax
634 1687 803 1726 intercedit
832 1690 952 1731 odium.
976 1695 1091 1733 Etiam
1143 1697 1276 1735 Malim
1309 1706 1435 1740 tamen
1462 1704 1511 1742 ibi
1538 1705 1578 1743 *to*

123 1729 268 1819 Iaiidldidit
287 1731 433 1780 Pighius
447 1762 458 1779 ‚
473 1737 797 1783 comprobantibus
816 1743 1090 1796 MSS.&Mog.
1143 1749 1331 1797 accipere,
1360 1761 1400 1789 ut
1430 1758 1562 1792 animus

1605 1705 1736 1751 deficere
1763 1709 1925 1751 absoiute
1950 1715 2108 1762 politum

1590 1756 1723 1796 dicitur
1747 1760 1898 1808 deficere,
1933 1766 2025 1803 homo
2054 1770 2110 1807 de-

180 1844 238 1882 32.
264 1836 332 1871 Par
357 1835 419 1870 illa
442 1836 612 1885 sapientia
624 1842 786 1887 senatus,
809 1858 875 1893 qua
897 1846 970 1885 Ttb.
985 1851 1092 1885 Grac-

123 1882 234 1932 chum]
264 1885 386 1922 Deleo
415 1899 480 1935 qua
509 1899 593 1926 cum
627 1892 738 1930 MSto
758 1921 768 1937 ‚
807 1897 844 1932 &
866 1897 1024 1936 Ascenfii
1053 1913 1090 1936 e-

125 1933 279 1972 ditione.
306 1936 598 1977 PERIZON.
644 1944 720 1990 Qua
749 1946 929 1984 omittunt
960 1962 1091 1988 omnes

127 1984 222 2022 Edd.
245 1994 387 2034 praeter
407 1988 704 2035 Mog.omittunt
726 1997 836 2033 etiam
859 1999 966 2035 MSS.
988 2000 1089 2038 oeto.

177 2047 236 2085 33,
264 2038 372 2083 Quam
398 2036 513 2074 deinde
534 2043 713 2090 prudenter
731 2049 769 2092 se
795 2051 831 2081 in
859 2051 952 2099 Rege
975 2052 1089 2093 Mall-

123 2086 207 2134 niffiz
231 2087 341 2137 geffit]
391 2087 576 2128 Ultimum
608 2093 683 2130 hoc
716 2096 786 2139 est,
814 2100 917 2145 qaod
944 2100 1086 2147 adfert,

125 2139 184 2174 cui
218 2149 295 2174 non
330 2146 405 2175 tam
437 2137 554 2176 deinde
578 2167 588 2184 ‚
624 2156 735 2190 quam
767 2147 907 2197 denique
940 2162 1082 2189 conve-

123 2189 187 2226 nit.
242 2189 288 2225 Et
323 2189 403 2226 sane
442 2190 586 2229 videtur
615 2194 663 2231 ita
694 2196 731 2232 in
768 2198 880 2235 MSto
918 2212 936 2236 a
962 2203 1082 2249 prima

121 2251 237 2277 manu
259 2237 372 2276 fuiffe.
395 2251 544 2288 apparet
566 2244 664 2281 enim
687 2245 774 2283 deni.
795 2248 935 2297 adjceta
960 2252 1079 2292 adhuc

122 2291 191 2328 fuit
218 2302 290 2327 una
318 2290 420 2327 litera
448 2292 544 2329 haud
565 2293 694 2339 dubie,
719 2309 813 2344 quae
836 2301 930 2338 erasa
957 2312 1033 2341 etat
1060 2317 1079 2342 a

122 2353 236 2378 manu
266 2341 444 2385 secunda,
472 2354 567 2391 quae
599 2346 636 2382 ὃς
656 2346 755 2394 supra
785 2351 820 2384 in
848 2350 981 2400 scripsit
1010 2366 1080 2392 no-

121 2400 197 2429 tam
222 2420 231 2435 ‚
267 2404 339 2440 qua
374 2392 574 2429 ostenditur
611 2396 809 2444 legendum
849 2399 918 2439 effe
953 2403 1081 2444 deinde.

120 2443 363 2480 PERIZON.
392 2443 490 2480 Vide
508 2444 608 2493 supra
630 2447 746 2485 L.11i.
770 2462 801 2486 2.
828 2463 882 2489 10.

173 2504 229 2542 34.
259 2497 374 2543 Legem
390 2495 494 2538 tulit,
522 2510 587 2544 qua
611 2499 826 2550 Adafiniffize]
855 2503 959 2552 Lege
985 2519 1082 2556 quae.

115 2543 358 2581 PERIZON.

194 2607 252 2643 35.
305 2596 441 2643 Tempus
483 2596 606 2647 deficiet
650 2598 820 2648 domestica
867 2608 1077 2659 narrantem]

111 2645 211 2684 ‘Edd.
240 2646 346 2692 Mog.
374 2647 411 2682 ὃς
440 2648 596 2685 Mediol.
623 2655 798 2697 narranti,
837 2657 939 2703 quod
966 2659 1013 2696 est
1042 2661 1079 2697 in

122 2697 229 2734 Leid.
252 2697 357 2743 prim.
383 2696 469 2734 sext.
490 2699 620 2749 Ultraj.
644 2702 711 2738 see.
735 2703 865 2753 Copes.
886 2707 990 2746 Barb.
1009 2710 1078 2749 sec,

121 2748 192 2785 Sed
220 2754 390 2796 quartum
416 2748 536 2785 casum
569 2753 779 2797 praeferunt
808 2758 941 2804 optimi
969 2760 1078 2800 seculi

117 2799 318 2847 scriptores.
369 2797 468 2833 Vide
497 2801 597 2837 Nob.
626 2803 751 2840 Heins.
781 2806 823 2843 ad
845 2808 956 2847 Ovid.
977 2812 1012 2848 L
1047 2826 1076 2851 1.

119 2851 208 2887 Am.
235 2862 271 2897 9.
302 2860 361 2897 93.
406 2849 443 2884 ἓξ
464 2848 633 2888 Perizon.
671 2854 714 2890 ad
736 2856 852 2895 Sana.
892 2860 939 2898 L.
967 2874 1078 2914 111.3.

119 2902 168 2938 N.
195 2913 253 2946 40.
280 2899 444 2946 Propert.
470 2907 595 2938 tamen
616 2904 659 2941 L.
688 2917 718 2942 1.
745 2919 775 2943 1.
796 2918 828 2953 7.

166 2954 210 2990 Et
230 2950 310 2988 mibi
324 2954 397 2999 jam
415 2960 483 2988 toto
494 2953 589 2998 furor
605 2953 656 2991 ln‘c
674 2969 737 2994 non
756 2956 861 3007 deficit
880 2975 980 3002 anno.

1133 1799 1254 1846 ficere,
1283 1802 1347 1850 qui
1375 1803 1552 1854 linquitur
1580 1808 1713 1854 vitibus
1743 1813 1781 1848 δε
1808 1812 1996 1855 defetiscit.
2051 1821 2106 1859 Ita

1134 1853 1232 1893 furor
1260 1851 1368 1899 deficit
1403 1856 1472 1899 est,
1506 1860 1687 1909 languescit
1710 1891 1718 1903 ,
1760 1866 1995 1917 exstinguitur.
2049 1872 2107 1909 Sic

1142 1902 1224 1937 mibi
1262 1903 1429 1942 additum
1468 1908 1609 1953 fuerit,
1656 1919 1696 1947 ut
1736 1914 1857 1952 multis
1904 1918 1977 1955 aliis
2023 1933 2104 1960 ver-

1142 1951 1193 1988 bis
1216 1978 1226 1993 ,
1276 1953 1439 2003 alioquin
1468 1960 1615 1996 tertium
1651 1962 1771 2000 casum
1800 1977 1878 2003 non
1907 1968 2103 2011 admitten-

1141 2002 1247 2040 tibus.
1299 2006 1551 2047 Nihilominus
1585 2010 1688 2058 supra
1723 2014 1768 2050 L.
1805 2028 1839 2053 v.
1883 2031 1913 2055 1.
1961 2021 2043 2060 Ext.
2068 2036 2102 2073 3.

1136 2053 1220 2139 fytfi
1248 2056 1365 2092 vinum
1390 2059 1482 2095 nobis
1509 2059 1609 2107 defeci
1639 2075 1669 2098 et
1693 2091 1702 2107 ‚
1744 2066 1850 2104 MSS.
1897 2071 2102 2113 constanter

1152 2113 1293 2143 Cl‘Vssnl'.

1187 2156 1245 2204 36.
1282 2158 1372 2194 Vbti's
1397 2160 1564 2210 expetere]
1600 2161 1733 2212 Ultraj.
1759 2168 1864 2214 prim.
1894 2170 1995 2211 addit
2012 2178 2102 2222 sole-

1134 2218 1233 2248 mus,
1269 2207 1337 2244 sec.
1365 2212 1499 2256 scimus.
1545 2213 1715 2262 Uterque
1754 2219 1858 2257 Med.
1904 2229 2099 2273 expetimus,

1133 2255 1241 2294 Leid.
1269 2267 1385 2306 quart.
1412 2272 1646 2310 expeteremus.

1183 2318 1243 2355 37.
1278 2312 1362 2344 Late
1392 2321 1544 2358 patentes
1577 2314 1716 2364 errores]
1764 2319 1870 2359 MSS.
1915 2325 2094 2375 Complu-

1130 2367 1186 2394 res
1209 2368 1294 2395 Cum
1316 2367 1404 2396 anti.
1427 2361 1517 2400 Edd.
1545 2365 1615 2399 late
1634 2377 1801 2411 patentem
1821 2387 1968 2412 errorem.
1996 2379 2090 2427 Cop.

1127 2417 1313 2456 parentem.
1346 2411 1496 2460 quidam
1523 2426 1693 2462 patentem
1714 2446 1726 2462 ‚
1772 2433 1857 2460 curn
1886 2426 1978 2464 Edd.
2008 2438 2090 2466 ante

1132 2458 1315 2506 Pighium.

1186 2510 1245 2559 38.
1272 2513 1384 2548 Etiam
1413 2515 1531 2565 eligere
1550 2518 1708 2563 apteffime
1728 2523 1874 2571 poffimt]
1901 2525 2015 2563 Aldus
2031 2528 2094 2567 ha-

1134 2558 1195 2597 bet
1223 2561 1417 2610 aptiffima:
1463 2567 1564 2614 quod
1598 2569 1742 2617 Pighius
1777 2576 1814 2610 ὃς
1851 2575 1906 2611 alii
1947 2578 1985 2613 δε
2011 2579 2094 2617 reti-

1130 2620 1300 2650 nuerunt.
1352 2614 1495 2654 Verum
1523 2620 1680 2666 aptiffime
1711 2623 1819 2659 habet
1849 2632 1998 2674 uterque
2028 2641 2093 2667 co-

1131 2660 1201 2698 dex
1229 2663 1363 2701 Brand.
1405 2667 1444 2703 ὃς
1470 2678 1614 2706 veteres
1641 2671 1816 2709 editiones
1845 2674 2018 2716 Clialcoc.
2051 2684 2093 2720 &

1131 2712 1241 2750 Mart.
1267 2715 1422 2764 Herbip.
1448 2718 1540 2755 Vult
1570 2722 1751 2758 omnnino
1783 2723 1971 2771 Valerius,
1996 2733 2089 2769 Deos

1130 2771 1175 2798 (9'
1201 2779 1243 2799 ex
1266 2767 1366 2810 sacili
1393 2766 1477 2805 bona
1504 2770 1642 2805 tribuere
1659 2774 1766 2817 solere
1785 2781 1828 2808 Θ*
1850 2776 2009 2823 aptiffi'me
2031 2781 2089 2818 bo-

1129 2827 1172 2850 na
1202 2817 1321 2865 eligere
1341 2817 1437 2865 poffe.
1477 2819 1639 2857 VORS
1654 2822 1701 2857 T.
1745 2824 1953 2872 uAptiffime,
1986 2834 2088 2879 quod

1129 2866 1302 2913 praestat,
1328 2867 1463 2906 habent
1501 2870 1587 2907 oeio
1614 2871 1720 2907 MSS.
1748 2884 1832 2911 cum
1855 2877 1959 2926 Mog.
1990 2882 2086 2924 Ven,

1130 2916 1289 2955 Mediol.
1323 2919 1410 2957 Asc.
1446 2920 1638 2970 ,Aptfflma
1667 2923 1802 2969 primus
1833 2925 1931 2965 dedit
1960 2932 2086 2975 Aldus,

1107 2971 1110 2974 ’
1129 2976 1197 3013 pro
1219 2979 1292 3017 qua
1312 2964 1408 3019 Co'p.
1428 2970 1533 3009 habet
1551 2973 1669 3021 optime
1689 3000 1699 3016 ,
1721 2973 1808 3010 &ex
1818 2979 1920 3021 factla'
1935 2983 2086 3028 omittit.

1609 3022 1709 3060 Kkk
1738 3024 1762 3061 k
1798 3038 1816 3075 3
1957 3043 2014 3081 39.
2042 3043 2085 3078 Π,
