2387 3421
351 98 1051 160 DEDICATIONES
1101 97 1225 156 ET
1274 101 1501 160 PRAE
1520 100 2016 165 FATIONES.

83 226 169 275 stra
200 223 464 274 contulerit.
531 222 575 270 Is
616 220 745 287 spero
784 219 1004 268 fatebitur
1037 219 1225 285 puriore
1260 231 1374 284 toga
1407 222 1618 271 indutum
1654 225 1840 288 prodire
1870 241 1995 274 nunc
2032 225 2298 286 Valerium,

83 290 314 356 magisque
340 289 518 348 sanum,
558 289 820 352 integrum,
868 302 920 333 ac
953 286 1166 332 nitidum.
1238 286 1452 350 Amplius
1484 290 1604 334 enim
1639 307 1773 352 quam
1807 290 2099 356 oftingentos
2130 309 2297 340 naevos

83 357 279 421 insignes
306 354 693 412 emaculavimus,
740 352 877 399 vastas
910 351 1089 398 lacunas
1130 350 1442 414 supplevimus
1478 366 1683 398 veterum
1721 357 2050 419 exemplarium
2096 359 2294 416 auxilio,

84 425 319 469 cicatrices
349 435 486 484 atque
515 418 668 465 ulcera
701 417 833 463 foeda
864 416 993 480 plura
1025 416 1286 463 sanavimus.
1332 417 1624 463 Divinationi
1657 420 1840 480 quidem
1868 423 2112 485 aliquando
2143 424 2295 471 indul-

85 487 286 553 gendum
319 485 407 532 fuit
427 519 442 544 ,
495 484 568 531 sed
599 482 848 530 admodum
884 482 1088 545 religiose
1118 498 1170 527 ac
1208 497 1342 544 parce
1374 482 1466 527 hoc
1499 481 1685 528 faetum.
1752 484 1880 530 Nam
1910 488 2122 551 antiquos
2155 489 2293 536 libros

85 568 147 600 ita
178 552 319 599 secuti
347 551 496 597 sumus
515 584 529 608 ,
575 562 627 595 ut
659 547 967 594 emendatiora
996 547 1235 593 dumtaxat
1256 579 1272 602 ,
1320 547 1514 611 vulgatis
1544 547 1719 593 mendis
1745 548 1921 611 rejefflis
1942 584 1956 607 ,
1996 554 2292 617 ample&ere-

85 634 223 675 mur3
269 632 438 663 errores
472 628 623 661 autem
647 648 662 673 ,
705 613 783 677 qui
814 611 982 658 infiniti
1014 613 1151 658 etiarn
1193 609 1295 657 sunt
1328 612 1374 658 in
1404 612 1579 675 scriptis
1615 612 1853 660 codicibus
1875 648 1890 674 ,
1934 620 2294 676 praeteriremus,

86 683 423 747 Exemplorum
455 680 634 743 insuper
661 678 820 725 titulos
853 675 878 722 a
908 676 1098 723 librariis
1130 678 1373 723 contextui
1404 677 1649 724 Valeriano
1685 691 1854 725 temere
1885 678 2068 727 insertos
2088 716 2104 740 ,
2143 701 2194 731 ac
2225 685 2291 732 fe-

89 766 134 795 re
164 751 342 811 ineptos
371 762 423 792 ac
458 745 609 803 falsos,
645 743 806 806 quibus
842 757 1078 805 perperam
1110 742 1245 788 video
1282 743 1430 806 capita
1453 743 1682 799 diffecari3
1721 760 1829 789 cum
1865 744 1911 790 in
1931 747 2159 793 veteribus
2188 748 2293 796 scri-

88 814 178 877 ptis
210 811 540 875 exemplaribus
574 825 668 854 non
710 807 961 854 habeantur
985 840 1000 864 ,
1043 824 1136 852 non
1178 807 1291 853 adeo
1333 807 1453 853 nefas
1485 808 1739 856 existimavi
1774 812 1799 855 e
1835 823 2062 857 contextu
2103 815 2294 862 omnino

89 879 355 925 submovere
377 909 392 934 ,
436 875 688 921 amicorum
728 873 903 933 aliquot
935 870 1221 916 eruditorum
1250 871 1572 935 suffragatione
1606 873 1662 919 ad
1697 875 1788 920 hoc
1823 875 2158 937 confirmatuS,
2214 895 2296 926 nec

90 960 188 990 mea
224 942 356 988 solius
389 939 606 985 sententia
647 939 793 982 nixus.
862 935 946 982 Ne
977 947 1129 980 tamen
1165 936 1248 982 hos
1274 935 1494 1000 quispiam
1530 937 1709 1000 prorsus
1741 939 1913 986 ablatos
1955 955 2262 1005 conqueratur
2283 978 2299 1003 ‚

87 1007 260 1055 recusos
292 1018 427 1068 atque
460 1003 720 1054 emendatos
753 1015 890 1064 quam
924 998 1179 1047 brevissime
1213 1002 1347 1065 potui
1376 1002 1603 1065 capitibus
1637 1002 1722 1049 suis
1758 1004 1821 1050 ita
1849 1008 2109 1069 praetexui,
2145 1021 2197 1054 ut
2218 1025 2297 1055 ex-

90 1072 249 1135 emplis
285 1070 467 1134 singulis
498 1068 657 1114 ordine
687 1064 995 1129 respondeant.
1068 1066 1231 1128 Adjeci
1264 1065 1444 1131 insuper
1478 1069 1525 1114 in
1556 1068 1681 1115 calce
1710 1070 1860 1132 operis
1891 1070 2101 1134 quasdam
2131 1073 2302 1122 nostras

85 1137 398 1184 annotationes
419 1169 433 1193 ,
487 1135 533 1180 in
570 1132 733 1197 quibus
761 1147 868 1177 cum
899 1129 1044 1176 multa
1075 1131 1128 1177 ad
1162 1130 1360 1178 au&01‘is
1394 1133 1528 1196 hujus
1558 1134 1915 1197 explicationem
1946 1138 2188 1199 potuissem
2221 1140 2302 1186 ad-

85 1202 278 1260 ducere,
315 1217 370 1247 ne
406 1214 556 1246 tamen
591 1199 723 1244 nimis
752 1196 885 1243 essem
917 1197 1154 1260 prolixus3
1191 1196 1291 1243 satis
1322 1198 1466 1243 visum
1502 1198 1589 1246 fuit
1614 1200 1984 1247 emendationum
2019 1201 2166 1250 causas
2199 1204 2301 1251 red-

86 1267 242 1313 didisse
276 1265 462 1322 lccsstori3
503 1281 594 1310 non
621 1264 829 1309 omnium
862 1274 1042 1320 tamen,
1075 1262 1181 1308 esset
1212 1263 1334 1308 enim
1371 1262 1645 1311 fastidiosum
1671 1281 1722 1311 ac
1748 1265 1840 1311 fere
1874 1266 2111 1314 infinitum
2146 1271 2302 1318 omnia

86 1333 189 1379 loca
222 1345 396 1378 mutata
428 1329 667 1394 persequi,
712 1344 819 1374 cum
856 1326 902 1372 in
936 1327 1096 1373 ordine
1127 1340 1219 1373 tam
1252 1327 1501 1376 verborum
1537 1346 1675 1393 quam
1707 1330 1934 1392 periodon
1960 1365 1974 1388 ‚
2031 1345 2131 1379 tum
2163 1335 2302 1383 etiam

83 1400 130 1444 in
164 1398 356 1461 propriis
388 1397 649 1442 nominibus
681 1393 852 1456 ubique
884 1390 976 1438 fere
1008 1394 1252 1456 corruptis.
1320 1395 1458 1455 Quae
1483 1395 1655 1442 etiarnsi
1678 1396 1798 1441 inter
1820 1396 2111 1462 offingentos
2136 1415 2301 1448 naevos

85 1479 180 1509 non
210 1478 469 1520 numerem,
507 1460 552 1506 ὃ(
577 1462 622 1506 in
647 1457 1016 1505 annotationibus
1047 1471 1411 1521 praetereantur3
1447 1461 1586 1507 velim
1615 1475 1768 1507 tamen
1792 1460 2040 1523 persuamm
2066 1462 2177 1522 effe,
2204 1481 2300 1513 non

86 1527 170 1575 nifi
213 1544 270 1573 ex
330 1527 612 1589 antiquitatis
667 1523 792 1583 fide,
856 1536 993 1586 atque
1038 1536 1244 1569 veterum
1301 1524 1520 1573 codicum
1573 1526 1846 1574 auffitoritate
1905 1542 1956 1574 ea
2004 1542 2079 1574 me
2132 1530 2303 1577 mutas-

85 1592 141 1639 se.
209 1594 468 1649 Praeterea,
504 1607 560 1637 ne
590 1589 699 1653 quid
732 1590 777 1636 in
811 1588 902 1634 hoc
939 1604 1078 1653 opere
1109 1588 1250 1648 defit,
1295 1589 1343 1636 &
1379 1607 1486 1637 cum
1520 1592 1771 1656 plurimum
1808 1592 1922 1638 lucis
1956 1591 2128 1639 adferat
2157 1594 2304 1642 histo·

84 1659 174 1705 riae
204 1657 276 1703 vel
309 1656 397 1702 sola
439 1670 703 1719 temporum
738 1654 950 1718 cognitio
973 1688 988 1713 ,
1033 1670 1146 1717 quae
1177 1656 1472 1703 vehementer
1505 1657 1561 1703 ad
1595 1657 1740 1703 causas
1762 1691 1777 1715 ,
1824 1656 2011 1704 consilia
2031 1692 2047 1717 ,
2095 1673 2180 1705 nec
2207 1677 2301 1708 non

83 1739 234 1769 rerum
259 1720 615 1768 circumstantias
651 1718 964 1784 intelligendas
995 1720 1246 1778 conducit,
1283 1736 1376 1766 non
1413 1721 1652 1769 absurdum
1680 1722 1885 1787 judicavi
1914 1723 2140 1770 Romanis
2172 1742 2302 1788 prae·

81 1789 217 1852 cipue
249 1787 469 1850 exemplis
498 1800 707 1851 tempora
728 1799 863 1849 atque
886 1801 1049 1843 annos,
1066 1785 1251 1849 ¹quibus
1272 1788 1570 1851 contigerunt
1585 1822 1598 1845 ,
1634 1801 1872 1846 annotare,
1907 1802 1961 1835 ut
1984 1788 2179 1835 studioso
2202 1791 2302 1855 ple-

81 1854 258 1900 niorem
292 1852 526 1899 historiam
570 1852 775 1915 cupienti
817 1850 937 1897 haud
966 1849 1021 1897 fit
1052 1849 1240 1897 difficile
1273 1851 1327 1898 ad
1361 1853 1536 1899 annales
1570 1854 1786 1900 Livianos
1812 1853 2064 1900 aliorumve
2097 1870 2301 1904 recurre-

80 1935 150 1978 re,
186 1918 258 1965 vel
291 1918 429 1964 etiam
463 1918 519 1963 ad
553 1918 730 1964 nostros
758 1918 1082 1963 Romanorum
1118 1917 1466 1980 magistratuum
1502 1918 1664 1975 brevi,
1709 1918 1970 1965 volentibus
2004 1918 2174 1983 superis
2196 1954 2209 1977 ,
2252 1923 2298 1969 in

79 1984 320 2048 publicum
354 1984 579 2030 exituros:
616 1983 695 2046 qui
730 1984 825 2046 ejus
858 1983 1117 2046 appetitum
1150 1982 1277 2028 uberi
1313 1982 1439 2047 saepe
1473 1984 1608 2048 copia
1641 1983 1945 2047 supplebunt,
1992 1998 2044 2031 ut
2078 1987 2299 2047 ampliora

82 2049 407 2096 commentaria
442 2065 535 2095 non
569 2047 624 2095 fit
655 2046 995 2093 desideraturus.
1076 2046 1164 2094 Sed
1199 2062 1249 2094 tu
1293 2048 1424 2095 nobis
1470 2049 1698 2113 (inquies)
1747 2049 1928 2095 messem
1965 2050 2012 2095 in
2047 2049 2184 2096 herba
2216 2052 2296 2099 de·-

82 2115 326 2173 monstras,
361 2114 471 2177 quid
496 2114 678 2159 interim
700 2128 823 2159 nunc
857 2111 1068 2159 esurienti
1104 2114 1315 2176 praebes,
1350 2131 1444 2177 quo
1471 2114 1637 2161 famem
1663 2113 1814 2160 sedet?
1851 2115 1905 2161 N
1910 2130 1933 2160 e
1958 2114 2100 2180 igitur
2125 2116 2294 2166 interea

81 2177 274 2224 studioso
307 2178 538 2241 provisum
574 2195 665 2224 non
702 2178 782 2236 sit,
817 2179 945 2224 volui
967 2176 1150 2241 singulis
1185 2180 1296 2225 item
1331 2180 1552 2242 exemplis
1584 2181 1685 2227 loca
1719 2179 1958 2227 auftorum
1985 2193 2186 2227 veterum
2226 2183 2295 2230 in-

81 2241 277 2307 figniora
307 2257 520 2290 annotare
555 2260 690 2305 quam
724 2243 1004 2299 breviffime,
1042 2259 1066 2288 e
1098 2244 1263 2306 quibus
1297 2245 1368 2290 vel
1401 2244 1608 2292 latiorem
1645 2245 1907 2304 historiam,
1951 2245 2022 2292 vel
2056 2246 2294 2296 meliorem

79 2324 142 2353 rei
174 2306 372 2370 ejusdem
405 2308 759 2369 explicationem
795 2308 973 2352 haurire
1007 2309 1180 2368 poterit
1202 2340 1216 2362 ,
1263 2306 1295 2352 fi
1324 2324 1375 2354 ea
1406 2309 1639 2355 consulere
1673 2310 1951 2373 Valerioque
1985 2310 2191 2358 conferre
2225 2314 2296 2360 vi-

78 2371 175 2419 sum
210 2372 359 2418 fuerit.
404 2371 550 2418 Hunc
586 2371 737 2432 itaque
770 2370 1032 2428 au&orem,
1066 2370 1351 2419 illustrissime
1384 2373 1630 2437 Princeps,
1666 2375 1814 2421 multo
1836 2375 1980 2439 magis
2002 2392 2136 2440 quam
2168 2378 2295 2440 prius

77 2437 339 2500 expolitum
375 2448 512 2497 atque
541 2434 837 2494 instrucfflmm,
871 2448 922 2481 ut
956 2434 1035 2480 sub
1069 2448 1153 2482 tuo
1189 2436 1533 2486 honoratiffirno
1569 2441 1754 2486 nomine
1788 2441 1835 2486 in
1868 2440 2018 2487 lucem
2052 2442 2290 2503 emittam,

78 2502 200 2549 haud
232 2500 493 2565 vulgaribus
527 2499 729 2546 adducor
764 2498 926 2546 causis:
964 2516 1153 2564 quarum
1190 2502 1362 2565 primae
1396 2502 1497 2551 sunt
1533 2522 1695 2570 magna
1728 2521 1857 2552 verae
1879 2506 2059 2552 virtutis
2080 2506 2291 2569 expecier-

76 2569 175 2624 tio,
207 2580 345 2630 atque
376 2565 624 2630 praeclarae
655 2565 818 2612 indolis
852 2566 1129 2613 incrementa
1150 2565 1175 2612 a
1195 2582 1268 2613 me
1301 2585 1393 2616 non
1427 2570 1560 2618 semel
1594 2569 1824 2635 perspe&a
1857 2570 1904 2616 in
1936 2570 2163 2617 comitatu
2194 2588 2291 2620 am·-

74 2630 256 2698 pliffimi
293 2632 472 2695 patroni
506 2632 595 2678 mei
615 2630 866 2678 Cardinalis
885 2632 1202 2692 Granvellani,
1239 2649 1345 2680 cum
1381 2635 1416 2681 is
1439 2637 1680 2683 Bruxellae
1714 2634 2029 2683 nobilissimam
2065 2635 2186 2683 illam
2210 2638 2291 2685 he-

76 2699 252 2744 roinam
295 2711 520 2744 virtutum
555 2699 761 2744 omnium
809 2698 997 2744 cumulo
1029 2698 1350 2747 ornatiffimam
1387 2716 1580 2750 matrem
1614 2716 1741 2750 tuam
1776 2701 2069 2765 negotiorum
2105 2702 2177 2748 vel
2212 2702 2287 2751 of-

80 2763 176 2810 ficii
211 2761 337 2809 causa
370 2762 548 2810 visitare
581 2762 767 2823 soleret,
813 2776 958 2825 tuque
991 2762 1055 2809 illi
1090 2765 1273 2812 adeunti
1307 2766 1566 2830 frequenter
1611 2767 1796 2814 honoris
1830 2767 1975 2829 gratia
2009 2783 2287 2817 occurreres.

78 2828 311 2891 Deinceps
345 2844 401 2874 ex
438 2829 517 2874 tali
550 2829 866 2892 expeetatione
900 2828 1039 2875 fluxit
1073 2847 1202 2877 amor
1235 2848 1360 2880 meus
1392 2848 1503 2898 ergo
1539 2846 1585 2879 te
1607 2834 1803 2890 tacitus,
1838 2831 2202 2895 propensumque
2237 2835 2286 2882 in

76 2892 433 2940 observationem
469 2894 670 2941 animum
703 2895 818 2940 ratio
853 2893 1040 2940 demum
1075 2896 1288 2959 impulit,
1324 2915 1429 2944 cum
1465 2898 1642 2945 audiam
1679 2898 1960 2944 Lovaniense
1998 2899 2282 2960 tyrocinium

74 2958 122 3007 in
155 2959 291 3006 literis
324 2972 457 3006 tuum
494 2976 588 3006 non
621 2959 843 3005 minorem
887 2960 1252 3024 expe5³mtionem
1288 2964 1499 3010 omnibus
1533 2963 1787 3011 concitasse.
1856 2962 2124 3010 Laudantur
2156 2965 2282 3012 enim

71 3024 269 3088 publicis
288 3023 534 3073 dmitorum
559 3025 803 3074 hominum
825 3025 1094 3075 testimoniis
1128 3029 1383 3092 progress'us
1419 3029 1472 3076 ad
1507 3031 1729 3093 pietatem
1752 3040 1888 3091 atque
1922 3027 2071 3077 literas
2106 3029 2172 3143 ispi
2207 3031 2280 3077 in-

1444 3097 1512 3155 Η
1550 3109 1578 3142 2
2144 3111 2284 3161 griesz,
