2516 3509
614 46 789 100 DE
899 42 1566 103 GRATIS.

154 165 312 228 Qem
352 154 533 206 secundi
575 156 717 203 etiam.
752 154 860 202 belli
901 154 1065 201 Punici

91 241 256 292 Fulvio
292 236 452 301 Capua
484 233 793 292 obsideretur,
826 248 878 279 ac
913 232 1025 278 duae
1062 233 1322 297 Campanae
1366 233 1575 279 mulieres
1618 224 2003 282 benevolentian·i¹
2028 252 2094 283 er-

1978 62 2092 123 2435

1113 167 1322 219 tempore
1368 154 1595 201 exhibuit.

87 343 147 392 ga
181 324 420 369 Romanos
452 316 684 364 dimittere
717 331 775 360 ex
809 314 967 361 animis
1002 312 1279 370 noluissent,
1327 317 1367 338 ²⁰
1411 310 1569 358 Vestia
1604 310 1778 374 Opidia
1820 313 2094 362 materfami-

87 405 201 464 lias,
257 399 306 446 δί
349 405 389 426 ²¹
431 396 599 446 Cluvia
641 395 808 444 Facula
852 395 1066 442 meretrix
1092 415 1109 450 3
1159 407 1351 456 quarum
1390 389 1527 437 altera
1572 391 1779 454 quotidie
1821 409 1907 455 pro
1960 394 2097 443 salute

99 610 130 637 1.
148 611 179 648 5.
205 595 367 636 habuifl‘e
384 597 512 636 saltem
532 608 591 635 eas
611 607 764 634 aureum
786 595 936 646 aliquod
958 596 1069 633 eti-am

94 650 134 687 in
164 650 309 688 auribus
340 658 635 687 ornamentum:
672 647 717 685 ad
746 659 859 697 quem
881 659 1028 685 morem
1052 658 1072 683 a

94 701 161 739 suo
190 701 315 738 seculo
345 701 529 738 diversum
557 700 749 748 respiciens
779 699 908 736 auetor
941 711 984 736 ea
1002 709 1072 735 vo-

33 751 40 754 *
97 761 155 789 cat
181 755 312 800 vetusta
353 754 523 803 insignia,
548 760 654 788 tanto
684 751 818 799 majori
841 751 947 798 jure,
975 761 1071 799 quo-

90 804 199 849 niam
234 805 311 853 ejus
338 812 513 853 tempore
535 803 693 840 uniones
723 801 901 838 matronis
931 812 998 848 pro
1028 800 1070 837 li-

97 853 200 891 &ore
221 862 347 898 erant,
375 856 615 903 facerentque
644 862 684 890 ut
715 852 889 890 submoto
918 850 1070 888 incede-

95 914 200 948 rent,
230 914 269 942 ut
296 905 428 943 alicubi
446 905 611 954 loquitur
631 904 780 941 Seneca.
826 901 942 950 Lipfii
964 901 1068 938 Con-

94 956 282 1004 jecsturam
299 984 309 1000 ‚
337 955 361 993 fi
379 956 474 994 libris
495 956 654 1004 antiquis
672 956 850 992 niteretur
870 953 1072 1001 praeferret

98 1006 185 1045 Oet.
216 1007 396 1045 Ferrarius
420 1008 464 1044 L.
492 1019 554 1043 111.
583 1007 629 1044 de
652 1007 708 1043 Re
722 1005 823 1042 Vest.
852 1004 895 1041 C.
928 1015 984 1049 17.

146 1064 357 1096 12.Novum
374 1057 501 1107 vittae]
515 1057 578 1095 Ad
600 1057 799 1094 discrimen·
815 1063 907 1104 puto
928 1065 1072 1099 earum,

95 1109 227 1159 quibus
256 1109 413 1157 virgines
442 1109 622 1147 nubentes
654 1108 691 1144 ὃς
724 1106 888 1144 Vestales
918 1106 1074 1144 uteban-

93 1167 164 1198 tur.
218 1160 379 1198 Ovidius
402 1160 447 1197 de
470 1160 596 1209 Sylvia
612 1158 675 1196 iib.
703 1170 766 1195 111.
795 1159 885 1196 Fast.

143 1221 282 1273 Ignibus
302 1224 416 1260 Iliae-is
436 1223 571 1261 aderam
585 1251 594 1266 ‚
622 1236 691 1258 cum
714 1224 806 1270 lapsiz
825 1223 956 1272 capilii-c

181 1273 311 1311 Decidit
331 1287 410 1312 ante
419 1278 531 1324 sacros
552 1277 641 1311 linea
663 1276 754 1310 vitta
770 1276 872 1320 focos.

92 1336 154 1375 De
171 1346 264 1376 vitta
284 1340 438 1388 nuptiali
459 1340 625 1388 intelligo
646 1337 733 1376 illud
755 1336 882 1375 Ifidori
912 1337 972 1375 lib.
998 1351 1074 1376 xxx.

93 1399 170 1437 cap.
202 1402 259 1439 31.
284 1396 390 1429 Vitta
414 1395 456 1440 est
477 1406 546 1442 qua
568 1405 684 1427 corona
702 1389 1072 1428 wincitur.COLER.

91 1443 236 1477 Novum
259 1444 370 1478 vittae
393 1441 573 1492 dafirimen.
602 1443 645 1480 In
665 1441 851 1480 veteribus
882 1442 980 1490 typis
1011 1454 1075 1478 ex-

93 1491 239 1539 preffis,
269 1494 308 1530 δί
326 1494 456 1531 Brand.
485 1494 593 1531 MSS.
622 1493 669 1531 est
687 1508 810 1529 novum
839 1494 932 1528 ‘vitae
961 1491 1076 1540 distri-

93 1557 179 1579 men.
232 1544 302 1581 Sed
320 1548 445 1583 vittam
466 1545 619 1593 intelligi
645 1544 735 1582 nihil
754 1543 907 1581 dubium
939 1545 997 1582 est.
1025 1545 1076 1581 E-

97 1592 345 1644 dideruntque
377 1597 427 1634 ita
447 1597 594 1645 Pighius
622 1605 735 1644 atque
760 1594 926 1643 Lipsius:
956 1597 994 1633 ὃς
1014 1595 1075 1633 hic

97 1643 249 1693 quidem
285 1646 330 1683 ad
356 1645 414 1684 lib.
442 1660 504 1684 111.
542 1649 641 1685 Ann.
671 1647 825 1691 Taciti,
858 1645 920 1683 ubi
944 1646 1073 1685 locum

94 1694 195 1732 hunc
219 1697 315 1734 citat.
372 1698 442 1735 Sed
463 1700 502 1736 &
518 1699 694 1736 Pithoeus
715 1699 753 1735 in
776 1709 853 1745 cap.
875 1711 930 1746 15.
957 1697 1015 1735 lib.
1043 1711 1073 1736 1.

93 1746 249 1784 Advers.
279 1748 327 1785 ita
353 1747 556 1797 legendum
589 1751 748 1787 monuit.
799 1749 977 1786 Ceterum
1006 1748 1073 1786 dis-

102 1798 245 1835 crimen
276 1798 363 1836 illud
392 1801 505 1838 vittae
537 1799 732 1838 constitisse
760 1799 907 1838 videtur
933 1801 970 1837 in
1001 1813 1071 1846 eo,

95 1856 136 1886 ut
164 1850 278 1886 vittae
297 1858 552 1890 matronarum
582 1852 601 1889 a
631 1853 817 1901 virginum
848 1851 1068 1890 nubentium

95 1900 135 1936 δε
156 1900 359 1938 Vestalium
391 1903 491 1949 vittis
509 1903 709 1941 differrent.
739 1903 934 1941 VORST.
964 1906 1069 1940 Vitae

94 1949 232 1987 habent
259 1952 372 1989 etiam
405 1954 509 1991 multi
544 1967 564 1991 e
585 1955 691 1992 MSS.
719 1954 870 1999 nostris,
898 1966 966 2002 pro
988 1967 1066 2003 quo

95 2000 194 2037 reete
214 2003 324 2037 vittae
342 2003 410 2040 viri
430 2004 529 2041 dodi
558 2006 826 2054 rescripserunt.
878 2006 983 2042 Dicit
1000 2018 1066 2043 au-

93 2058 169 2088 tem
195 2055 315 2088 Vittae
333 2051 501 2099 discrimen
519 2068 596 2093 non
625 2066 702 2094 tam
719 2084 727 2099 ‚
746 2065 787 2092 ut
815 2068 835 2093 a
865 2056 1066 2103 virginibus

94 2102 315 2139 nubentibus
343 2112 403 2140 aut
424 2106 623 2143 Vestalibus
654 2116 848 2144 matronae
886 2105 1068 2143 discerne-

95 2163 221 2190 rentur
236 2182 245 2197 ,
269 2164 381 2202 quam
407 2165 447 2192 ut
466 2168 485 2192 a
506 2157 716 2195 mulieribus
735 2157 910 2194 libertinis
923 2185 932 2200 ‚
952 2168 992 2193 ac
1012 2158 1070 2194 in-

96 2204 254 2242 honestis
274 2204 475 2243 differrent.
527 2207 630 2245 Hinc
651 2208 766 2245 Ovid.
795 2209 841 2245 L.
873 2220 902 2245 1.
931 2207 976 2245 de
997 2209 1070 2245 Ar-

94 2264 132 2294 te
153 2256 302 2293 amandi
326 2267 383 2305 31.

143 2324 200 2368 Est
223 2336 238 2356 e
261 2322 373 2369 procul
392 2322 504 2357 vittae
524 2332 656 2363 tenues,
684 2322 809 2371 insigne
824 2318 981 2369 pudoris,

189 2376 352 2421 Qaeqme
369 2374 454 2418 tegis
477 2370 596 2407 medios
616 2374 730 2414 instita
753 2375 853 2422 longa
868 2370 988 2420 pedes:

144 2426 221 2459 Nos
246 2428 401 2460 Venerem
420 2434 528 2458 tutam
545 2423 743 2473 concessa-que
756 2422 855 2470 furta
877 2436 1038 2460 canemus.

94 2473 196 2511 Vide
216 2474 351 2511 Ferrar.
382 2473 426 2510 de
452 2475 505 2511 Re
526 2475 624 2511 Vest.
656 2474 698 2510 L.
727 2487 786 2511 111.
819 2487 871 2519 17.
902 2474 939 2511 &
971 2486 1064 2523 quos

97 2524 184 2562 citat
211 2524 465 2574 elegantiffimi
495 2526 563 2562 Vir
591 2525 731 2574 Ingenii
759 2526 790 2573 J.
817 2524 1064 2572 Broulthufius

96 2575 142 2614 ad
161 2575 271 2625 Prop.
302 2577 346 2613 L.
380 2589 436 2613 tv.
464 2590 508 2613 Π.
528 2589 583 2625 34.

151 2639 208 2676 13.
235 2631 407 2677 Purpurea
425 2628 528 2675 veste]
554 2628 627 2665 Diu
644 2628 720 2665 hoc
741 2625 965 2679 nobiliorum
988 2627 1066 2664 fae-

97 2678 285 2717 minarum
315 2679 503 2728 gestamen
524 2681 670 2717 Romae
689 2680 767 2716 fuit.
787 2678 1063 2716 Artemidorus:

97 2729 173 2770 Kus
194 2731 222 2767 εἰ
243 2730 295 2775 Q}
318 2748 334 2770 n
365 2729 494 2773 χλοιμὶς
517 2730 562 2769 εἴη
586 2730 710 2771 mimi),
745 2729 925 2779 ἒλώῧέρφν
952 2731 967 2767 ἆ
993 2729 1065 2766 ἲὲὦν

97 2780 270 2822 γοιαῆνε-ι·
300 2783 326 2816 εἷ
349 2779 369 2828 5
391 2780 536 2822 μέλψνοι
552 2810 563 2825 ,
588 2783 849 2830 εἰπελώθὲρφν·
884 2782 911 2818 εἰ
936 2780 956 2830 3
982 2797 1067 2830 πεξ-

98 2833 215 2880 φνωῖ,
237 2831 441 2880 (ὅψεως-ἔβαν
467 2833 573 2870 {sewi}
611 2833 802 2870 COLER.

153 2895 206 2930 14.
235 2884 376 2923 estur-eis
395 2882 592 2933 stvmmffs]
631 2889 808 2934 segmenta
846 2883 998 2922 monilia
1025 2883 1064 2922 &

102 2943 317 2972 ornamenta
343 2932 484 2972 fiisse&
510 2944 596 2972 unt.
621 2936 804 2973 Iuvenalis
839 2934 909 2972 Sat.
934 2948 978 2973 11.
1003 2940 1065 2972 Se-

93 2997 231 3035 gmentae
252 2994 297 3024 ω’
318 2987 432 3038 longos
451 2986 583 3026 babitus
603 2995 647 3025 (θ’
661 2989 820 3037 flammea
840 2988 957 3036 sumit,
1003 2992 1063 3026 Se-

1954 475 2097 523 nostri

1115 599 1308 640 gmentatae
1325 587 1440 627 vestes
1455 586 1588 625 Plauto
1610 588 1647 625 δε
1667 587 1828 626 Martiali
1856 592 2102 631 memoratae.

1126 642 1322 679 VORST.
1358 640 1466 677 Haec
1495 640 1594 676 bona
1630 638 1700 676 fide
1730 639 1904 689 descripta
1943 642 2023 679 sunt
2053 655 2098 681 ex

1122 692 1229 730 Fabri
1260 691 1468 731 Thesauro.
1522 691 1615 728 Sane
1648 691 1801 729 monilia
1837 694 2005 742 segmenta
2036 707 2098 743 ap-

1122 743 1252 792 pellari
1273 744 1422 781 testatur
1445 742 1590 779 Servius
1614 741 1659 778 ad
1671 742 1773 790 Virg.
1804 744 1845 780 L.
1881 757 1909 781 1.
1938 745 2099 785 Aeneid.

1122 796 1206 843 654.
1235 794 1386 832 Ref'tius
1414 806 1506 832 vero
1535 793 1715 830 Ferrarius
1743 794 1832 831 loco
1864 795 2002 840 citato,
2041 798 2101 835 hic

1121 845 1168 883 de
1197 845 1269 893 ipsa
1306 845 1405 881 veste
1428 844 1585 891 accipit,
1609 844 1773 892 dicitque
1804 845 1926 882 fascias
1949 847 2009 885 seu
2027 848 2101 885 vir-

1119 907 1182 945 gas
1211 906 1337 932 aureas
1366 894 1542 941 intelligi,
1584 906 1679 944 quae
1705 895 1794 932 vesti
1826 896 1871 933 ad
1900 909 2100 938 ornamen-

1122 955 1204 984 tum
1226 945 1476 989 insum-entur,
1492 946 1640 995 taleque
1662 947 1816 995 gutturis
1835 959 2101 990 ornamentum

1123 995 1338 1034 intellexisse
1351 997 1521 1034 Servium
1543 996 1698 1034 statuere
1720 997 1883 1044 videtur,
1916 1012 2000 1038 cum
2025 1002 2103 1050 ejus

1122 1048 1252 1087 locum
1292 1048 1338 1086 ad
1373 1048 1448 1085 hoc
1494 1047 1725 1096 probandum
1770 1049 1867 1086 citat.
1939 1053 2100 1091 Minime

1125 1112 1218 1139 vero
1238 1100 1447 1148 probandus
1471 1099 1658 1136 Oliverius
1672 1128 1680 1144 ‚
1695 1101 1755 1150 qui
1776 1105 1973 1149 segmenta,
1988 1104 2101 1142 etiam

1126 1151 1343 1189 redimicula
1370 1151 1430 1188 seu
1450 1151 1581 1194 facias,
1610 1152 1739 1200 quibus
1762 1153 1932 1190 mulieres
1960 1155 2103 1194 nobiles

1127 1203 1245 1252 capita
1275 1201 1584 1239 circumdederint
1608 1230 1618 1246 ,
1657 1203 1783 1240 vocari
1812 1203 1939 1241 scribit.
1993 1206 2103 1244 Non-

1126 1254 1217 1292 nulli
1245 1266 1336 1291 vero
1367 1253 1527 1291 Codices
1555 1256 1730 1303 tegmentis
1752 1282 1761 1298 ,
1795 1257 1982 1304 tegimentis
2003 1285 2013 1302 ,
2041 1256 2101 1296 vel

1125 1307 1322 1357 tegumentis
1343 1305 1403 1342 hic
1425 1303 1609 1341 exhibent.

1182 1371 1236 1406 15.
1264 1362 1369 1406 Super
1386 1356 1463 1392 haec
1492 1353 1603 1391 aedem
1629 1363 1672 1389 ἐν’
1692 1368 1785 1391 aram
1799 1359 1963 1393 fortunae
1985 1361 2102 1397 mulie-

1125 1406 1194 1458 bri]
1227 1407 1341 1445 Aedis
1364 1408 1551 1444 Fortunae
1576 1406 1761 1443 muliebris
1780 1409 2015 1446 mentionem
2050 1411 2105 1448 faa

1127 1459 1234 1497 cit&
1257 1459 1387 1496 Livius
1407 1458 1464 1496 lib.
1494 1471 1537 1495 11.
1568 1459 1606 1495 &
1623 1456 1730 1494 solius
1758 1458 1935 1507 quidem;
1966 1473 2043 1498 non
2065 1462 2104 1500 &

1127 1510 1404 1558 praedietorum
1438 1517 1761 1548 ornamentorum.
1800 1510 1906 1547 Leid.
1935 1511 2018 1548 sext.
2049 1516 2107 1548 Iib-

1118 1564 1220 1610 super
1257 1561 1391 1604 aedem,
1424 1560 1511 1609 sept.
1540 1563 1674 1609 Insuper
1703 1560 1749 1595 al'
1773 1563 1872 1610 super
1902 1561 1986 1600 haec.
2016 1563 2108 1601 Edd.

1129 1613 1229 1650 Ven.
1258 1614 1296 1650 δε
1320 1613 1497 1661 reliquiae
1525 1623 1584 1648 eas
1625 1611 1769 1647 secutae
1790 1617 1890 1661 super
1919 1613 1983 1650 hoc.
2038 1614 2108 1651 Sed

1116 1666 1218 1711 fhper
1248 1664 1335 1700 haec.
1372 1664 1481 1711 Mog.
1521 1664 1557 1699 &
1590 1661 1749 1698 Mediol.
1791 1664 1959 1700 retinent.
2000 1666 2107 1703 Leid.

1125 1716 1234 1762 prim.
1272 1726 1359 1751 curn
1397 1713 1464 1751 Ed.
1501 1714 1609 1760 Mog.
1648 1716 1814 1749 Fortunae
1852 1715 2033 1753 mullebris.
2070 1718 2108 1755 &3

1123 1766 1174 1803 ita
1199 1777 1219 1802 a
1239 1777 1353 1803 manu
1373 1764 1530 1802 secunda
1557 1763 1668 1803 Leid.
1694 1764 1879 1812 septimus.

1179 1817 1234 1854 16.
1257 1821 1302 1853 Eo
1324 1816 1409 1866 loco]
1437 1817 1510 1853 Via
1532 1816 1640 1853 latina
1658 1844 1667 1860 ‚
1696 1816 1740 1852 ad
1760 1825 1932 1864 quartum
1955 1817 2111 1856 miliare.

1123 1868 1296 1906 Valerius
1314 1869 1417 1917 supra
1435 1868 1495 1906 lib.
1529 1881 1559 1904 1.
1586 1878 1664 1914 cap.
1694 1867 1728 1903 8.
1757 1867 1949 1905 COLER.
1987 1872 2031 1904 Eo
2050 1871 2101 1905 le-

1119 1934 1164 1956 co.
1190 1921 1263 1957 Via
1294 1920 1428 1957 Latina
1457 1926 1566 1968 puta,
1593 1918 1638 1955 ad
1673 1925 1842 1966 quartum
1874 1919 2097 1958 milliarium.

1119 1970 1220 2007 Vide
1250 1971 1353 2019 supra
1379 1985 1408 2009 1.
1434 1970 1467 2007 8.
1496 1970 1528 2005 6.
1553 1968 1614 2006 ubi
1646 1970 1683 2006 ἃ
1704 1968 1883 2007 fimulacri
1908 1971 2094 2008 Fortunae

1118 2021 1305 2059 muliebris
1334 2030 1416 2059 turn
1439 2020 1621 2069 temporis
1652 2020 1737 2057 faeti
1761 2048 1771 2064 ,
1801 2020 1903 2070 quod
1933 2033 2008 2058 non
2042 2023 2095 2059 se-

1119 2073 1218 2117 mel,
1239 2073 1299 2110 sed
1320 2074 1373 2110 bis
1389 2072 1561 2110 locutum
1586 2071 1652 2116 fit,
1667 2070 1707 2108 fit
1730 2072 2096 2113 mentioVORST.

1122 2124 1255 2172 Copes.
1284 2127 1323 2160 In
1341 2138 1404 2175 qno
1426 2125 1634 2161 Coriolanm.

1174 2186 1231 2220 17.
1253 2174 1449 2211 Faciendam
1483 2172 1633 2221 curavit]
1673 2173 1731 2210 Sic
1759 2173 1873 2210 edidit
1894 2174 2061 2213 Vorstius
2082 2178 2095 2221 ‚‘

1121 2225 1430 2262 consentientibus
1458 2224 1565 2260 MSS.
1595 2223 1696 2260 ono.
1725 2225 1837 2260 ceteri
1870 2235 1954 2262 cum
1980 2227 2095 2265 Editis

1113 2273 1332 2320 faciundum,
1359 2272 1618 2321 velfaciendum
1639 2276 1783 2312 curavit.
1812 2275 1929 2320 Quod
1955 2289 2000 2314 ex
2029 2290 2091 2315 an-²

1121 2325 1293 2374 tiquitate
1315 2326 1463 2365 retineri
1481 2322 1582 2374 poffe
1603 2325 1739 2362 censuit
1753 2325 1917 2364 sanetius
1944 2328 1980 2365 in
1997 2330 2090 2366 Min.

1117 2375 1162 2412 L.
1190 2389 1254 2413 111.
1291 2377 1334 2414 C.
1365 2377 1398 2415 8.
1441 2376 1628 2426 Equidem
1665 2387 1749 2412 cum
1783 2376 1935 2414 alterum
1966 2379 2089 2426 potior

1115 2437 1195 2475 pars
1214 2427 1412 2465 MStorum
1435 2428 1641 2475 praeferat,
1670 2438 1732 2464 cur
1760 2428 1873 2465 semel
1907 2429 1952 2465 ita
1984 2429 2084 2477 loqui

1115 2476 1311 2517 Valerium
1334 2477 1489 2517 voluisse
1510 2477 1727 2522 credamus,
1764 2478 1918 2516 caussam
1949 2479 2084 2516 nullam

1116 2528 1242 2567 video.
1502 2531 1505 2534 ’
2123 2564 2125 2566 .

1172 2580 1228 2618 Ι8.
1267 2581 1442 2631 Exquisite
1477 2581 1650 2631 religionis
1690 2578 1797 2626 mlta]
1848 2580 1939 2626 Cop.
1980 2577 2088 2616 Leid.

1116 2631 1234 2680 quint.
1260 2632 1346 2669 sext.
1375 2632 1478 2670 Harl.
1507 2633 1602 2669 Uitr.
1635 2631 1740 2679 prim.
1769 2642 1850 2664 cnm
1876 2628 1963 2664 Edd.
1990 2630 2088 2668 Ven.

1116 2682 1199 2720 Ald.
1228 2683 1312 2724 Asc.
1340 2683 1424 2721 Col.
1453 2684 1597 2732 Gryph.
1627 2682 1748 2729 steph.
1779 2680 1968 2727 E.x·.lmfitae
2005 2683 2086 2716 reli-

1109 2736 1235 2784 gionis.
1275 2733 1345 2772 Sed
1373 2736 1481 2783 Mog.
1510 2736 1547 2772 &
1570 2732 1670 2771 Med.
1703 2742 1786 2767 cum
1816 2730 1960 2779 reliquis
1979 2731 2089 2770 MSS.

1118 2787 1283 2836 exquisito
1305 2788 1446 2834 fi’rvant
1767 2833 1772 2838 .
2051 2832 2057 2837 ⁵

1174 2850 1230 2886 19.
1261 2840 1342 2874 Cum
1368 2843 1450 2875 enim
1485 2852 1506 2873 a
1533 2831 1671 2879 Ful-vio]
1712 2835 1803 2866 Enim
1839 2830 1933 2869 abest
1969 2843 1986 2868 a
2016 2831 2086 2869 Bit.

1117 2888 1255 2936 primo.
1302 2889 1406 2928 Turn
1432 2888 1534 2926 Med.
1562 2887 1626 2922 sec.
1648 2886 1838 2932 Captianae.
1868 2882 1974 2920 Leid.
1996 2882 2084 2931 sept.

1114 2941 1384 2978 Benevolentiam
1405 2955 1480 2982 erfa
1509 2952 1576 2974 nos.

1164 3003 1227 3032 20.
1253 2994 1371 3042 Vestia
1396 2982 1535 3043 opida]
1559 2982 1839 3076 bibes-iptinicei.
1868 2985 1984 3034 oppia.
2008 2983 2092 3071 te}-

1668 158 1707 189 ¹9
1742 152 1867 202 Cum
1910 155 2032 204 enim
2069 156 2279 215 amn-usp..

2106 218 2176 283 2313
2190 211 2287 285 Χξεῑ.
