2516 3509
76 223 207 270 enim
247 218 369 266 facto
415 213 464 265 δεῖ
498 217 591 265 illas
636 217 683 264 in
717 215 997 280 profundum
1042 215 1360 280 praecipitavit
1382 249 1398 274 ,
1454 215 1504 262 &
1538 233 1722 265 omnem
1763 219 1827 266 sui
1872 220 2070 267 nominis
2089 215 2270 295 2⁰31}ss-

81 300 351 350 memoriam
400 296 662 362 inexpiabili
710 303 745 333 3¹
786 294 1083 342 detestatione
1117 294 1346 360 perfudit)
1404 295 1619 343 ultimum
1663 299 1889 362 proelium
1935 302 2199 348 initu-1³1uto.

85 396 157 427 rus
180 413 195 438 ‚
242 379 510 444 negantibus
555 374 819 440 quibusdam
861 376 908 421 id
947 380 1146 423 committi
1188 385 1403 437 oportere:
1450 377 1639 422 fidenter
1660 411 1676 435 ‚
1716 379 1865 440 inquit
1886 413 1902 438 ,
1949 384 1991 427 in
2023 399 2073 428 a·

87 463 188 507 ciem
231 458 431 520 descendo.
474 458 590 504 hodie
634 460 740 502 enim
786 461 826 492 3²
865 465 939 502 aut
982 460 1086 501 reolo
1132 457 1212 501 erit
1232 488 1247 513 ‚
1290 464 1364 501 aut
1395 453 1502 500 nihil
1532 457 1697 502 curabo.
1766 462 1806 493 33
1844 458 2073 506 Praesum-

89 531 232 595 pserat
273 531 486 579 videlicet
531 547 676 594 neque
718 532 869 579 vivere
911 532 952 578 se
997 530 1087 578 fine
1129 531 1352 591 victotian,
1410 546 1556 594 neque
1588 534 1707 580 mori
1744 532 1833 579 fine
1867 534 2073 586 securim*

88 610 305 675 tepoffe.

849 731 1320 777 EXTERNA.

161 876 206 907 34
240 868 386 932 Cujus
420 868 594 914 mentio
630 867 743 913 mihi
776 866 960 930 subjicit
984 900 998 925 ‚
1039 865 1165 928 quod
1199 863 1403 911 adversus
1441 871 1481 903 35
1519 866 1799 913 D.Brutum
1834 870 1881 916 in
1916 870 2080 936 Hispa·
2189 879 2222 911 s:

89 951 167 996 nia
200 952 396 1014 graviter
429 949 602 996 dietum
631 948 725 1006 est,
761 947 936 993 referre.
1005 948 1135 993 Nam
1171 962 1275 992 cum
1309 944 1350 991 se
1383 947 1423 991 ei
1458 959 1556 993 tota
1590 963 1705 1011 pene
1739 949 1972 1000 ,Lusitania
2005 954 2081 1000 de·
2100 924 2183 999 ῗιῃτῃ.
2206 928 2276 956 ‘m‘

89 1032 306 1090 didiffet‚
358 1048 409 1077 ac
454 1030 541 1076 sola
583 1030 730 1094 gentis
771 1031 866 1092 ejus
899 1028 1004 1075 urbs
1044 1026 1085 1063 ³⁶
1120 1027 1336 1073 Cinninia
1369 1029 1657 1091 pertinaciter
1691 1046 1811 1077 arma
1843 1034 2082 1096 retineret,

101 1119 143 1150 37
169 1123 341 1157 tentata
374 1109 713 1173 redemptione,
749 1108 1086 1172 propemodum
1123 1124 1216 1153 uno
1255 1123 1332 1153 ore
1366 1109 1523 1172 legatis
1545 1110 1676 1156 Bruti
1711 1110 2081 1174 1·espondit‚Fer-

95 1208 188 1239 eum
217 1194 304 1254 fibi
347 1193 374 1236 ὰ
411 1192 631 1252 majoribus
650 1226 666 1251 ,
712 1208 788 1253 qno
822 1193 963 1238 urbem
1012 1201 1225 1237 merentia*
1243 1211 1259 1247 3
1306 1205 1383 1236 non
1425 1207 1574 1237 numm
1594 1226 1608 1251 ‚
1650 1210 1725 1254 quo
1766 1195 1998 1242 libertatem
2030 1199 2083 1243 ab

101 1406 307 1453 indivu&‚
346 1409 379 1456 ἕξ
411 1405 498 1457 ἶπες
525 1414 556 1459 25.)
586 1410 628 1449 ε-ἷς
650 1410 732 1452 ἦμιῖς
758 1409 802 1446 τοὶ
827 1412 882 1452 τῆς
903 1419 1070 1454 awo-nvo-

101 1457 180 1504 ejou
211 1462 364 1499 καθῆκα.
399 1460 643 1498 PERIZON.
683 1460 850 1509 Optime.
883 1462 1073 1499 Felicitatis

106 1509 208 1547 enim
231 1511 389 1547 retinent
412 1511 515 1548 MSS.
545 1511 590 1548 ad
608 1522 724 1549 unum
746 1524 891 1550 omnes.

157 1572 217 1609 29.
246 1564 358 1609 Quam
377 1563 567 1610 impotentis
583 1561 705 1611 armis]
737 1561 855 1610 Syllae
873 1571 982 1612 puta,
1011 1574 1075 1601 cu-

98 1610 156 1657 jus
196 1611 411 1648 auem-itate
433 1613 470 1649 δε
489 1612 672 1650 beneficio
701 1614 738 1649 in
766 1614 921 1661 patriam
955 1614 1074 1651 redire

102 1658 278 1708 potuiffet
313 1662 482 1699 Rutilius.
549 1663 728 1701 Ceterum
772 1665 934 1713 impetens
971 1665 1075 1701 armis

106 1711 201 1759 Sylla
232 1711 363 1748 dicitur
382 1740 391 1755 ‚
429 1713 608 1761 quoniam
649 1713 767 1750 vietor
795 1714 982 1752 moderari
1012 1713 1077 1751 fibi

103 1773 182 1799 non
203 1763 348 1810 potuit,
371 1764 461 1812 quin
484 1764 599 1801 multa
627 1764 740 1801 millia
760 1763 962 1802 hominum
990 1776 1077 1813 pro-

106 1811 274 1850 scriberet
293 1821 404 1862 atque
427 1813 583 1852 interfici
597 1814 755 1863 juberet.
783 1816 978 1854 VORST.
1008 1816 1076 1853 Er-

106 1871 162 1900 rat
184 1863 359 1901 Vorstius.
414 1863 508 1901 Sulla
530 1876 609 1903 non
630 1865 759 1902 dicitur
780 1868 940 1914 impotens
959 1868 1074 1905 armis.

104 1913 164 1951 sed
193 1925 408 1962 cognomen
440 1915 619 1954 felicitatis
637 1916 768 1954 dicitur
781 1917 907 1966 justius
925 1917 1074 1966 affigna-

111 1964 140 2000 ri
169 1965 331 2001 moribus
351 1964 505 2010 Rutilii,
543 1968 607 2016 qui
637 1974 714 2004 erat
741 1967 797 2004 vir
825 1968 1076 2016 gravissimus,

59 2019 62 2023 '
109 2026 222 2063 quam
243 2015 351 2052 armis
373 2014 490 2052 Sullae
504 2044 514 2061 ‚
534 2018 598 2067 qui
617 2025 693 2055 erat
713 2017 768 2055 vir
786 2017 1029 2065 impotens‚i.
1043 2028 1074 2053 e.

104 2065 274 2113 superbus
295 2066 332 2102 &
351 2064 517 2104 crudelis.

161 2127 219 2164 30.
247 2114 526 2166 Adfigrzaverit]
573 2117 657 2155 Lib.
697 2117 796 2155 Dan.
835 2117 1073 2167 Infignaverit.

109 2166 252 2203 Forte:
296 2167 484 2212 Infinuerit.
516 2167 707 2205 COLER.
757 2168 935 2205 Retinent
966 2167 1077 2205 nostri

108 2216 333 2266 affignaverit.
361 2217 496 2254 Nescio
525 2217 616 2266 quid
633 2218 722 2254 velit
749 2217 783 2254 τὲ
804 2218 981 2264 Infinuerit
1002 2218 1077 2255 Co-

108 2267 186 2304 ]eri.
215 2269 277 2305 An
296 2279 396 2304 error
416 2275 593 2316 typorum
613 2267 661 2305 est
679 2279 747 2316 pro
767 2268 946 2314 insinuarit
965 2269 980 2305 ?
1004 2267 1077 2306 Sed

111 2319 149 2355 &
167 2318 242 2355 hoc
261 2318 363 2354 nihili
382 2316 440 2354 est.

161 2379 218 2416 31.
255 2369 478 2413 Deteflatione
499 2365 664 2417 perfudit]
703 2367 807 2405 Med.
843 2367 975 2417 Ultraj.
1008 2369 1076 2406 sec.

113 2418 246 2466 Copes.
284 2418 386 2459 Leid,
434 2419 502 2455 sec.
548 2418 664 2467 quint.
698 2416 859 2467 profudit.
912 2418 970 2456 Sic
1007 2419 1076 2457 Ed.

112 2469 221 2505 Μοσ.

167 2498 224 2567 33..
252 2522 345 2557 Aut
373 2519 458 2555 reHe
485 2518 578 2563 erit,
614 2528 675 2554 aut
703 2517 791 2554 nihil
816 2517 951 2568 curabo]
1001 2519 1079 2557 Aut

113 2570 286 2612 vincam,
317 2578 378 2607 aut
408 2570 557 2607 moriar.
606 2568 722 2607 Recte
751 2568 839 2612 erit,
877 2568 902 2606 fi
925 2570 1077 2609 vicero:

114 2619 203 2656 nihil
222 2620 356 2657 curabo
371 2648 380 2664 ‚
409 2620 434 2657 fi
455 2629 623 2658 mortuus
642 2621 761 2657 fuero.
789 2620 985 2658 VORST.

166 2682 224 2719 33.
252 2673 515 2718 Praesumpserat
535 2669 707 2720 videlicet]
736 2671 826 2708 Vox
855 2670 1009 2709 videlicet
1040 2672 1078 2709 in

114 2719 254 2770 aliquot
276 2721 379 2757 MSS.
407 2733 484 2758 non
503 2722 699 2759 invenitur.

166 2783 222 2820 34.
252 2776 356 2812 Cuius
384 2771 521 2820 mentio]
572 2771 687 2809 Recte
715 2772 765 2809 ita
792 2771 959 2820 Pighius,
994 2781 1080 2811 ante

118 2821 231 2869 vulgo
255 2822 442 2870 legebatur
461 2851 470 2866 ,
488 2823 597 2867 husus.
651 2822 720 2859 Sed
752 2828 841 2870 cujus
863 2824 974 2861 etiam
995 2825 1081 2861 Me-

119 2871 207 2910 diol.
233 2874 269 2910 &
288 2873 391 2910 MSS.
420 2872 607 2923 plerique„
770 2909 781 2910 i

168 2935 227 2972 35.
254 2927 307 2961 D.
335 2923 489 2972 Brutum]
530 2922 641 2961 Multi
668 2922 777 2962 MSS.
807 2925 971 2972 Drufium
1000 2928 1084 2962 Bru-

113 2982 189 3011 eum
212 3000 223 3019 >
265 2976 303 3014 &
330 2974 378 3012 fic
406 2975 514 3024 Mog.
549 2974 709 3024 Appian.
744 2974 782 3012 in
811 2973 901 3015 Iber.
937 2988 973 3026 p.
999 2988 1084 3026 294.

1999 1280 2085 1324 imm

1122 1408 1191 1447 Ed.
1220 1407 1341 1458 Steph.
1367 1414 1507 1447 sextum
1526 1418 1649 1453 vocat,
1678 1410 1746 1448 Sed
1769 1412 1854 1448 Liv.
1873 1412 1940 1461 Ep.
1961 1412 2006 1450 L.
2026 1426 2086 1451 iv.

1123 1462 1169 1497 D.
1195 1459 1354 1504 Junium.
1406 1460 1551 1508 Quibus
1580 1461 1670 1499 locis
1701 1474 1755 1499 res
1784 1462 1827 1499 ab
1865 1475 1911 1500 eo
1953 1465 2085 1503 eximie

1124 1511 1243 1559 gestae
1267 1510 1510 1548 recensentur.

1179 1561 1236 1610 36.
1264 1560 1442 1610 Cinnim'a]
1481 1560 1563 1598 Lib.
1590 1561 1689 1598 Dan.
1716 1562 1911 1611 Cinginnia.
1963 1563 2089 1601 Venee

1126 1618 1162 1648 ta
1197 1611 1312 1648 editio
1332 1625 1340 1648 :
1374 1614 1526 1648 Cirania.
1589 1611 1659 1648 Sed
1681 1613 1920 1651 Cinninenses
1943 1615 2024 1651 noti
2045 1628 2091 1652 ex

1126 1661 1248 1698 Plinio
1276 1662 1371 1699 libro
1398 1663 1531 1706 tertio,
1562 1662 1681 1710 capite
1704 1675 1736 1712 3.
1766 1664 1959 1702 COLER.
1985 1665 2091 1703 MSS..

1128 1710 1333 1749 admodum
1373 1712 1525 1749 variant.
1577 1712 1728 1750 Habent
1769 1714 1869 1750 enim
1911 1718 2060 1752 Cumana
2081 1744 2095 1761 ‚9

1129 1763 1317 1805 Cinrania,
1346 1763 1534 1805 comnia,
1567 1764 1746 1807 Cinnam,
1784 1766 1969 1808 C'uirania,
2002 1768 2098 1803 Cita=

1128 1814 1210 1856 nia,
1238 1815 1415 1849 Cumania.
1443 1813 1512 1850 Ed.
1548 1814 1654 1861 Mog.
1685 1816 1864 1852 Cimmina.
1895 1816 2097 1865 Theophil.

1127 1872 1234 1902 notat
1266 1876 1285 1901 a
1315 1863 1536 1901 Ptolemaeo
1565 1865 1602 1900 in
1634 1864 1808 1913 Hispania
1839 1866 2010 1904 celebrari
2036 1880 2097 1904 uro

1127 1914 1212 1952 bem
1227 1943 1237 1959 ,
1265 1916 1461 1958 laciniam,
1490 1915 1528 1951 ὃς
1549 1914 1592 1951 ab
1612 1915 1815 1953 Herodoto
1842 1916 1968 1954 locum
1986 1920 2097 1965 Cym-2

1129 1966 1240 2001 ticum.
1295 1965 1474 2001 Ceterum
1503 1964 1593 2002 Plin.
1623 1964 1712 2003 loco
1741 1967 1878 2010 citato,
1907 1979 1985 2004 non
2012 1971 2096 2004 Cin-

1128 2015 1276 2063 ninenses
1303 2016 1340 2052 in
1363 2015 1539 2063 Hispania
1565 2017 1758 2061 nominat,
1786 2017 1845 2054 sed
1863 2019 2029 2064 Oeenses,
2057 2020 2095 2055 ἕξ

1129 2075 1194 2101 eos
1220 2065 1299 2103 satis
1322 2066 1458 2114 longe,
1487 2074 1528 2104 ut
1556 2066 1702 2105 videtur
1725 2096 1735 2112 ,
1773 2080 1793 2105 a
1825 2067 2012 2106 Lusitania
2039 2080 2096 2105 re-

1129 2123 1267 2154 motos.

1180 2178 1238 2216 37.
1264 2168 1411 2203 Tentata
1436 2167 1673 2216 redemptione]
1701 2168 1804 2205 Pacis
1830 2176 1918 2216 puta
1938 2170 1976 2206 ὃς
1993 2169 2098 2206 liber-

1126 2219 1230 2260 tatis;
1261 2225 1323 2254 aut
1346 2216 1440 2254 belli.
1494 2219 1709 2266 Utrumque
1740 2219 1839 2255 enim
1863 2219 1990 2257 dicunt
2006 2220 2094 2256 redi-

1127 2280 1212 2303 mere
1226 2278 1340 2317 pacem
1355 2296 1363 2309 ,
1392 2268 1430 2304 &
1449 2268 1606 2306 redimere
1624 2267 1758 2305 bellum.
1796 2269 1896 2306 Vide
1916 2270 2096 2315 Justinum

1132 2328 1190 2354 1v.
1215 2329 1246 2366 3.
1278 2331 1307 2365 5.
1342 2329 1406 2354 vx.
1439 2331 1468 2356 1.
1490 2319 1525 2355 6.
1563 2330 1649 2356 VII.
1674 2332 1704 2367 ς.
1738 2332 1767 2356 1.
1804 2333 1887 2358 v11.
1915 2320 1948 2357 6.
1976 2333 2008 2365 4.
2047 2321 2093 2356 Et

1129 2377 1183 2404 res
1204 2367 1339 2405 eodem
1358 2367 1475 2414 redit,
1498 2368 1572 2405 five
1591 2370 1669 2417 quis
1690 2381 1844 2417 paceni,
1868 2370 1940 2407 five
1958 2370 2091 2407 bellum

1130 2417 1313 2455 redimere
1338 2418 1489 2457 dicatur.
1517 2419 1713 2458 VORST.
1742 2421 1802 2458 An
1818 2450 1827 2465 ‚
1855 2424 2025 2468 Ostentata
2044 2433 2094 2454 re-

1129 2466 1342 2516 demptione?
1377 2469 1461 2507 Scil.
1499 2481 1519 2507 a
1549 2469 1676 2507 Bruto.
1723 2471 1782 2508 Sic
1809 2475 1978 2518 Ostentare
1995 2468 2096 2523 alicui

1123 2521 1226 2566 spem.
1280 2519 1379 2557 Vide
1398 2521 1493 2558 Tac.
1521 2521 1622 2558 Ann.
1650 2533 1736 2559 xvr.
1764 2534 1795 2567 7.
1821 2534 1852 2566 4.
1881 2522 1918 2557 &
1937 2529 2093 2556 ommno

1131 2569 1217 2606 Liv.
1247 2582 1306 2607 IV.
1339 2582 1397 2619 30.
1425 2575 1636 2622 „Aequorum
1664 2573 1768 2621 legati
1780 2570 1895 2616 foedus
1914 2568 1955 2603 ab
1969 2571 2093 2615 senatu

1129 2633 1198 2656 cum
1214 2621 1367 2669 petissent
1383 2650 1393 2667 ,
1424 2630 1470 2658 (φ
1487 2634 1547 2671 pro
1572 2620 1704 2666 foedere
1731 2620 1851 2656 deditio
1869 2621 2095 2665 ostent-aretur.

1128 2669 1374 2709 PERIZON.
1401 2673 1534 2721 Ultraj.
1559 2672 1627 2708 sec.
1657 2673 1798 2707 Tentata
1816 2681 1872 2714 pro
1898 2667 2093 2716 redemptio-

1130 2735 1192 2765 ne,
1217 2723 1255 2759 &
1274 2721 1321 2759 fic
1339 2722 1408 2760 Ed.
1432 2724 1537 2771 Mog.
1569 2720 1639 2758 Sed
1660 2719 1788 2756 reffius
1809 2717 1909 2755 Harl.
1946 2720 2093 2754 Tentata

1130 2770 1170 2808 de
1187 2771 1414 2823 redemptione.
1467 2775 1522 2810 Ut
1544 2771 1693 2808 Sueton.
1720 2771 1756 2805 in
1793 2769 1881 2805 Ner.
1911 2778 1970 2814 47.
2018 2770 2095 2805 Tri-

1131 2821 1233 2860 bunos
1264 2825 1527 2874 centurionesque
1552 2821 1711 2871 praetorii
1739 2818 1778 2854 de
1804 2821 1910 2869 fugae
1937 2820 2095 2867 societate

1134 2883 1294 2911 tentavit.

1189 2924 1246 2973 38.
1275 2925 1407 2961 Melius
1426 2925 1502 2972 fine
1529 2921 1625 2958 dubio
1642 2920 1785 2956 homines
1801 2919 2095 2968 nostrifimguim's

1134 2975 1212 3012 haec
1240 2973 1417 3027 dixissent]
1465 2971 1701 3057 Manuscrithi
1731 2970 1812 3007 libri
1842 2970 1917 3012 sic;
1960 2969 2096 3053 Melpes

1701 3031 1751 3058 CC
1788 3032 1808 3057 C
2023 3034 2098 3065 ιΙνἸΐ
