2516 3509
173 127 395 205 QUAE
437 104 761 201 CUIQUE
799 127 1262 186 MAGNIFICA
1298 131 1943 194 coNT1GERUNT.
1989 154 2099 211 777

109 233 125 263 5
163 225 346 288 Itaque,
382 224 508 287 quod
542 225 769 289 hodieque
803 228 1023 274 eximium
1056 229 1181 293 capit
1213 227 1435 293 adjiciam.

1505 234 1760 299 Imaginem
1794 238 1842 284 in
1875 239 1986 285 cella
2014 238 2094 298 Jo-

2114 242 2187 271 Ann
2224 238 2295 270 urb.

2119 292 2186 317 552.
2204 283 2312 313 Livius

105 304 174 352 vis
207 315 305 366 opt.
339 319 459 349 max.
494 303 689 367 positam
724 303 883 352 habet:
919 303 941 332 6
974 323 1086 369 quae
1119 307 1476 372 quotiescunque
1510 328 1673 361 munus
1707 316 1889 379 aliquod
1920 318 2096 365 Corne·
2117 332 2282 355 xxxvm.

105 383 189 428 liae
221 383 349 445 genti
382 382 703 430 celebrandum
735 383 826 443 est,
861 384 966 430 inde
1000 387 1172 448 petitur
1184 407 1200 443 3
1251 392 1270 425 7
1305 387 1475 450 unique
1506 388 1570 434 illi

105 456 219 507 lium
254 461 331 507 est.

1605 391 1737 437 instar
1770 396 1870 439 atrii
1903 396 2094 460 Capito-

176 537 196 566 8
222 541 345 587 Tam
379 540 559 600 hercle,
596 557 731 604 quam
756 540 897 587 Curia
929 540 1165 605 superioris
1198 540 1388 589 Catonis
1421 542 1614 607 effigiei:
1664 547 1780 593 unde
1816 550 1870 595 ad
1902 551 2097 609 eiusdem

108 620 285 682 generis
310 618 461 667 officia
483 621 785 684 expromitur.
808 619 1008 666 Gratum
1040 619 1273 680 ordinem,
1297 622 1375 684 qui
1412 623 1690 671 utiliffimum
1727 628 2002 691 reipublicae
2038 630 2097 676 se-

110 828 208 865 c'iam.
221 828 303 866 Nec
323 829 525 878 discrepant
548 829 729 866 editiones
748 835 889 866 veteres
901 827 1078 867 Chalcoc.

114 882 153 916 ὅ(
174 881 286 917 Mart.
319 881 471 928 Herbip.
507 879 571 917 nifi
602 880 705 929 quod
732 893 861 929 quoque
889 880 1080 917 omittunt.

111 929 273 968 Codices
294 931 472 968 Brandeb.
498 931 633 968 habent
652 929 821 980 hodieque.
849 930 998 967 Deinde
1017 945 1081 966 me-

110 983 217 1017 moria
247 987 317 1024 ejus
345 983 535 1018 omittunt.
590 982 631 1018 In
652 993 729 1018 uno
750 981 910 1029 denique
933 981 980 1017 est
1001 983 1083 1030 qui-

116 1031 203 1068 dem
225 1043 336 1081 cap1t;
366 1033 426 1069 sed
448 1041 487 1069 ut
505 1040 678 1079 appareat
696 1043 810 1069 unam
832 1039 1020 1079 praeterea
1041 1032 1083 1069 li·

113 1090 232 1118 teram
262 1083 368 1119 initio
397 1082 604 1131 adjectam,
630 1083 879 1131 scriptumque
899 1079 1004 1119 fuiffe
1029 1096 1084 1118 ca-

110 1133 189 1180 piri.
221 1133 415 1170 VORST.
464 1137 582 1183 Itaque
617 1133 703 1184 quod
737 1132 895 1182 hodieque
925 1134 1083 1169 eximium

112 1185 215 1231 capiti
235 1183 405 1231 adjiciam.
430 1185 576 1222 Omnes
597 1184 680 1222 cod.
706 1186 807 1233 capit.
833 1184 1001 1221 nonnulli
1021 1184 1084 1221 ad-

115 1233 208 1271 dunt
228 1238 382 1271 memoria
405 1240 484 1278 ejus.
505 1236 588 1272 sane
610 1235 646 1272 τὲ
665 1237 769 1282 capiti
787 1234 893 1283 plane
912 1233 1084 1283 displicet.

114 1285 175 1322 Est
197 1285 271 1322 hoc
298 1286 444 1323 initium
477 1287 601 1334 capitis
625 1298 703 1323 non
727 1294 949 1323 extremum.
1003 1286 1084 1322 Nec

112 1346 280 1384 unquam
297 1365 306 1377 ,
334 1337 438 1386 quod
464 1337 597 1380 sciam,
634 1337 802 1374 Valerius
832 1336 878 1373 de
909 1336 1085 1386 Capitibus

115 1385 262 1423 locutus
288 1387 346 1425 est.
400 1388 649 1425 Retinendam
672 1388 830 1425 omnino
860 1394 953 1435 puto
976 1387 1087 1425 codd.

118 1436 335 1475 lechonem.
388 1439 543 1476 Dixerat
571 1439 686 1476 multa
713 1440 747 1475 ei
773 1440 810 1475 in
829 1439 905 1476 vita
933 1436 1004 1475 effe
1025 1439 1087 1476 tri-

118 1487 226 1532 buta,
255 1501 350 1538 quae
379 1491 555 1527 omittere
576 1489 677 1527 velit.
699 1490 778 1538 jam
801 1490 984 1538 sequitur,
1012 1492 1084 1525 Ita-

116 1552 179 1587 que
207 1540 294 1588 quod
323 1539 480 1591 hodieque
509 1543 667 1577 eximium
693 1543 805 1588 capit,
831 1539 1002 1584 adyt'ciam.
1034 1541 1087 1577 vi-

112 1588 226 1626 detur
244 1590 397 1627 turbasse
416 1592 575 1628 editores
595 1593 753 1628 eximium
767 1620 776 1635 ‚
807 1592 843 1628 in
865 1603 942 1640 quo
963 1589 1085 1628 omnis

118 1640 166 1677 est
193 1641 383 1689 elegantia.
413 1642 586 1690 fignificat
616 1643 715 1679 enim
737 1642 922 1679 honorem
944 1650 1086 1688 praeter

115 1698 259 1728 ceteros
287 1692 466 1740 insignem
492 1721 502 1737 ‚
551 1693 614 1742 qui
643 1693 786 1730 nemini
818 1692 877 1729 alii
905 1692 1085 1730 tribuitur.

119 1741 207 1778 hinc
234 1745 392 1779 eximium
423 1745 572 1792 aliquem
608 1744 740 1780 habere
772 1742 866 1790 apud
889 1742 1085 1780 Comicos.

118 1795 219 1840 Capit
236 1803 359 1830 autem
383 1794 430 1831 est
445 1823 454 1838 ‚
476 1794 651 1842 percipit:
680 1805 817 1842 nempe
838 1793 961 1841 Scipio
975 1818 984 1834 ,
1007 1793 1087 1841 post

118 1852 284 1881 mortem
313 1845 425 1882 suam.
454 1854 494 1882 ut
521 1845 581 1882 hic
609 1847 766 1881 eximium
789 1844 837 1881 fic
858 1843 979 1892 paullo
1002 1851 1088 1880 ante

112 1897 361 1943 praecipua.cui
379 1911 465 1946 quae
483 1898 518 1932 in
538 1908 613 1932 ‘vita
629 1899 804 1945 praecipua
825 1895 984 1944 affignata
998 1897 1094 1942 sunt.

121 1945 208 1982 Imo
231 1945 398 1984 Valerius
420 1949 536 1982 titulos
555 1955 665 1984 vocat
682 1976 691 1991 ‚
719 1946 872 1995 singulas
893 1945 1091 1983 distinetio-

119 2007 184 2032 nes
214 2008 301 2032 vm.
328 2009 382 2045 13.
410 1998 488 2035 init.
515 1998 601 2035 vide
633 2000 671 2035 &
699 1998 802 2045 supra
828 2010 857 2034 1.
885 1996 918 2033 6.
950 2009 980 2033 1.
1010 2000 1089 2031 Mu-

121 2059 200 2082 nera
229 2048 322 2082 mitti
345 2049 469 2098 legatis
494 2062 537 2083 ex
565 2048 651 2084 binis
673 2047 820 2084 millibus
849 2050 937 2083 aeris
964 2049 1090 2093 censue-

120 2107 200 2133 runt
226 2126 236 2141 ,
276 2096 399 2134 duobus
419 2098 599 2142 ,fratribus
626 2098 776 2148 Regibus
806 2097 882 2132 haec
916 2099 1093 2145 praecipua

122 2147 208 2184 Liv.
242 2160 350 2185 xt111.
381 2163 412 2196 ς.
448 2157 489 2186 ut
510 2148 681 2186 nonnulli
700 2147 918 2184 addiderunt
938 2149 1093 2182 memoria

120 2203 207 2245 ejus,
220 2211 283 2247 per
304 2198 457 2247 glossam
477 2207 517 2236 ut
536 2200 701 2236 arbitror.
715 2198 774 2235 Sic
792 2198 850 2234 alii
871 2208 916 2234 ex
934 2199 1022 2244 capit
1040 2198 1093 2234 fe-

120 2259 250 2287 cerunt
268 2252 380 2296 rapui.
406 2250 652 2288 PERIZON.
679 2250 781 2294 Capit
803 2259 889 2285 cum
919 2255 1091 2284 tueantur

120 2300 229 2337 MSS.
252 2301 360 2337 nostri
379 2302 416 2338 &
436 2301 530 2338 Edd.
557 2308 643 2338 ante
660 2300 831 2347 Pighium
846 2327 855 2342 ,
882 2303 952 2343 ejus
972 2312 1091 2333 memo-

119 2352 172 2386 ria
197 2359 318 2388 autem
344 2350 508 2400 plerique
529 2352 732 2394 omittant,
758 2350 852 2386 bene
871 2349 1091 2386 monenti&

121 2402 317 2449 explicanti
334 2403 532 2440 Perizonio
551 2401 760 2440 auscultavi.

169 2453 203 2490 6.
231 2454 326 2500 Quae
344 2455 598 2504 quotiescunque
619 2467 737 2489 munus
755 2449 895 2501 aliquod
917 2450 1092 2488 Corneliae

112 2506 211 2553 genti
229 2504 453 2540 celebrandum
472 2504 533 2554 est]
559 2505 663 2552 Lege
675 2506 779 2550 funus
799 2501 949 2552 aliquod.
972 2500 1089 2540 Paulo

119 2554 200 2602 post
223 2555 322 2592 enim
346 2555 433 2593 dicit
451 2558 589 2592 Catonis
610 2565 763 2604 quoque
781 2552 920 2604 effigiem
945 2552 961 2589 ἑ
980 2553 1089 2589 Curia

116 2604 162 2640 ad
187 2604 328 2652 ejusdem
348 2609 481 2657 generis
511 2606 615 2653 officia
636 2605 783 2654 expromi
803 2606 922 2651 solere.
958 2604 1086 2653 Atque

119 2655 248 2693 audior
279 2657 339 2693 De
365 2659 462 2694 Viris
496 2656 686 2694 illustribus
726 2655 844 2703 capite
873 2668 934 2701 47.
969 2655 1087 2694 scribit

116 2708 180 2743 M.
208 2709 348 2743 Catonis
376 2709 554 2757 imaginem
566 2708 698 2752 funeris
724 2710 821 2754 causa
845 2706 980 2756 produci
997 2707 1086 2755 sole-

117 2771 164 2794 re.
206 2757 277 2794 Sed
300 2757 397 2795 unde
416 2771 494 2796 non
517 2759 625 2796 dicit:
650 2760 777 2806 Quare
804 2756 908 2794 locus
929 2757 989 2794 ille
1017 2758 1083 2795 im-

119 2808 304 2856 perfecflus
337 2809 492 2850 videtur,
546 2809 731 2846 Omnium
768 2808 868 2844 enim
896 2807 1082 2846 illustrium

118 2859 416 2906 producebantur
444 2860 587 2897 funebri
618 2870 758 2908 pompa
786 2859 989 2907 imagines3
1022 2860 1083 2898 sed

118 2909 194 2946 hoc
221 2923 340 2947 rarum
355 2939 365 2954 ,
392 2911 493 2960 quod
515 2911 668 2948 Catonis
694 2910 820 2958 imago
841 2908 858 2944 ex
878 2912 982 2948 Curia
1003 2923 1082 2950 non

115 2974 160 2996 ex
188 2963 276 2998 atrio
301 2961 434 3000 domus
461 2962 635 3011 privatae.
689 2959 912 3009 Legendum
939 2962 1081 3012 itaque,

2025 726 2100 756 na-

1131 828 1377 877 Magnificum
1411 831 1582 879 profeeto
1605 859 1615 875 ‚
1656 840 1766 882 atque
1800 836 1979 875 eximium
2009 840 2099 876 utri-

1132 891 1206 928 que
1232 882 1334 928 genti
1360 882 1469 919 funus
1499 883 1647 932 aliquod
1683 885 1925 924 celebraturae
1949 917 1958 931 ‚
2006 901 2091 926 cum

1131 941 1177 966 ex
1205 942 1311 968 more
1348 944 1527 981 pompam
1554 935 1759 982 imaginum
1792 937 1952 975 familiae
1980 941 2094 977 torius

1132 981 1340 1028 producere
1379 983 1582 1028 deberent,
1629 986 1824 1024 Cornelios
1854 989 1894 1024 P.
1926 990 2092 1027 Africani

1134 1033 1284 1079 majoris
1312 1034 1515 1082 imaginem
1550 1034 1569 1071 ὲ
1597 1036 1812 1084 Capitoli03
1853 1040 2003 1077 Porcios
2036 1043 2091 1078 M.

1134 1081 1288 1121 Catonis
1320 1086 1470 1131 majoris
1499 1083 1518 1121 ὲ
1547 1085 1681 1130 Curia,
1718 1099 1797 1124 non
1826 1100 1869 1126 ex
1898 1092 1994 1127 atriis
2025 1092 2091 1129 suis

1133 1140 1259 1180 petere
1297 1134 1409 1182 pOffe.
1451 1136 1620 1174 PIGH.
1679 1141 1942 1189 Qotiescunque
1979 1157 2096 1178 munus

1134 1184 1273 1233 aliquod
1302 1188 1473 1222 Corneliae
1493 1190 1590 1237 genti
1617 1189 1854 1226 celebrandum.
1896 1195 2029 1229 Munus
2058 1194 2095 1230 in

1137 1236 1309 1272 omnibus
1340 1237 1448 1274 codd.
1483 1244 1559 1274 tam
1602 1238 1708 1276 MSS.
1762 1252 1873 1289 quam
1902 1244 1996 1290 typis
2032 1255 2096 1280 ex·

1137 1286 1255 1332 preffis
1286 1287 1344 1324 est.
1380 1288 1527 1335 Pighius
1558 1296 1685 1325 tamen
1712 1301 1779 1336 pro
1806 1303 1852 1328 eo
1881 1291 2013 1340 scripfit
2038 1297 2098 1339 fu-

1138 1350 1199 1371 nus
1217 1351 1228 1372 .·
1265 1348 1429 1386 eumque
1467 1337 1622 1375 Colerus
1652 1341 1689 1376 ὃς
1709 1341 1869 1388 Thyfius
1894 1343 1973 1380 sunt
1998 1345 2101 1382 secu-

1136 1386 1175 1423 ti.
1227 1387 1299 1425 Sed
1333 1400 1412 1426 non
1446 1388 1576 1436 probat
1606 1389 1680 1426 hoc
1709 1390 1877 1429 Gifanius
1897 1420 1906 1436 ‚
1954 1395 1991 1431 ὃς
2023 1408 2102 1432 non

1138 1437 1288 1475 obscure
1317 1439 1488 1487 Pighium
1520 1440 1595 1476 hoc
1616 1441 1773 1477 nomine
1800 1443 2032 1490 reprehendit
2062 1447 2101 1483 in

1139 1488 1467 1527 Observationibus
1496 1490 1534 1526 in
1572 1491 1618 1526 L.
1657 1491 1702 1527 L.
1727 1493 1957 1530 VORST.
1994 1497 2099 1534 MSS.

1136 1539 1246 1576 nostri
1273 1552 1403 1578 omnes
1431 1541 1543 1578 etiam
1570 1541 1707 1578 habent
1729 1557 1857 1580 munus.
1895 1544 1970 1581 Vix
1999 1546 2101 1583 dubi-

1135 1597 1213 1626 tem
1234 1598 1387 1634 tamen‚
1414 1592 1503 1640 quin
1530 1591 1680 1640 praestet
1706 1593 1828 1641 legere
1847 1597 1964 1639 funus.
1995 1596 2101 1634 Paul-

1135 1640 1173 1676 lo
1211 1642 1291 1689 post
1329 1643 1417 1679 dicit
1451 1645 1589 1678 Catonis
1627 1643 1767 1693 effigiem
1796 1643 1841 1679 ad
1869 1645 2010 1692 ejusdem
2041 1662 2105 1697 ge-

1135 1693 1224 1727 neris
1258 1691 1363 1737 officia
1402 1691 1419 1728 e*
1457 1696 1546 1730 curia
1575 1697 1721 1741 expromi
1747 1693 1881 1742 solere?
1916 1696 2018 1744 Quid
2048 1710 2104 1735 er-

1136 1741 1224 1788 go?
1270 1754 1316 1779 an
1356 1743 1467 1780 etiam
1504 1743 1686 1781 nobilium
1726 1746 1891 1782 virorum
1926 1747 2105 1795 imagines

1138 1790 1183 1828 ad
1214 1803 1367 1829 munera
1407 1794 1536 1842 (quae
1573 1794 1633 1831 vix
1669 1795 1736 1832 alia
1776 1795 1926 1844 intelligi
1956 1798 2103 1846 poffunt

1139 1854 1253 1891 quam
1297 1843 1542 1892 gladiatoria)
1591 1844 1804 1883 celebranda
1853 1859 1873 1883 a
1912 1850 2103 1895 gentilibus

1143 1894 1211 1930 suis
1249 1894 1519 1941 portabantur,
1557 1904 1596 1932 ut
1625 1896 1802 1945 imagines
1832 1898 2002 1937 Deorum
2038 1914 2104 1938 ve-

1141 1944 1495 1988 hebantur.‚thenfis
1529 1946 1575 1983 ad
1604 1946 1710 1984 ludos
1740 1948 1925 1985 Circenses
1950 1950 1964 1985 ?
2006 1953 2104 1989 unde

1141 1995 1216 2032 hoc
1246 1995 1435 2045 liquebit?
1473 1997 1569 2033 Mihi
1598 1997 1681 2034 sane
1709 1998 1877 2035 nondum
1907 2001 2103 2047 probatum

1144 2046 1205 2082 est.
1231 2045 1277 2083 de
1295 2047 1482 2084 funeribus
1502 2056 1630 2085 contra
1648 2060 1703 2085 res
1731 2049 1778 2085 est
1797 2050 1991 2090 notiffima.
2045 2054 2105 2090 In-

1142 2104 1244 2134 terea
1274 2106 1400 2135 tamen
1430 2098 1554 2147 Scipio
1585 2098 1806 2146 prohibuiffe
1834 2100 1979 2138 videtur
2011 2099 2038 2124 ²
2057 2116 2104 2141 ne

1143 2147 1269 2196 imago
1295 2149 1356 2186 sua
1387 2161 1406 2186 e
1433 2150 1623 2197 Capitolio
1654 2151 1793 2194 exiret,
1819 2151 1905 2188 vide
1925 2152 1970 2189 ad
1994 2131 2105 2193 ίαν.

1148 2211 1179 2235 1.
1200 2199 1235 2235 6.
1256 2199 1449 2237 Praeterea
1469 2200 1617 2248 Pighius
1638 2201 1789 2238 restituit
1809 2204 1981 2239 Corneliae
2001 2208 2090 2248 qemi
2103 2233 2113 2248 ,

1143 2256 1184 2285 ut
1202 2249 1339 2287 habent
1367 2251 1480 2287 etiam
1502 2251 1609 2287 MSS.
1636 2251 1748 2288 nostri
1768 2252 1806 2289 &
1824 2252 1893 2290 Ed.
1922 2244 2026 2303 Mo}
2053 2268 2104 2293 re—

1141 2298 1265 2348 liquae
1293 2302 1466 2337 Corneliae
1480 2304 1608 2352 gentis.

1195 2362 1228 2397 7.
1251 2352 1380 2401 Unique
1398 2353 1454 2387 illi
1473 2355 1578 2398 instar
1593 2355 1676 2388 atrii
1697 2355 1903 2401 Capitolium
1923 2355 1984 2404 est]
2014 2357 2101 2393 Sen-

1144 2400 1198 2437 sus
1221 2401 1388 2445 est‚cu1n
1409 2402 1567 2440 aliorum
1585 2404 1763 2451 imagines
1782 2406 1819 2442 in
1841 2407 1985 2443 aedium
2010 2408 2102 2444 atriis

1142 2449 1332 2498 asservari,
1359 2453 1520 2502 indeque
1550 2455 1706 2502 proferri
1732 2456 1893 2499 soleant,
1926 2457 2100 2504 Scipionis

1142 2503 1301 2552 effigiem
1337 2502 1506 2542 affervari
1534 2505 1571 2542 in
1593 2505 1805 2554 Capitolio,
1832 2507 1988 2555 indeque
2014 2518 2101 2554 pro-

1141 2554 1228 2591 ferri
1256 2554 1384 2592 solere.
1410 2556 1606 2594 VORST.

1189 2605 1223 2642 8.
1250 2608 1334 2641 Tam
1354 2606 1479 2650 hercle,
1508 2621 1609 2657 quam
1631 2609 1732 2644 Curia
1752 2606 1930 2653 fiaperioris
1961 2607 2098 2642 Catonis

1137 2654 1260 2707 effigies
1286 2655 1331 2692 ad
1355 2662 1424 2705 ejus
1455 2660 1586 2710 generis
1613 2657 1715 2704 officia
1753 2655 1969 2704 expromitur]
2017 2658 2098 2694 No-

1137 2718 1228 2745 vum
1261 2708 1322 2744 hic
1343 2708 1473 2758 incipit
1502 2709 1712 2756 exemplum
1728 2735 1736 2749 ‚
1761 2714 1799 2742 ut
1819 2705 2012 2744 Pulmanni
2031 2719 2097 2745 co-

1137 2757 1210 2795 dex
1239 2758 1474 2798 demonstrat.
1525 2760 1651 2808 Atque
1680 2758 1738 2794 hic
1765 2756 1866 2792 locus
1893 2757 1982 2794 item
2019 2770 2097 2795 mu-

1135 2809 1218 2847 tilus
1267 2818 1378 2860 atque
1428 2810 1632 2849 mendosus.
1696 2807 1736 2843 In
1778 2805 1912 2854 scriptis
1960 2808 2097 2845 codici·

1135 2859 1201 2898 bus
1228 2862 1360 2899 restant
1389 2862 1534 2909 vestigia
1561 2870 1668 2897 verae
1694 2856 1892 2899 leffioniffi
1938 2870 2025 2895 nam
2051 2860 2088 2896 in

1133 2910 1406 2951 Pulmanniano
1432 2914 1469 2950 &
1490 2907 1741 2949 Gemblacenfi
1770 2907 1969 2952 habemus,
2009 2912 2092 2945 Tam

1132 2961 1260 3006 hercle,
1287 2979 1388 3014 quam
1409 2963 1511 3000 Curia
1523 2961 1701 3010 superioris
1723 2961 1861 2994 Catonis
1875 2987 1885 3002 ,
1908 2961 1943 2996 in
1960 2975 2025 3008 qua
2046 2963 2095 3005 es-

117 3013 236 3064 Imago
264 3017 334 3060 ejus
356 3015 489 3061 satieris
519 3016 617 3063 causa
636 3010 774 3063 produci
805 3010 822 3049 ὲ
852 3013 955 3051 Curia
980 3015 1080 3063 solet.
1121 3013 1225 3066 figies
1242 3016 1338 3054 illius
1358 3013 1404 3052 ad
1420 3019 1508 3064 cujus
1521 3013 1651 3063 generis
1670 3008 1772 3054 officia
1790 3012 1995 3061 exprimitur.
2032 3010 2093 3045 In-

1631 3061 1713 3098 Fff
1745 3060 1791 3097 ff

2013 3071 2094 3096 CO?-

2115 368 2212 405 Supra
2238 376 2283 398 ir.

2117 417 2145 438 1.
2169 414 2197 439 6.

2148 588 2154 593 .
2200 577 2218 601 2
2228 595 2231 598 ‚
