2516 3509
570 128 713 186 DE
824 123 1593 202 MAJESTATE

143 239 273 305 Nam
297 232 416 300 quid
447 233 548 297 plus
582 239 606 271 4
625 230 812 278 honoris
841 229 982 276 tribui
1014 230 1170 291 potuit
1191 218 1522 291 consuli,quain
1544 228 1609 275 est
1647 234 1661 265 5
1688 225 1845 275 datum
1868 242 1946 274 reo
1969 227 2077 274 Me-

70 318 220 366 tello?
254 315 333 380 qui
364 330 472 360 curn
495 309 687 359 cauffam
717 308 1070 372 repetundarum
1102 308 1300 367 diceret,
1335 307 1604 371 tabulaeque
1624 308 1795 371 ejus,ab
1821 306 2079 356 accusatore
2093 329 2176 359 Anu.
2198 322 2267 355 urb.

74 393 102 421 '⁶
131 390 522 459 expostulataeJad
550 406 718 439 nomen
749 389 1076 452 inspiciendum
1121 397 1140 429 7
1173 389 1295 436 circa
1317 387 1548 451 judicium
1580 386 1827 446 ferrentur,
1876 385 1896 415 8
1921 399 2074 434 totum

76 474 318 522 consilium
335 472 389 519 ab
412 487 566 518 earum
587 469 977 533 contemplatione
1002 468 1160 516 oculos
1183 468 1374 526 avertit,
1407 481 1464 511 ne
1493 463 1550 510 de
1570 463 1720 528 1111011τῖ
1738 480 1809 522 re,
1845 471 1863 498 9
1882 481 1993 528 quae
2027 467 2074 513 in

76 552 145 599 his
173 550 313 597 ‘relata
343 562 462 609 erat,
498 548 727 596 videretur
758 545 989 594 dubitasse.

1059 546 1178 592 Non
1210 545 1258 590 in
1287 542 1474 601 tabulis,
1508 539 1581 587 secl
1612 541 1658 587 in
1687 541 1783 588 vita
1806 539 2075 600 QMetelli

67 642 343 695 ¹argumenta
379 629 547 676 sincere
576 627 907 675 administratae
939 626 1199 692 provinciae
1229 623 1417 688 legenda
1448 620 1530 668 fibi
1560 620 1736 685 judices
1757 619 2072 673 crediderunt:

76 711 315 775 indignum
334 710 420 756 rati
459 716 500 737 ¹0
522 710 831 774 integritatem
853 708 968 756 tanti
981 707 1070 755 viri
1095 705 1262 769 exigua
1282 720 1383 752 cera
1400 700 1449 748 &
1470 701 1623 765 paucis
1645 699 1785 747 literis
1806 702 2039 764 perpendi.

74 919 124 958 ad
143 918 293 970 Vopisc.
313 931 347 968 p.
367 931 451 969 405.
478 918 546 956 Ed.
560 917 666 955 Paris.
694 917 819 954 Etiam
851 915 897 952 L.
919 927 989 952 vn.
1013 926 1046 963 3.

24 981 31 984 ·
80 972 115 1008 8.
151 971 211 1008 ubi
240 970 403 1007 {imiliter
439 970 516 1006 fere
542 979 674 1006 omnes
698 966 850 1015 scripti,
887 965 1045 1015 ,AbJ'et‘lo

78 1021 207 1058 honoris
222 1031 394 1070 praetexto
414 1019 597 1056 exhibent.

129 1084 162 1121 3.
191 1076 340 1121 Longum
357 1078 401 1105 (φ’
421 1069 551 1105 beatum
571 1069 719 1105 bonorem
729 1068 802 1115 sine
822 1064 957 1114 honore]
972 1065 1049 1103 Alli

77 1122 241 1160 honores
263 1131 340 1158 non
361 1120 424 1157 diu
445 1119 600 1164 durant,
628 1120 666 1156 ὅ(
688 1118 747 1156 vel
766 1118 950 1155 semestres
964 1145 973 1160 ‚
986 1116 1048 1154 vel

77 1173 210 1216 annui,
232 1171 292 1207 vel
310 1181 516 1219 paucorum
538 1181 722 1207 annorum
743 1169 846 1211 sunt;
870 1177 909 1206 ut
930 1168 1042 1206 dicta-

74 1232 176 1266 tura,
204 1221 428 1266 consulatus,
457 1221 626 1258 censura:
655 1228 690 1258 at
719 1219 883 1268 majestas
914 1228 1044 1267 perpe-

74 1281 157 1310 tuus
174 1273 325 1322 quidam
343 1272 468 1310 honor
487 1273 546 1309 est.
598 1271 669 1309 Sed
701 1270 832 1312 eadem
857 1278 983 1307 tamen
1003 1272 1042 1308 ὃ(

76 1323 151 1361 fine
170 1324 336 1368 honore,
364 1323 399 1360 id
422 1323 494 1368 est,
521 1322 595 1360 fine
624 1322 833 1370 magistratu
858 1321 917 1358 est.
968 1321 1043 1358 Po-

73 1374 139 1413 test
154 1375 261 1412 enim
281 1375 380 1412 illam
401 1375 439 1411 ὅ(
460 1374 487 1410 is
511 1373 643 1411 habere
657 1401 667 1417 ‚
699 1374 763 1422 qui
794 1372 1041 1420 magistratum

76 1438 157 1463 non
184 1426 287 1474 gerit.
339 1424 583 1464 Observatum
614 1432 742 1461 tamen
765 1423 837 1467 est,
864 1423 1043 1472 quosdam

77 1476 187 1514 codd.
206 1476 339 1514 habere
358 1477 429 1524 fine
449 1490 562 1512 onere.-
591 1475 702 1524 idque
728 1474 876 1522 Pighius
893 1474 928 1510 in
950 1486 1046 1512 mar-

76 1529 162 1576 gine
183 1529 338 1565 notavit.
366 1527 553 1564 Codicum
573 1526 704 1563 Brund..
726 1537 818 1562 unus
839 1525 947 1561 habet
966 1526 1048 1576 qui-

78 1579 163 1616 dem
185 1593 275 1614 onere
288 1593 298 1622 ;
311 1577 371 1616 sed
390 1585 431 1614 ut
452 1577 568 1614 aliena
590 1588 704 1614 manu
724 1575 760 1612 id
779 1575 950 1624 scriptum
965 1604 974 1620 ‚
997 1577 1048 1614 al-

76 1637 198 1678 terum
221 1641 312 1666 vero
343 1628 569 1676 expunc‘tum
596 1627 774 1665 videatur.
812 1628 848 1663 V
864 1628 899 1664 O
915 1628 947 1664 R
962 1628 983 1664 S
997 1629 1046 1666 T.

75 1680 201 1717 Etiam
230 1680 335 1717 Barb.
367 1679 473 1728 prim.
503 1692 596 1715 onere
635 1678 677 1715 al'
699 1678 824 1715 honore.
862 1678 901 1715 &
939 1678 1047 1718 Leid.

105 1738 196 1768 uint.

76 1743 102 1781 q
124 1793 159 1829 4.
186 1780 355 1829 Honoris]
385 1780 495 1818 Deest
522 1782 560 1818 in
579 1779 639 1817 lib.
662 1780 760 1818 Dan.
792 1779 830 1817 &
849 1779 897 1817 est
918 1790 1046 1818 revera

75 1832 282 1870 foedisslma
299 1830 410 1880 gloffa
424 1860 434 1877 ,
462 1839 543 1870 orta
559 1843 603 1868 CX
624 1831 713 1869 istis:
739 1831 889 1868 honorem
904 1830 964 1877 effi
973 1832 1047 1878 fine

73 1883 202 1922 bonore.
231 1883 423 1920 COLER.
481 1884 574 1920 Nam
591 1881 674 1932 quid
697 1884 774 1932 plus
794 1882 924 1918 honoris
942 1881 1047 1918 tribui

69 1937 194 1985 potuit.
221 1933 392 1972 Testatur
412 1934 567 1971 Colerus
580 1962 589 1977 ‚
611 1933 741 1969 honoris
761 1933 781 1971 a
803 1932 936 1970 cod.P.
949 1933 1046 1970 Dan.

76 1983 223 2023 abeffe:
270 1985 464 2035 censetque
498 1984 746 2023 foediffimam
777 1996 860 2021 eam
890 1981 1044 2031 glossam

76 2034 171 2079 effe,
198 2043 320 2073 ortam
351 2047 395 2072 ex
422 2037 600 2084 proximis
628 2034 870 2084 superioribus
895 2035 1045 2072 honorem

67 2087 144 2134 fine
163 2086 287 2122 honore.
328 2086 439 2123 Abest
458 2087 541 2124 sane
561 2099 603 2124 ea
621 2098 698 2124 vox
721 2085 741 2124 a
764 2085 870 2124 codd.
891 2098 1045 2136 quoque

76 2135 254 2174 Brandeb.
272 2137 309 2173 ὃ(
330 2135 350 2174 a
372 2145 497 2174 vetere
516 2139 608 2175 item
627 2138 722 2186 typis
735 2135 901 2185 expreffo
915 2138 1046 2174 Marti·

74 2188 114 2225 ni
144 2186 298 2234 Herbip.
325 2187 515 2225 VORST.
568 2191 691 2224 Parnm
718 2188 847 2223 honoris
871 2187 957 2224 dicit
975 2188 1044 2224 Ex.

71 2243 109 2285 ’4.
136 2241 312 2288 Quantum
335 2237 463 2273 honoris
492 2238 575 2275 Ext.
597 2251 628 2275 2.
656 2239 790 2282 Forte,
818 2241 913 2273 Nam
934 2236 1015 2287 quid
1029 2238 1044 2274 ?

77 2289 136 2326 vel
155 2288 226 2338 qui.
253 2288 308 2324 Ut
338 2288 384 2324 L.
404 2299 456 2324 1x.
483 2300 538 2326 11.
565 2289 648 2324 Ext.
669 2300 703 2325 2.
737 2291 776 2323 In
793 2300 880 2336 quo,
907 2287 967 2335 qui
985 2299 1047 2323 azot

73 2340 215 2376 homines
235 2340 321 2374 ullos
344 2336 511 2387 adjutores
536 2339 712 2374 invenerit.
744 2337 770 2373 P
786 2337 860 2373 ER
875 2336 890 2373 I
903 2336 933 2374 Z
947 2338 983 2374 O
997 2338 1045 2373 N.

76 2393 227 2427 Honoris
256 2388 352 2427 deest
379 2388 490 2425 etiam
520 2388 559 2424 in
578 2387 706 2425 nostris
726 2386 916 2424 tredecim.
968 2388 1047 2424 Ha-

75 2441 164 2479 bent
193 2450 320 2479 tamen
348 2439 454 2476 Leid.
482 2438 552 2475 sec.
574 2438 661 2487 sept.
689 2438 786 2485 Cop.
809 2436 910 2475 Toll.
942 2437 1046 2475 Barb.

74 2492 143 2530 sec.
171 2490 322 2529 Arridet
351 2490 406 2527 Cl.
426 2489 609 2528 Perizonii
638 2488 850 2539 conjectura
869 2492 967 2524 Nam
986 2488 1047 2540 ιΙιιῖ

67 2545 148 2595 plus
169 2543 311 2580 honoris.

125 2609 158 2643 ς.
186 2597 314 2630 Datum
330 2607 382 2630 reo
407 2591 564 2641 Metello]
588 2593 649 2630 De
660 2589 866 2629 Numidico
884 2589 1042 2629 Metello

73 2644 166 2682 haec
181 2644 413 2693 intelligenda
434 2656 512 2681 11011
531 2643 576 2681 (16
594 2642 866 2685 Macedonico,
886 2650 926 2680 ut
946 2654 991 2679 ex
1009 2655 1042 2680 z.

75 2696 186 2744 Epist.
219 2697 264 2733 L.
298 2709 326 2733 1.
347 2695 393 2732 ad
414 2696 489 2732 Att.
509 2694 719 2744 colligitur.¹
753 2693 899 2729 Tabulas
917 2701 1042 2731 autem

75 2752 145 2796 ejus
162 2747 369 2795 intelligunt
390 2746 465 2784 duo
492 2750 808 2782 commentatores
825 2746 1019 2793 accusatoris
1032 2773 1043 2789 ‚

79 2804 207 2834 contra
237 2805 405 2835 mentem
434 2796 616 2834 authoris:
646 2805 732 2832 cum
762 2796 894 2833 author
911 2795 1044 2833 intelli-

77 2855 140 2896 gat
160 2850 324 2892 Metelli,
352 2849 389 2885 in
413 2847 541 2896 quibus
560 2846 618 2884 ille
649 2857 804 2883 omnem
831 2846 1046 2895 provinciae

77 2897 345 2936 administratae
397 2899 583 2935 rationem
631 2897 836 2945 inscriptam
881 2897 1047 2935 habebat.

77 2947 415 2997 Quemadmodum
445 2950 529 2986 Liv.
560 2948 604 2984 L.
624 2959 711 2984 vm.
738 2949 902 2995 Quartae
922 2948 1044 2986 Deca-

78 2998 145 3036 dos
164 2999 209 3036 de
230 2998 269 3035 P.
288 2999 460 3047 Scipione
479 3000 660 3047 superiore
680 2998 752 3042 ait,
778 2997 911 3035 librum
930 2999 1044 3036 ratio-

77 3048 172 3102 111οὲ
202 3050 247 3088 L.
270 3050 379 3088 fratre
400 3048 799 3101 allatum,inspe6iante
822 3048 956 3088 Senatu
976 3049 1044 3088 suis

1986 783 2078 833 *Sed

1096 914 1213 962 ipsum
1231 912 1398 950 manibus
1417 907 1669 959 concerpfiffe.
1699 910 1970 950 GLAREAN.

1148 964 1182 1000 6.
1211 964 1446 1012 Expostulatae
1464 960 1509 998 ad
1528 976 1642 997 nomen
1661 960 1907 1011 inspiciendam]
1921 963 2068 1011 Pighius

1098 1013 1232 1058 edidit,
1261 1014 1498 1063 Expostulatae
1519 1020 1564 1048 ω’
1580 1010 1624 1047 acl
1650 1026 1765 1048 nomen
1783 1015 1865 1063 insp.
1893 1014 1940 1051 Et
1956 1017 2068 1053 secuti

1099 1077 1187 1102 eum
1208 1066 1289 1103 sunt
1311 1065 1466 1102 Colerus
1495 1072 1606 1113 atque
1630 1062 1803 1112 Thyfius.
1856 1065 2000 1103 Verum
2022 1075 2067 1102 θ’

1096 1116 1362 1165 supervacuum
1377 1115 1484 1164 plane
1495 1115 1541 1152 est
1554 1142 1564 1158 ‚
1577 1114 1794 1164 sensumque
1806 1114 1935 1154 turbat.
1957 1116 2069 1155 Abest

1096 1179 1249 1216 quoque
1278 1167 1322 1204 ab
1345 1177 1505 1215 utroque
1525 1164 1606 1202 cod.
1626 1165 1802 1203 Brandeb.
1834 1178 1904 1203 nec
1922 1179 2000 1205 non
2028 1169 2067 1208 ὃ(

1096 1218 1115 1255 ἐι
1136 1226 1263 1255 vetere
1282 1217 1446 1255 editione
1466 1218 1576 1253 Mart.
1588 1216 1741 1264 Herbip.
1763 1217 2065 1266 Expungenduxn

1096 1270 1134 1306 ὅ(
1153 1269 1369 1306 Gronovius
1392 1268 1538 1311 censet.
1565 1274 1604 1304 ut
1625 1278 1668 1304 ex
1688 1268 1798 1305 Notis
1818 1269 1894 1317 ejus
1914 1269 1960 1307 ad
1981 1270 2066 1308 Liv..

1093 1331 1206 1363 xxxv,
1230 1331 1262 1366 7.
1284 1328 1445 1367 apparet.
1498 1321 1626 1353 Nomen
1655 1329 1721 1366 pro
1753 1318 1891 1356 debito.
1942 1321 1990 1357 Et
2007 1335 2067 1355 no-

1095 1385 1168 1407 men
1193 1373 1343 1419 inspic-ere
1372 1371 1420 1407 est
1441 1369 1657 1418 exquirere,
1684 1376 1867 1417 quantum
1894 1371 1973 1419 quis
2004 1370 2067 1409 ad-

1095 1422 1170 1459 huc
1190 1421 1332 1459 debeat.
1360 1421 1495 1458 Cicero
1517 1431 1584 1467 pro
1596 1418 1741 1463 Balbo:
1763 1423 1839 1456 Hoc
1856 1423 1961 1470 igitur
1976 1425 2069 1470 ams-

1086 1475 1162 1521 fizm
1190 1471 1337 1517 dicente,
1372 1486 1441 1509 cum
1468 1471 1568 1519 ipsius
1600 1469 1732 1506 tabulae
1762 1474 2067 1518 circumferrentur,

1095 1523 1284 1574 inspiciendi
1309 1525 1450 1560 nominis
1475 1520 1595 1568 cauffit.
1628 1521 1666 1557 V
1681 1522 1716 1558 O
1732 1523 1764 1559 R
1779 1522 1800 1559 S
1813 1523 1863 1560 T.
1920 1523 2067 1571 Copula

1098 1583 1143 1611 (φ
1169 1575 1304 1613 exsulat
1321 1575 1432 1612 etiam
1452 1572 1473 1611 a
1495 1571 1642 1618 multis,
1669 1584 1763 1622 quos
1785 1584 1856 1622 ego
1880 1573 2071 1620 consului,

1100 1627 1139 1665 ὃ(
1159 1626 1228 1664 Ed.
1248 1627 1356 1675 Mog.

1152 1689 1186 1725 7.
1220 1679 1316 1715 Circa
1340 1675 1502 1725 judicium
1527 1672 1712 1723 ferrentur]
1751 1673 1806 1711 Tta
1835 1674 2003 1723 PighiuS,
2034 1677 2072 1714 &

1101 1736 1187 1765 ante
1210 1740 1296 1765 eum
1315 1727 1433 1765 Aldus
1453 1728 1491 1764 ὃ(
1512 1724 1847 1773 Chalcocondyles.
1898 1727 1952 1764 At:
1973 1727 2077 1765 codi-

1099 1790 1158 1816 ces
1178 1778 1307 1816 Brand.
1326 1781 1421 1815 Circa
1436 1775 1561 1825 judices
1575 1778 1753 1823 ferrentur.
1796 1777 1880 1813 Nec
1897 1777 2000 1815 aliter
2017 1786 2077 1827 ty-

1098 1830 1151 1878 pis
1171 1827 1351 1878 expreffus
1373 1828 1525 1866 Martini
1538 1827 1692 1874 Herbip.
1720 1829 1848 1876 Quam
1870 1827 2074 1867 Jefflonem

1099 1882 1138 1918 ὅ(
1169 1880 1387 1919 Gronovius
1405 1881 1443 1917 in
1471 1878 1578 1916 MSS.
1605 1877 1823 1915 observavit.
1875 1879 1973 1916 Vide
1994 1881 2077 1917 No-

1098 1939 1149 1969 tas
1169 1933 1246 1982 ejus
1263 1932 1309 1969 ad
1320 1932 1402 1969 Liv.
1417 1942 1525 1968 xxxv.
1540 1929 1778 1976 7.VORST.
1798 1929 1944 1967 Decem
1967 1931 2076 1972 MSS.

1099 1994 1184 2021 cum
1207 1983 1275 2020 Ed.
1292 1984 1399 2031 Mog.
1423 1982 1570 2019 &Ven
1586 1981 1670 2016 circa
1686 1978 1824 2028 judices.
1848 1980 2073 2031 Barb.prim.

1095 2036 1178 2071 circa
1199 2033 1282 2071 inde.
1312 2033 1418 2071 Leid.
1438 2032 1524 2070 sext.
1550 2042 1661 2068 contra
1675 2035 1745 2079 jm.

1148 2086 1182 2123 8.
1210 2088 1329 2121 Totum
1350 2083 1534 2132 confilium]
1567 2083 1620 2119 Ita
1649 2080 1753 2119 COdd.
1775 2080 1907 2119 Brand.
1927 2082 2075 2120 omnes-

1096 2147 1170 2185 que
1189 2137 1285 2185 typis
1307 2135 1456 2185 expreffi
1477 2143 1632 2172 veteres.
1682 2132 1828 2181 Pighius
1847 2141 1973 2169 tamen
1994 2146 2075 2171 ma·-

1096 2186 1163 2224 luit
1181 2189 1350 2223 concilium
1363 2202 1373 2222 .·
1402 2197 1565 2235 eumque
1589 2184 1743 2221 Colerus
1763 2184 1800 2220 ὅ(
1815 2183 1974 2231 Thyfius
1994 2185 2075 2222 sunt

1096 2237 1219 2274 secuti.
1272 2237 1385 2285 Quafi
1416 2247 1561 2273 novum
1593 2234 1631 2271 id
1659 2232 1767 2277 esset,
1795 2235 1962 2281 confilium
1979 2235 2074 2283 ipsos

1099 2286 1328 2323 consiliantes
1359 2287 1495 2323 vocari.
1549 2284 1685 2321 Cicero
1704 2296 1739 2321 v.
1762 2284 1869 2320 Verr.
1897 2288 1979 2320 Cum
2000 2300 2075 2322 (οη-

1089 2337 1170 2382 filio
1197 2336 1336 2383 cauffizm
1356 2337 1641 2372 Mamertinorum
1666 2336 1845 2385 cognostit,
1875 2343 1920 2370 O'
1942 2334 1981 2371 de
2000 2351 2075 2373 con-

1089 2387 1165 2434 filii
1180 2389 1348 2435 sentencia
1381 2388 1597 2423 Mamertinis
1619 2388 1656 2434 fi’
1670 2388 1874 2432 frumentum
1889 2401 1955 2422 non
1972 2389 2072 2437 impe-

1098 2451 1173 2473 rare
1192 2440 1403 2486 pronuntiat.
1458 2438 1551 2474 Item
1584 2436 1644 2474 lib.
1674 2449 1732 2472 ΠΙ.
1762 2448 1819 2484 ep.
1852 2437 1885 2474 8.
1914 2438 1962 2474 ad
1984 2439 2070 2474 Fam.

1095 2491 1140 2524 In
1152 2488 1280 2537 publtco
1299 2488 1387 2524 orbi5
1402 2499 1509 2524 terrae
1529 2488 1656 2534 consilio
1672 2515 1681 2530 ‚
1702 2485 1738 2523 id
1756 2491 1800 2534 est·
1813 2516 1821 2530 ,
1843 2491 1973 2536 senam.
1995 2489 2072 2525 NC-

1096 2550 1165 2587 pos
1202 2550 1340 2584 XVIII,
1375 2551 1432 2582 12,
1463 2551 1495 2588 3.
1546 2541 1689 2587 Cognita
1722 2539 1849 2585 confilti
1885 2541 2067 2574 wolmatate.

1095 2591 1290 2628 VORST.
1345 2590 1496 2627 Secutus
1526 2589 1574 2626 est
1603 2589 1750 2637 Pighius
1778 2589 1844 2626 Ed.
1876 2589 1968 2625 Rob.
1989 2589 2066 2624 Ste-

1094 2640 1206 2690 phani
1234 2640 1364 2679 itidem
1416 2641 1595 2677 Concilium
1625 2640 1846 2683 exhibentis,
1881 2638 1937 2674 sed
1973 2650 2063 2674 con-

1094 2701 1147 2730 tra
1167 2691 1432 2742 plerorumque
1450 2690 1558 2728 MSS.
1578 2690 1688 2728 fidem
1703 2719 1712 2735 ‚
1726 2692 1763 2727 ὃς
1784 2687 1950 2726 vocabuli
1972 2688 2067 2727 istius

1095 2744 1212 2781 usum.
1241 2744 1300 2780 De
1320 2756 1397 2792 quo
1415 2743 1446 2789 J.
1470 2743 1527 2779 Fr.
1547 2742 1665 2779 Gron.
1686 2741 1730 2778 ad
1753 2741 1835 2776 Liv.
1860 2739 1903 2774 L.
1917 2750 2017 2775 κων.
2032 2752 2066 2777 z.

1145 2808 1180 2843 9.
1207 2798 1306 2840 ‚Quae
1335 2797 1371 2830 in
1398 2794 1450 2830 ln's
1475 2795 1582 2830 relata
1610 2791 1698 2839 erat]
1729 2790 1808 2826 MS.
1837 2789 1932 2836 Cop.
1959 2801 2066 2828 crant.

1096 2846 1208 2884 Forte
1221 2849 1318 2895 Quae
1334 2847 1368 2881 in
1387 2845 1436 2880 his
1449 2846 1575 2880 relatae
1593 2854 1697 2878 crant.
1708 2840 1948 2878 PERIZON.
1960 2841 2068 2878 MSS.

1100 2896 1301 2934 duodecim
1337 2898 1462 2933 relatae
1499 2904 1592 2930 erant
1610 2921 1620 2936 ‚
1665 2904 1709 2929 ex
1738 2890 1867 2940 quibus
1898 2891 2067 2929 nonnulli

1100 2948 1211 2985 etiam
1231 2947 1335 2983 iniis.
1388 2945 1527 2983 Eadem
1550 2946 1626 2981 fere
1653 2942 1810 2985 variatio
1835 2942 1980 2978 numeri
2001 2953 2066 2979 oc-

1096 2997 1206 3036 currit
1224 2997 1262 3034 in
1284 2997 1389 3035 MSS.
1410 2997 1456 3034 L.
1476 3009 1519 3033 11.
1536 2996 1569 3032 6.
1593 3006 1625 3043 3.

1150 3061 1206 3088 10.
1225 3048 1453 3098 Integritatem
1471 3048 1560 3084 tanti
1576 3045 1645 3083 ‘riri
1657 3045 1779 3132 {aucis
1797 3043 1920 3079 litteris
1929 3046 2068 3145 perp‘elnj

1701 3106 1721 3132 C
2034 3109 2043 3128 1

1970 139 2080 195 217

2169 235 2200 263 1.

2088 375 2163 407 641.
2186 368 2256 398 Cic.

2092 420 2150 452 pro
2174 409 2337 441 Balbum-

2090 454 2124 485 &
2145 451 2184 484 ad
2200 456 2271 483 Act.

2092 505 2117 528 1.
2141 499 2319 532 worn..
