2516 3509
206 43 767 104 EXERCITATIO
808 44 914 100 AD
946 47 1128 106 ‘VAL.
1172 54 1361 110 MAX.
1405 58 1679 117 L113.V11.
1710 59 1991 118 Ciavn.
2022 75 2127 130 901

139 146 538 195 centumviralibus
567 145 782 210 judicii8‚
829 149 990 213 quibus
1033 153 1169 200 etiam
1203 156 1390 203 Praet'or
1422 158 1633 207 Urbanus
1668 161 1861 224 praefuit
1881 197 1897 222 ‚
1940 163 1975 209 is
2010 177 2116 210 vero

130 213 244 278 juris
279 213 421 258 civilis
456 228 546 258 non
579 211 818 275 adjuvandi
853 228 1029 262 tantum
1063 234 1114 263 ac
1148 218 1408 282 supplendi,
1438 223 1508 268 sed
1544 225 1802 288 corrigendi
1836 243 2018 289 quoque
2053 226 2115 272 fa·

141 276 358 322 cultatem
393 277 553 322 habuit
588 280 615 321 l.
642 291 686 333 7.
721 285 756 332 ᾗ.
789 293 823 321 1.
858 280 922 324 D.
957 281 1004 326 cle
1026 282 1164 342 justit.
1199 286 1250 333 ζῇ
1272 284 1366 342 jur,
1436 287 1525 331 Pro
1559 287 1656 333 filio
1691 305 1798 335 vero
1832 291 1878 335 in
1912 291 2002 336 hoc
2036 306 2113 336 ex-

141 340 294 403 emplo
329 339 520 386 faciebat
553 340 757 387 voluntas
792 344 926 404 patris
968 344 1070 390 inde
1112 344 1209 391 satis
1245 347 1503 406 manifesta,
1539 351 1662 412 quod
1694 352 1907 412 demum,
1941 355 2110 400 nuncio

142 404 198 450 de
231 407 325 468 ejus
360 419 507 451 morte
541 417 762 466 accept0‚
799 405 1039 454 secundum
1075 409 1392 457 testamentum
1426 411 1622 473 fecisset,
1669 416 1715 460 in
1750 433 1840 478 quo
1872 419 1945 462 alii
1988 431 2112 465 erant

142 468 336 515 instituti
373 469 584 525 beredes3
627 469 740 514 nihil
774 471 1040 518 occurrebat
1074 487 1297 535 praeterea
1332 476 1378 521 in
1412 475 1510 522 filio
1533 511 1548 536 ,
1592 494 1725 541 quare
1760 481 1985 527 videretur
2019 483 2110 544 pri·
2149 516 2164 528 .

139 532 307 579 vandus
343 547 524 595 paterna
559 533 836 580 hereditate:
885 535 1085 585 abiizerat
1131 554 1313 601 quoque
1343 540 1615 602 reipublicae
1650 542 1805 602 causa,
1849 544 1897 590 &
1932 546 2114 607 quidem

87 640 93 644 .
139 598 188 643 in
222 597 404 655 milit-2212,
441 600 513 644 cui
550 598 796 658 plurimum
831 598 990 645 favoris
1024 602 1261 648 Romanos
1296 604 1518 651 indulsisse
1552 607 1902 670 vulgatissimum
1937 609 2028 668 est,
2062 610 2114 655 il-
2185 652 2191 658 .

142 661 203 708 lic
236 662 496 724 absumptus
531 662 615 707 fios
639 663 821 720 actam,
858 664 1026 709 labores
1062 664 1109 710 ἃ
1134 667 1330 727 pericula
1364 669 1577 729 tolerata,
1612 672 1794 718 vulnera
1826 688 2008 735 quoque
2041 674 2115 719 ad-

143 725 268 772 verso
303 742 496 788 corpore
531 743 614 788 pro
650 728 792 790 patria
825 741 1035 790 accepta,
1083 744 1277 789 quorum
1313 733 1544 780 cicatrices
1578 734 1852 782 ostendebat.
1921 738 2014 783 Hic
2052 737 2115 783 sa-

144 806 201 836 ne
235 790 556 836 evidentiffima
589 791 783 852 aequitas
813 791 988 853 judices
1021 794 1178 855 coegit
1207 796 1430 842 universos
1455 830 1470 855 ,
1520 813 1573 843 ne
1607 812 1863 860 paterentur
1893 802 1964 864 jus
1998 799 2115 847 sum·

142 871 269 901 mum
303 855 350 899 in
384 853 657 901 manifestam
692 855 974 915 iniquitatem
998 856 1264 920 degenerare
1283 893 1297 918 ,
1317 859 1517 923 adeoque
1538 875 1587 908 ut
1603 896 1618 921 ,
1639 862 1812 908 rescisso
1838 879 2022 926 paterno
2047 878 2115 911 te-

145 919 397 975 stamento,
443 918 732 963 hereditatem
770 918 851 979 ipsi
888 920 1207 981 adjudicarent.
1274 923 1362 970 Uti
1396 938 1545 970 autem
1585 928 1686 989 jura
1730 927 1970 974 increscere
2013 944 2118 975 cum

144 996 353 1044 tempore
386 981 525 1027 solent
545 1015 560 1039 ‚
610 983 740 1028 initio
773 984 978 1029 alicunde
1011 983 1192 1048 sumpto
1213 1020 1229 1046 ‚
1275 988 1408 1034 etiam
1454 1004 1509 1035 ex
1546 988 1837 1053 singularibus
1882 994 2151 1055 exemplis‚’

146 1047 290 1108 qualia
325 1046 537 1092 habemus
585 1055 620 1101 ᾧ.
649 1062 687 1091 1.
726 1049 819 1106 lz-ifi'r,
868 1051 912 1092 di·
948 1049 1297 1110 fideicommiffzr.
1330 1053 1592 1099 hereditatib.
1622 1068 1689 1114 pr.
1746 1055 1844 1114 [κβ.
1879 1058 1926 1102 cle
1959 1060 2125 1103 codicill.

146 1115 173 1157 l.
206 1127 240 1156 1.
270 1126 335 1171 pr.
372 1112 437 1156 D.
471 1112 518 1155 de
553 1122 687 1155 τεκεῖν.
721 1111 945 1171 ifgspfss'eml.
980 1112 1041 1157 ita
1074 1128 1129 1158 eo
1162 1114 1299 1176 usque
1332 1131 1396 1161 res
1433 1117 1639 1179 processit
1662 1152 1676 1177 ‚
1722 1132 1774 1165 ut
1808 1120 1852 1164 in
1880 1122 1953 1182 jus
1982 1120 2123 1167 abiret

147 1175 423 1222 ordinarium
448 1208 464 1232 ,
517 1174 639 1237 quod
688 1174 994 1221 filiusfamilias
1038 1192 1062 1221 a
1104 1189 1230 1239 patre
1264 1183 1524 1241 praeteritus
1573 1197 1651 1244 per
1693 1184 1990 1244 ignorantiam
2026 1201 2120 1232 non

147 1252 352 1297 tantum,
386 1238 457 1291 sed
482 1237 529 1283 δί
550 1237 639 1283 sine
662 1238 752 1284 ulla
777 1240 1064 1286 distinetione
1097 1241 1412 1289 testamentum
1445 1247 1539 1308 ejus
1574 1245 1734 1292 faceret
1772 1246 1864 1310 ipso
1891 1250 1993 1310 jure
2016 1250 2117 1295 nul-

147 1303 273 1360 lum3
308 1303 363 1349 de
397 1319 490 1365 quo
524 1302 691 1365 aliquid
725 1301 873 1367 scripsi
910 1304 962 1349 ad
997 1303 1248 1367 Ulpianum
1285 1311 1353 1352 tit.
1374 1323 1448 1353 22..
1483 1314 1577 1362 §.20
1614 1309 1660 1355 ὃς
1681 1314 1721 1355 in
1741 1314 1863 1357 Orat.
1898 1313 1944 1356 de
1977 1312 2123 1371 Juris·

141 1370 336 1429 prudent.
375 1372 449 1411 M.
487 1364 592 1412 Tull.
632 1370 811 1413 Ciceron.
843 1367 1052 1414 Tandem
1083 1370 1354 1428 Justinianus
1388 1372 1506 1418 idem
1541 1372 1625 1417 effe
1657 1375 1801 1420 voluit
1835 1377 1882 1420 in
1917 1377 2126 1423 omnibus

149 1432 234 1478 suis
268 1431 504 1478 heredibus
537 1432 812 1493 praeteritis,
848 1432 1048 1491 sublato,
1083 1434 1207 1495 quod
1242 1448 1367 1480 antea
1403 1435 1681 1483 observatum
1715 1438 1882 1496 fuerat,
1916 1439 2042 1485 sexus
2076 1441 2124 1487 &

150 1496 312 1560 gradus
346 1495 624 1552 discrimine,
659 1504 682 1551 §
735 1511 776 1557 ς.
812 1497 912 1558 last.
947 1499 994 1543 de
1027 1498 1328 1545 exheredation.
1363 1501 1526 1546 liberor.
1563 1504 1589 1547 l.
1614 1517 1656 1562 4,
1697 1505 1743 1548 C.
1779 1504 1827 1548 cle
1859 1503 1976 1548 liber.
2004 1512 2127 1562 prae-

151 1565 265 1607 terit.
300 1565 370 1606 vel
401 1561 633 1606 exheredat.

174 1624 422 1686 *Constlz'isjl
461 1623 677 1680 Qatuor
710 1622 836 1668 fuisse
871 1623 1002 1670 simul
1037 1626 1083 1672 in
1114 1642 1206 1672 uno
1245 1628 1351 1674 loco
1384 1642 1659 1692 congregata
1692 1628 1826 1676 docet
1859 1629 2027 1676 Plinius
2063 1634 2130 1677 lib.

159 1704 228 1736 ιν.
261 1689 369 1750 epist.
394 1704 466 1748 24.
500 1690 570 1734 lib.
593 1705 670 1733 vr.
702 1688 810 1747 epist.
837 1702 906 1748 33.
933 1689 1106 1751 judicia
1139 1705 1334 1752 quatuor
1368 1707 1502 1738 vocat
1526 1693 1856 1751 Quinctilianus
1891 1696 1937 1739 de
1971 1695 2130 1754 institu-

150 1755 250 1799 tion.
285 1755 460 1798 Orator.
490 1754 560 1798 lib.
593 1768 680 1798 xii.
714 1766 856 1810 cap.5.
892 1753 970 1813 qui
1005 1766 1153 1800 tamen
1188 1755 1292 1800 alibi
1327 1754 1432 1801 duas
1463 1756 1602 1802 hastas
1636 1757 1686 1802 iis
1717 1757 1938 1804 adscribit.
1979 1761 2050 1804 lib.
2084 1777 2124 1805 v.

151 1831 238 1876 cap.
276 1831 317 1862 2.
355 1817 403 1862 &
437 1815 774 1862 centumviralia
799 1816 972 1877 judicia
1002 1818 1201 1880 duplicia
1247 1821 1317 1864 lib.
1352 1836 1417 1865 XI.
1451 1835 1535 1880 cap,
1579 1837 1617 1866 1.
1664 1837 1747 1866 nec
1783 1834 1832 1867 ut
1866 1822 1980 1867 inter
2012 1835 2124 1868 tem-

150 1897 262 1944 pora
294 1881 643 1943 distinguamus,
679 1878 799 1942 quasi
833 1892 959 1925 antea
993 1881 1114 1939 duo,
1143 1882 1292 1945 postea
1312 1897 1534 1946 quatuor,
1572 1884 1763 1943 fuerint,
1791 1884 1891 1932 sinit
1912 1884 2123 1947 Qinfih·

153 1947 329 2002 lianus,
382 1945 439 1990 de
471 1945 554 1990 suis
591 1943 872 2006 temporibus
907 1945 1075 2007 ubique
1108 1947 1292 2008 loquens
1316 1981 1330 2005 ,
1376 1948 1699 1995 necffValtrius
1737 1951 1966 1996 Maximus
1988 1984 2003 2008 ‚
2049 1953 2126 2013 qni

154 2010 264 2055 dum
299 2009 503 2054 omnium
540 2009 747 2053 meminit
782 2006 1100 2067 consiliorum,
1137 2011 1265 2071 plura
1298 2011 1424 2057 fuiffe
1458 2029 1591 2074 quam
1628 2013 1749 2071 duo,
1798 2015 1911 2059 clare
1944 2013 2126 2060 indicat.

155 2075 295 2119 Forte
328 2085 518 2134 utraque
551 2071 672 2116 hasta
706 2071 759 2116 ad
794 2070 885 2116 duo
921 2073 1186 2134 pertinuerit
1221 2075 1432 2133 consilia,
1476 2077 1521 2121 ἃ
1558 2077 1660 2135 Ῑιοε
1683 2078 1878 2123 voluerit
1913 2077 2126 2135 Qiincfi-

155 2140 295 2184 lianus
329 2138 399 2182 lib.
438 2153 480 2181 v.
513 2149 600 2194 cap.
641 2149 682 2180 2.
718 2133 909 2180 scribens
945 2150 1089 2198 partes
1122 2140 1518 2186 centumviralium
1557 2141 1604 2186 in
1638 2141 1742 2187 duas
1776 2141 1913 2188 hastas
1947 2142 2029 2188 esl'e
2062 2143 2126 2188 di-

155 2202 275 2248 visas.
342 2200 511 2246 Evenit
545 2214 651 2244 vero
688 2199 852 2256 etiam,
886 2212 937 2245 ut
971 2199 1140 2263 attor-es
1173 2202 1249 2247 hic
1284 2219 1368 2265 pro
1404 2217 1529 2266 parte
1565 2204 1848 2264 obtinerent,
1885 2223 1966 2270 pro
2002 2220 2123 2269 parte

154 2265 280 2314 causa
313 2263 523 2310 caderent
557 2264 675 2308 Plin.
709 2264 748 2307 cl.
784 2265 853 2308 lib.
877 2279 954 2309 vr.
987 2265 1097 2326 epzst.
1123 2279 1192 2328 33.
1229 2269 1256 2310 l.
1284 2273 1356 2322 76.
1380 2281 1449 2326 pr.
1487 2271 1546 2313 D.
1581 2270 1629 2314 de
1665 2272 1783 2331 legat.
1813 2286 1851 2316 1.

223 2332 284 2376 ΙΙ.
321 2331 425 2374 Item
458 2330 529 2372 M.
568 2330 768 2372 Annaeus
792 2326 906 2387 ἔβα]
957 2329 1010 2373 In
1040 2330 1181 2391 priori
1217 2328 1362 2392 specie
1396 2330 1608 2377 effe&um
1644 2333 1708 2377 est
1739 2333 1890 2379 sortita
1919 2334 2121 2380 voluntas

155 2410 258 2441 vera
291 2393 540 2448 testatoris,
571 2390 752 2451 insuper
783 2390 939 2436 habito
969 2394 1082 2455 juris
1117 2395 1269 2456 rigore
1289 2428 1303 2452 ,
1345 2395 1528 2458 ipsoque
1561 2396 1825 2443 testamento
1860 2395 2041 2442 rescisso.
2075 2399 2121 2442 in

154 2457 438 2521 sequentibus
473 2467 632 2501 contra
665 2467 834 2499 certam
868 2454 1184 2503 defunetorum
1223 2472 1418 2505 mentem
1445 2493 1460 2517 ,
1503 2459 1755 2523 claramque
1787 2461 1835 2505 ἃ*
1868 2462 1989 2504 omni
2017 2463 2122 2522 jure

155 2522 344 2570 validam
380 2518 718 2584 dispositionem
745 2518 1001 2581 judicatum
1038 2522 1132 2567 est:
1179 2522 1302 2584 quod
1336 2522 1434 2571 sane
1467 2526 1682 2588 majorem
1716 2525 1851 2586 longe
1881 2521 2118 2569 difficulta-

155 2601 248 2634 tem
287 2585 445 2632 habuit
469 2619 484 2643 ‚
532 2599 639 2629 cum
681 2598 826 2645 neque
853 2582 1202 2643 jurisconsulti,
1245 2603 1389 2649 neque
1422 2589 1650 2635 Praetores
1692 2604 1797 2634 cum
1832 2588 2119 2633 centumviris

155 2650 331 2715 pofl'ent
369 2649 454 2710 juri
488 2646 729 2693 certiffimo
763 2660 916 2709 aperte
948 2647 995 2693 ὃς
1030 2648 1201 2695 directo
1235 2650 1477 2710 adversari,
1511 2668 1594 2699 nec
1627 2652 1962 2708 testamentum,
1998 2652 2121 2713 quod

155 2716 267 2779 legis
300 2706 394 2759 vim
427 2710 643 2768 habeba-t,
678 2724 891 2757 evertere.
905 2712 1152 2770 wInterim
1183 2714 1305 2760 nulla
1337 2717 1568 2778 aequitatis
1601 2716 1713 2761 ratio
1747 2712 2026 2776 patiebatur,
2070 2730 2121 2762 ut

156 2777 424 2842 iniquissima
453 2777 588 2822 etiam
622 2787 860 2838 parentum
890 2774 1093 2823 adversus
1123 2778 1286 2824 liberos
1323 2780 1497 2841 judicia
1537 2779 1660 2825 nullo
1693 2777 1866 2841 prorsus
1900 2778 2039 2824 modo
2074 2780 2121 2825 lii

153 2843 332 2908 possent
365 2855 644 2906 oppugnare.
711 2839 868 2885 Solent
903 2840 949 2885 in
981 2840 1200 2903 ejusmodi
1233 2841 1430 2902 casibus,
1463 2843 1541 2890 ubi
1573 2856 1662 2889 tam
1695 2856 1843 2905 aperta
1877 2842 1992 2889 inter
2026 2843 2122 2888 stri-

152 2912 280 2962 stum
307 2908 379 2973 jus
410 2918 543 2968 atque
577 2903 846 2969 aequitatem
879 2903 943 2951 est
977 2921 1156 2970 pugna,
1184 2906 1497 3019 Jugsconsulti
1520 2907 1805 2955 &Praetores
1838 2907 2121 3015 iniquiitfltem

1298 2987 1372 3021 xx
1413 2987 1486 3019 xx
1534 2984 1558 3034 ζ
2030 2985 2095 3015 am
2111 3005 2134 3031 9-
