2516 3509
248 781 257 790 .
288 743 326 783 3·

200 782 293 817 Aust.
321 792 371 815 rr.

200 825 299 857 λικε.
322 825 387 857 Alii

199 868 271 899 aliis
290 868 381 900 attri-

200 908 314 946 bunut.

198 1095 236 1129 in
253 1095 376 1129 Laelio.

288 1296 327 1340 54

414 112 524 180 652
585 130 589 135 ·

659 100 1076 165 VALERII
1149 99 1533 160 MAXIMI
1576 70 1707 166 m.
1744 109 1876 171 vn.
1916 113 2064 175 cin».
2102 113 2211 177 111.

416 226 491 262 tus
524 211 626 260 est:
671 213 750 278 qui
795 212 844 259 in
878 225 1019 275 equae
1052 210 1297 275 genitalem
1331 225 1507 275 partem
1541 212 1772 265 demissam
1805 236 1988 271 manum
2010 257 2027 284 ‚
2083 240 2191 273 curn
2223 223 2279 273 ad
2311 240 2420 277 eum

418 295 577 345 locum
611 308 800 345 ventum
834 293 966 355 effa,
1001 300 1044 333 75
1080 293 1257 342 naribus
1292 296 1397 358 equi
1431 296 1652 346 admovit.
1693 296 1738 338 7⁶
1760 300 1873 361 Qio
1907 305 2048 353 odore
2080 308 2303 370 irritatus,
2338 326 2417 358 an-

411 391 460 426 te
494 393 650 424 omnes
684 376 920 424 hinnitum
955 373 1114 422 edidit.
1184 373 1455 439 Auditoque
1488 392 1576 438 eo,
1611 385 1651 413 ⁷⁷
1686 378 1760 428 sex
1794 383 1954 448 reliqui
1987 383 2186 434 summae
2218 386 2416 452 potesta·

411 459 469 507 tis
504 457 732 506 candidati
767 456 995 504 continuo
1029 455 1156 519 equis
1187 452 1382 517 delapsi,
1419 469 1473 503 ut
1507 458 1572 505 est
1606 475 1705 506 mos
1742 462 1975 511 Persarum
1996 497 2012 523 ‚
2055 464 2185 513 humi
2217 466 2411 531 prostra-

409 544 468 592 tis
501 540 773 606 corporibus
808 540 1004 588 Darium
1040 553 1196 602 regem
1228 535 1547 588 salutaverunt.
1619 541 1939 604 ⁷8-Q1antum
1973 547 2245 611 imperium,
2277 567 2414 614 quarn

409 640 552 690 parvo
588 625 896 688 interceptum
928 622 992 669 est
1024 619 1329 669 vaframento!

465 713 506 744 ⁷⁹
530 707 632 754 Bias
665 720 846 764 autern,
880 706 1010 768 cujus
1043 702 1257 767 sapientia
1290 702 1553 751 diuturnior
1585 705 1705 753 inter
1738 708 1944 756 homines
1975 709 2066 770 est,
2108 694 2420 778 quam-patria

418 789 581 839 Priene
615 786 703 834 fuit
739 783 815 849 (30
853 783 1072 848 siquidem
1108 783 1218 829 haec
1252 784 1390 830 etiam
1426 800 1548 831 nunc
1582 783 1748 848 spirat:
1797 785 1915 834 illius
1950 790 2136 853 perinde
2168 805 2304 855 atque
2337 808 2416 841 ex-

422 870 589 920 tinestac
621 870 810 934 vestigia
843 866 1168 938 tantummodo
1192 866 1373 923 extant)
1397 869 1461 912 ita
1495 865 1642 929 ajebat
1677 877 1856 927 oportere
1887 868 2065 915 homines
2101 872 2143 914 in
2177 868 2249 930 uste
2269 873 2417 917 amici·

417 950 506 992 tiae
538 947 730 1009 versari,
764 960 810 995 ut
829 949 1096 1008 meminiffl’m
1118 962 1209 994 eam
1228 946 1299 992 'ad
1323 946 1589 1007 graviffimas
1624 949 1866 993 inimicitias
1892 948 2001 1008 poffi’
2034 950 2232 994 converti.
2268 946 2414 1008 Qod

200 1052 395 1086 Amnem
415 1026 599 1092 quidem
633 1040 929 1093 praeceptum
977 1023 1017 1056 8¹
1058 1028 1204 1091 prima
1239 1023 1384 1088 specie
1419 1025 1550 1071 nimis
1584 1023 1764 1072 fortasse
1796 1025 2008 1073 callidum
2044 1026 2282 1087 videatur,
2327 1028 2414 1076 ini-

416 1103 682 1171 micumque
716 1107 1027 1171 simplicitati,
1061 1122 1149 1169 qua
1182 1105 1424 1169 praecipue
1458 1103 1730 1150 familiaritas
1764 1104 1958 1169 gaudet:
1995 1100 2039 1131 ⁸2
2066 1103 2138 1151 sed
2173 1104 2207 1152 fi
2240 1105 2411 1154 altiori-

416 1182 501 1230 bus
533 1186 692 1232 animis
725 1186 953 1250 cogitatio
986 1184 1169 1232 demiffa
1201 1183 1363 1242 fuerit,
1398 1199 1616 1248 perquam
1651 1184 1764 1231 utile
1798 1184 2061 1248 reperietur.

453 1258 498 1301 ⁸³
523 1263 856 1329 Lampsacenae
875 1280 985 1314 vero
1008 1265 1132 1312 urbis
1165 1262 1276 1310 salus
1309 1263 1441 1310 unius
1473 1263 1741 1312 vaframenti
1775 1262 2001 1310 beneficio
2034 1263 2254 1311 constitit.
2283 1265 2412 1314 Nam

2227 1339 2273 1382 ⁸4
2304 1360 2411 1392 curn

420 1477 544 1510 terum
571 1475 770 1526 excerpfit,
796 1475 927 1527 quibus
946 1476 984 1514 &
1005 1475 1173 1514 Valerius
1202 1474 1387 1513 adhaeret.
1435 1470 1562 1522 fuerit]
1602 1472 1684 1510 MS.
1724 1473 1858 1514 <Altior
1885 1472 2003 1510 animi.
2033 1473 2157 1521 Lege,
2183 1473 2316 1513 eAltior
2333 1474 2411 1510 anie

424 1522 615 1610 COI6AER.

476 1585 495 1620 7
527 1604 534 1612 .

607 1592 648 1613 uo
674 1576 769 1614 odore
794 1578 951 1615 irritatus
977 1588 1057 1614 ante
1087 1591 1195 1613 omnes
1223 1577 1392 1613 hinnitum

424 1623 548 1675 edidit]
578 1628 660 1666 MS.
683 1628 803 1666 Dedit.
829 1629 1025 1678 eleganter.
1075 1627 1187 1665 Forte
1208 1628 1246 1666 &
1265 1628 1403 1675 legen·¹

426 1675 530 1713 dum.
571 1679 642 1728 Qi
669 1678 763 1717 odore
789 1683 956 1718 irritatus.
989 1678 1232 1717 PERIZON.
1279 1677 1391 1714 Dedit

427 1726 540 1764 etiam
572 1738 729 1779 uterque
755 1729 860 1768 Med.

475 1788 535 1823 77.
557 1782 620 1815 Sex
639 1781 763 1830 reliqui
772 1785 924 1828 summae
938 1780 1111 1829 potestatis
1128 1778 1280 1815 continuo
1297 1780 1390 1828 equis

423 1825 587 1876 delapsis,
620 1830 794 1867 candidati
831 1831 889 1880 (ut
911 1845 978 1866 mos
995 1832 1037 1877 est
1062 1833 1257 1876 Persarum,
1294 1828 1386 1878 effa]

426 1877 546 1917 Falsus
563 1881 612 1919 est
633 1882 729 1919 ordo
742 1883 826 1932 ‚qui
845 1881 978 1919 melior
999 1891 1040 1917 ac
1057 1880 1180 1917 verior
1199 1880 1235 1917 in
1256 1891 1388 1916 manu-

422 1928 582 1978 scriptis;
619 1937 687 1968 Sex
709 1934 832 1983 reliqui
860 1935 1003 1978 summae
1026 1934 1199 1980 potestatis
1219 1929 1389 1966 candidati

421 1983 573 2017 continuo
598 1985 692 2033 equis
717 1983 866 2034 delapsi,
897 1993 935 2019 ut
956 1996 1021 2018 mos
1044 1984 1087 2029 est
1106 1984 1390 2030 Persarum,<5'c.

421 2029 739 2131 P155·Qantum
762 2085 933 2133 imperium
951 2096 1056 2133 quam
1075 2093 1180 2131 parvo
1199 2079 1294 2131 σα]
1322 2080 1391 2118 Ul-

424 2133 505 2190 traj.
530 2135 640 2182 prim,
668 2138 780 2184 Quam
794 2146 900 2184 par-»⁷0
919 2137 1100 2170 maximum
1119 2137 1330 2182 interceptum
1348 2135 1392 2180 est
1435 2132 1599 2182 ferretur]
1632 2134 1683 2170 Ita
1707 2133 1822 2170 Aldus
1843 2133 1879 2169 &
1900 2132 2077 2180 Tlxeoph.
2093 2131 2267 2170 Chalcoc.

421 2187 594 2232 imperium
620 2192 842 2230 vaframenw.

479 2248 539 2284 79.
565 2238 646 2273 Bias
674 2236 805 2285 autem]
835 2235 986 2274 Chiloni
1013 2235 1138 2273 tribuit
1165 2233 1260 2272 Gen.
1283 2234 1329 2273 L.
1360 2247 1389 2273 1.

423 2288 540 2327 Nost.
566 2287 646 2324 Att.
670 2299 701 2337 3.
730 2287 975 2326 PERIZON.

475 2338 536 2377 80.
573 2336 742 2388 Siquidem
767 2339 831 2374 illa
869 2340 970 2374 etiam
999 2350 1082 2373 nunc
1107 2336 1219 2385 spirat
1242 2363 1253 2379 ,
1289 2334 1387 2380 hujus

418 2388 556 2440 perinde
583 2400 687 2439 atque
706 2387 901 2437 exstinflae]
930 2387 1108 2435 APighio
1130 2388 1203 2423 hoc
1224 2385 1295 2429 est,
1323 2387 1387 2435 qui

427 2451 537 2478 more
556 2441 621 2477 suo
640 2440 691 2476 hic
710 2441 747 2477 ὅ(
765 2440 824 2474 ille
840 2438 1076 2486 transposuit,
1098 2437 1200 2486 quod
1221 2437 1387 2474 exstima-

424 2491 488 2529 bat
508 2492 559 2527 liic
575 2490 620 2529 ad
636 2490 850 2539 proximum
865 2517 876 2533 ‚
895 2490 955 2524 ille
977 2487 1020 2524 ad
1041 2488 1218 2524 remotius
1237 2485 1306 2523 effe
1328 2499 1383 2524 re-

428 2542 626 2580 ferendum
640 2567 650 2582 ‚
678 2550 762 2578 cum
781 2549 907 2577 tamen
925 2550 970 2576 ex
988 2537 1095 2575 MSS.
1110 2537 1249 2586 liqueat
1261 2565 1270 2581 ,
1294 2549 1385 2575 con·

424 2594 579 2632 trarium
610 2589 781 2641 placuiffe
799 2590 965 2628 Valerio.
1014 2588 1116 2625 Ante
1137 2587 1305 2635 Pighiurn
1333 2588 1386 2625 le-

413 2644 602 2692 .gebatur‚
629 2641 796 2693 siquidem
823 2641 873 2677 luc
903 2642 1084 2676 etiamnum
1099 2638 1212 2688 spirat
1230 2665 1242 2681 ‚
1276 2640 1382 2675 illius.

426 2695 500 2733 Sed
516 2696 625 2743 Mog.
647 2705 735 2732 cum
755 2691 861 2729 MSS.
888 2690 1086 2729 duodecim
1101 2717 1111 2734 ,
1137 2687 1297 2737 fiquidem
1314 2689 1391 2726 baec

429 2748 532 2782 etiam
559 2759 642 2782 nunc
659 2746 771 2794 spirat
795 2770 806 2786 ‚
847 2744 956 2779 illius.
992 2739 1096 2789 quod
1131 2739 1390 2787 reponendum

433 2796 571 2833 curavi.
607 2795 750 2834 confer.
785 2794 833 2831 L.
865 2807 897 2832 1.
921 2793 955 2830 8.
987 2791 1071 2829 Ext.
1094 2802 1128 2840 3.
1166 2792 1204 2827 δε
1225 2790 1272 2828 L.
1297 2802 1335 2828 v.
1360 2803 1392 2830 1.

432 2848 512 2885 init.
541 2847 586 2883 L.
612 2859 668 2884 11.
691 2858 725 2892 7.
757 2857 816 2883 11.

481 2897 541 2935 81.
570 2898 686 2934 Prima
708 2895 833 2954 specie]
868 2893 999 2943 Ultraj.
1022 2892 1131 2941 prim.
1167 2902 1253 2930 cum
1282 2891 1392 2931 Leid.

429 2948 538 3000 prim.
560 2949 670 2997 prima
690 2950 791 2993 facie.

446 3048 449 3050 .
478 2999 537 3037 82.
572 2997 637 3036 sed
653 2997 688 3047 fi
708 2996 888 3039 altioribus
917 2995 1042 3035 animis
1068 2994 1227 3047 cegitatio
1256 2992 1389 3047 domiffit

1442 1525 1518 1563 mis.
1538 1523 1779 1562 PERIZON.
1801 1525 1935 1566 eAltior
1958 1525 2064 1560 animi
2092 1522 2228 1561 habent
2256 1536 2411 1574 quoque

1443 1574 1513 1612 Ed.
1548 1576 1655 1623 Mog.
1696 1575 1801 1612 MSS.
1835 1574 1940 1612 Barb.
1977 1576 2014 1612 ὃς
2051 1574 2119 1611 Bit.
2159 1575 2266 1622 prim.
2305 1575 2407 1614 Harl.

1445 1625 1553 1663 Leid.
1579 1626 1647 1663 sec,
1675 1626 1761 1663 sext.
1789 1625 1920 1674 Ultraj.
1949 1626 2017 1662 sec.
2038 1625 2098 1662 sed
2120 1626 2280 1673 primus,
2301 1628 2408 1665 artior

1442 1679 1561 1713 animi.
1588 1676 1696 1714 Leid.
1716 1678 1823 1726 prim.
1845 1679 2008 1717 eAltioris
2036 1677 2156 1713 animi.
2177 1675 2287 1724 paulo
2305 1677 2410 1726 supe*

1445 1728 1515 1764 rius
1533 1739 1600 1775 pro
1621 1727 1778 1763 videatur
1792 1756 1802 1772 ,
1825 1727 1957 1776 Ultraj.
1985 1727 2055 1763 sec.
2078 1726 2179 1763 Med.
2201 1727 2269 1763 sec.
2298 1729 2406 1767 Leid.

1440 1786 1558 1827 quart.
1586 1789 1671 1815 cum
1701 1780 1808 1827 Mog.
1833 1777 1979 1814 videtur.
2007 1777 2102 1824 Cop.
2125 1779 2222 1813 nimis
2250 1778 2406 1817 calidum.

1491 1828 1550 1878 83.
1577 1831 1818 1876 Lampsacenae
1843 1827 1951 1877 urbis]
1984 1831 2202 1875 Lampsazena
2234 1828 2309 1863 urbs
2337 1842 2405 1877 pro

1440 1879 1516 1914 urbs
1538 1882 1774 1926 Lampsacum;
1803 1887 1844 1916 ut
1866 1878 1942 1914 urbs
1964 1882 2110 1926 Romana
2138 1890 2206 1927 pro
2236 1880 2310 1914 urlas
2334 1883 2405 1929 Ro-

1441 1944 1495 1965 ma
1510 1958 1520 1974 ‚
1547 1931 1643 1978 apud
1666 1931 1838 1971 Iustinum
1861 1925 1898 1966 ἃ
1916 1928 2015 1966 alios.
2035 1929 2118 1966 Fuit
2137 1938 2261 1966 autem
2287 1931 2404 1969 Lam-

1442 1980 1588 2027 psacum
1624 1981 1705 2018 urbs
1742 1980 1786 2017 ad
1816 1980 2101 2027 Hellespontum
2143 1980 2203 2017 sita
2234 1980 2271 2018 in
2301 1981 2402 2020 Afia.

1442 2031 1637 2068 VORST.
1650 2031 1829 2068 Nonnulli
1843 2035 2051 2079 Lausacenae
2066 2059 2075 2074 ,
2096 2031 2156 2067 vel
2180 2034 2404 2073 lamsacenae.

1494 2081 1551 2128 84.
1574 2086 1656 2118 Cum
1675 2081 1720 2117 ad
1739 2081 1901 2118 excidium
1920 2087 1990 2126 ejus
2015 2084 2138 2126 flammo
2160 2080 2267 2123 studio
2285 2085 2407 2122 ‘Alexa

2337 2146 2406 2172 uos

1442 2183 1587 2232 Pighius
1607 2185 1644 2222 &
1664 2183 1724 2221 alii
1742 2184 1820 2220 sunt
1845 2183 1966 2220 secuti.
2022 2184 2073 2219 At
2093 2182 2176 2220 cod.
2200 2135 2332 2221 Bran}
2357 2184 2403 2222 ad

1439 2236 1582 2271 exitium
1600 2237 1690 2275 eius:
1710 2246 1795 2271 cum
1816 2233 1946 2283 quibus
1965 2233 2146 2271 consentit
2166 2242 2268 2272 vetus
2291 2235 2406 2274 editio

1441 2286 1594 2323 Martini
1611 2285 1762 2334 Herbip.
1783 2286 1895 2322 Voce
1917 2286 2017 2320 exitii
2038 2284 2149 2333 paulo
2170 2285 2248 2333 post
2270 2286 2401 2324 eadem

1439 2336 1485 2374 de
1526 2348 1563 2374 re
1598 2337 1733 2374 iterum
1775 2337 1899 2373 utitur.
1935 2335 2126 2373 VORST.
2181 2335 2404 2383 Complures

1438 2388 1549 2425 etiarn
1582 2399 1602 2424 e
1630 2387 1756 2424 nostris
1787 2388 1928 2423 exitium
1947 2414 1958 2431 ‚
1995 2386 2055 2424 vel
2090 2387 2231 2423 exicium
2265 2387 2401 2426 habent

1439 2449 1525 2475 cum
1556 2438 1625 2475 Ed.
1657 2439 1761 2487 Mog.

1487 2489 1547 2538 85.
1586 2492 1724 2535 Vetusta
1753 2486 1947 2537 nobilitate]
1986 2487 2233 2536 Lampsacum
2262 2487 2402 2528 diftum

1437 2538 1501 2577 >3⁷71x
1521 2543 1711 2585 λσιιιψοικιςς
1739 2539 1933 2585 ἔπιχωὸὶας
1955 2538 2035 2575 τινὰ
2065 2540 2176 2585 κοξκς,
2211 2539 2298 2577 teste
2327 2541 2406 2579 ste·-

1438 2590 1574 2638 phano.
1629 2591 1721 2627 Vini
1741 2590 1957 2628 feracissima
1977 2589 2046 2626 fuit
2067 2590 2159 2626 haec
2181 2589 2316 2628 civitas.
2333 2603 2402 2629 un·

1441 2640 1487 2678 de
1503 2641 1600 2680 haud
1629 2641 1738 2679 dubie
1756 2641 1777 2679 a
1798 2641 1929 2690 Priapo
1952 2639 2101 2677 condita
2131 2640 2293 2678 scribitur
2311 2641 2400 2679 Bac-

1442 2691 1501 2729 chi
1536 2693 1573 2730 &
1603 2692 1760 2730 Veneris
1797 2691 1886 2729 filio.
1923 2689 1969 2727 de
1999 2703 2071 2740 qua
2099 2702 2137 2727 re
2167 2691 2289 2729 multis
2313 2691 2397 2729 Plu-

1440 2743 1586 2780 tarchus
1620 2743 1659 2780 in
1693 2741 1816 2781 libello
1844 2743 1904 2780 De
1936 2741 2033 2780 Clar.
2065 2741 2213 2779 Mulier.
2260 2739 2334 2779 Sed
2357 2743 2396 2780 St

1441 2793 1715 2832 Demosthenes
1751 2792 1899 2838 refixa·
1939 2790 2061 2837 κῗέσμοι
2091 2792 2257 2840 appellat.
2317 2791 2401 2830 Ser-

1444 2843 1525 2881 vius
1544 2844 1589 2882 ad
1611 2857 1665 2882 xv.
1689 2846 1829 2894 Georg.
1856 2845 1996 2892 Priapus
2009 2846 2079 2890 fuit
2098 2843 2139 2880 de
2160 2845 2336 2890 Lampsaco
2354 2844 2400 2879 ci-

1442 2895 1554 2929 vitate
1575 2897 1809 2944 Hellesponti.
1835 2893 1874 2931 de
1899 2908 1968 2945 qua
1992 2896 2107 2943 pulsus
2131 2903 2263 2942 propter
2286 2893 2406 2932 ‘virilis

1440 2943 1574 2980 membri
1604 2945 1889 2996 magnitudinem,
1913 2947 1984 2994 pol?
2008 2947 2044 2981 in
2070 2957 2237 2981 numerum
2257 2944 2403 2980 Deorum

1436 3005 1581 3045 receptus
1608 2998 1727 3036 meruit
1758 3010 1877 3036 numen
1911 2995 1971 3046 esse
1994 2995 2171 3034 horterum.
2205 2992 2403 3084 COLEg.

2384 3061 2404 3090 C?
