2516 3509
191 142 295 198 DE
335 135 547 198 HUM.
581 132 811 193 Loco
849 129 1093 190 NATIS
1134 128 1290 206 QUI
1330 126 1581 189 CLARI
1616 127 1942 193 EVASER.
1985 131 2087 193 281

77 252 121 298 ei
152 261 383 316 agentem,
417 246 544 313 quod
571 244 716 294 redire
741 241 979 303 voluisset,
1014 254 1118 290 ante
1137 253 1288 307 portas
1311 240 1497 301 eduxit,
1533 241 1804 308 extuditque
1842 250 1883 283 25
1905 254 1959 292 ut
1979 258 2082 310 gra-

77 331 274 380 viffimae
294 330 431 378 cladis
450 328 625 377 auetori
647 327 784 375 etiarn
822 322 868 352 2⁶
887 324 1108 373 dietatura
1132 324 1394 372 deferretur.

140 412 261 458 Non
289 426 453 476 parvus
480 407 736 457 consulatus
769 406 910 454 rubor
947 412 990 446 27
1018 406 1090 453 M.
1112 406 1365 468 Perperna,
1401 413 1568 465 utpote
1603 404 1682 465 qui
1720 401 1765 432 ²8
1788 404 1949 452 ‘consul
1981 417 2081 453 ante
2093 432 2143 465 An

77 508 212 556 quam
236 493 375 550 civis·‚
412 490 550 538 sedin
568 490 689 539 bello
708 487 911 554 gerendo
937 487 1095 534 utilior
1113 486 1343 549 aliquanto
1363 482 1539 549 reipub.
1560 484 1768 531 Varrone
1793 486 2078 549 imperatore.

2200 412 2274 467 urb..

2096 481 2165 511 623.
2183 477 2294 510 νάιοι

2093 527 2141 555 lus
2160 529 2171 550 1
2181 529 2208 551 1.

75 567 260 630 Regem
273 567 404 630 „enim
428 565 740 614 Aristonicum
762 565 914 629 cepit²
938 562 1278 627 Crassianaebque
1303 559 1457 626 stragis
1476 561 1857 631 puiiithgrQit3
1896 569 1938 599 ²9
1955 563 2079 610 Cum
2091 559 2209 635 {ffissflt
2261 561 2408 627 eomf:
2426 574 2449 619 J
2465 566 2516 611 ἰι

72 627 453 707 ίιῑῑει·ἰῐῄ,ῖιὶ]ύέ
476 628 574 698 vita
609 642 939 706 triumphavit,
977 647 1021 679 ³0
1044 657 1166 688 mors
1196 639 1334 704 Papia
1361 639 1463 703 lege
1484 638 1693 687 damnata
1715 639 1792 686 est.
1863 640 1916 687 N
1921 656 2081 704 amque
2095 645 2193 681 Strab-
2215 649 2293 686 xivg
2342 659 2362 679 c
2380 656 2466 697 ³5¹⁴·
2498 656 2516 681 ν

76 737 252 789 patrem
288 724 434 784 illius,
471 724 586 772 nihil
614 725 668 772 ad
697 724 739 771 se
769 724 1042 788 pertinentia
1077 724 1191 772 civis
1219 722 1424 771 Romani
1450 724 1553 786 jura
1575 722 1898 787 complexum,
1936 730 1974 760 3¹
2007 723 2085 771 Sa-

76 806 182 854 belli
209 806 388 870 judicio
420 808 646 871 petitum,
681 806 825 852 redire
851 807 898 852 in
930 804 1135 868 pristinas
1166 802 1284 850 sedes
1314 807 1583 868 coegerunt.

1653 805 1724 851 Ita
1742 806 1817 852 M.
1836 806 2087 868 Perpernae

80 894 122 925 32
145 904 313 935 nomen
335 888 654 935 adumbratum
669 921 685 946 ,
720 886 849 932 falsus
873 883 1156 943 consulatus,
1191 883 1398 946 caliginis
1424 884 1565 931 simile
1587 885 1858 948 imperium,
1893 886 2089 937 caducus

23 989 29 991 -
78 964 366 1028 triumphus,
396 962 537 1010 aliena
556 963 604 1008 in
628 961 740 1009 urbe
760 959 971 1024 improbe
988 960 1302 1024 peregrinatus
1326 959 1403 1005 est.

77 1163 199 1194 matre
220 1158 325 1207 sbrva
346 1166 462 1195 natus.
513 1154 696 1194 Nonnulli
726 1157 771 1199 M
785 1155 852 1194 SS.
874 1157 1053 1207 perplexis.

83 1208 211 1244 Utitur
229 1216 354 1245 autem
375 1208 450 1245 hoc
470 1206 587 1245 verbo
601 1236 612 1253 ,
639 1219 717 1257 quo
736 1208 915 1257 impedita
936 1210 974 1246 δε
987 1209 1054 1246 ob-

80 1258 182 1296 scura
220 1257 439 1307 significatur
469 1259 573 1307 saepe
609 1259 728 1296 oratio
749 1288 759 1304 ‚
795 1271 891 1309 quae
922 1259 1056 1298 habeat

81 1307 218 1358 aliquid
235 1309 340 1346 instar
358 1310 594 1358 aenigmatis,
617 1310 725 1360 quale
749 1310 796 1347 est
814 1309 900 1348 illud
915 1339 925 1355 ,
952 1311 1057 1360 quod

83 1360 223 1398 eodem
243 1360 351 1398 titulo
370 1361 466 1410 regia
485 1360 638 1409 dignitas
659 1363 696 1399 &
724 1362 857 1400 servilis
885 1361 1056 1401 >conditio

79 1412 123 1449 *in
140 1422 217 1449 uno
236 1412 391 1450 homine
413 1411 643 1461 fignificatur.

134 1474 194 1499 22.
222 1466 266 1501 Et
286 1462 433 1514 quidem]
462 1463 633 1514 Plerique
654 1462 760 1501 MSS.
787 1462 947 1514 equidem.

133 1525 196 1561 23.
223 1514 466 1561 Smdidffmae
484 1519 596 1552 mercis
614 1519 760 1565 capturis
779 1518 952 1566 inquinari
970 1518 1058 1565 soli-

86 1563 138 1614 to]
170 1565 214 1602 In
233 1565 340 1604 nullo
362 1575 532 1605 veterum
556 1567 731 1605 codicum
746 1595 756 1611 ‚
782 1569 982 1618 inquinari,
1000 1581 1056 1607 re-

84 1616 235 1665 peritur.
285 1617 339 1654 At
369 1629 436 1666 pro
463 1620 562 1668 solito
589 1619 626 1656 in
654 1618 911 1664 Atrebatem,
937 1622 1055 1669 salita.

88 1668 235 1705 Verum
262 1667 459 1707 correffius
484 1670 522 1707 in
542 1670 758 1708 Cauchiano
777 1669 933 1718 legitur,
958 1673 1056 1709 alito.

81 1718 245 1764 Melius,
271 1720 391 1769 inquit
409 1721 641 1765 Diomedes,
653 1721 908 1759 dicituralims
922 1734 1054 1772 ,quam

81 1771 178 1807 altus
191 1798 201 1815 2
228 1769 401 1808 vitandae
419 1772 666 1820 ambiguitatis
684 1773 810 1821 gratia.
835 1772 950 1810 Paulo
962 1774 1055 1822 post,

78 1833 154 1871 pro
166 1823 277 1866 ‚vires
292 1823 405 1872 populi
419 1823 747 1873 Romani‚quidam
768 1822 870 1865 libri,
882 1825 973 1861 vires
990 1839 1058 1860 ret-

76 1872 249 1923 publicae,
273 1872 411 1922 legunt.
463 1875 596 1912 Rursus
616 1886 707 1913 mox
734 1874 887 1925 sequens
907 1875 1057 1924 copula-

82 1925 184 1969 tiva,
210 1938 358 1975 quoqne,
387 1926 547 1964 omnino
567 1925 744 1974 superflua
763 1926 811 1964 est
825 1955 835 1970 ‚
863 1927 902 1964 δί
924 1938 1057 1965 manu-

84 1975 220 2024 scriptis
252 1976 384 2013 exulat.
409 1976 549 2015 PIGH.
602 1979 760 2027 Capturis
783 1980 879 2014 alito.
902 1978 1055 2016 Modius

82 2025 279 2063 substituit:
307 2028 426 2064 Solito.
452 2029 562 2066 nimis
592 2037 728 2077 argute.
782 2029 824 2066 In
856 2028 949 2066 libro
979 2030 1056 2067 Da-

87 2076 189 2113 nielis
227 2078 327 2125 cujus
357 2089 428 2125 ego
464 2078 577 2118 fidem
609 2080 834 2128 magnifacio
857 2108 867 2124 ,
899 2080 1054 2128 legitur:

86 2128 219 2163 Sallito.
247 2127 461 2172 reeliffime‚
488 2129 514 2167 fi
540 2130 628 2180 quid
655 2130 798 2179 judico.
852 2131 910 2167 Sic
927 2133 1057 2168 sallita

54 2203 59 2212 .
88 2177 367 2226 cadavera'apud
390 2179 604 2218 Sallustium.
643 2181 965 2229 Orthographiam
987 2181 1056 2220 do-

86 2237 145 2266 cet
176 2228 393 2266 Diomedes.
430 2230 621 2270 COLER.
670 2231 914 2277 Sordidffmae
941 2236 1054 2269 mercis

87 2283 229 2328 ‹apturis
256 2280 352 2316 alito.
380 2279 522 2329 Scripfit
551 2283 601 2320 ita
620 2282 766 2329 Pighius
785 2293 830 2318 ex
852 2282 935 2319 cod.
956 2282 1054 2320 Cau-

89 2333 233 2368 chiano.
261 2330 308 2367 Et
325 2329 435 2367 habet
445 2343 596 2380 quoque
614 2332 663 2368 ita
677 2343 769 2368 unus
792 2332 912 2369 codex
923 2332 1052 2370 ssrand.

90 2382 138 2419 Et
160 2382 329 2430 proxime
356 2380 402 2418 ad
423 2381 517 2418 hanc
542 2381 741 2419 leffionem
773 2382 912 2420 accedit
933 2382 1052 2421 codex

89 2433 254 2471 Atrebat.
281 2433 344 2482 qui
359 2461 368 2476 ‚
396 2440 436 2469 ut
454 2432 599 2480 Pighius
616 2433 782 2476 testatur,
808 2433 918 2471 habet
928 2436 1050 2481 salit0;

91 2484 236 2522 &liber
261 2483 300 2520 P.
321 2483 507 2527 Danielis,
533 2484 619 2533 qui,
646 2491 686 2521 ut
709 2484 862 2523 Colerus
885 2485 1050 2530 testatur,

90 2535 199 2572 habet
211 2536 351 2583 sallito:
379 2534 480 2584 quod
499 2535 613 2582 ipsum
632 2535 671 2572 in
693 2534 775 2572 cod.
789 2548 951 2586 vquoque
972 2536 1052 2574 An-

87 2587 178 2625 dino
198 2586 400 2623 observavit
419 2585 646 2623 Gronovius,
682 2585 735 2623 At
755 2586 870 2624 Aldus
891 2586 1055 2626 ediderat

85 2635 218 2675 Sordid.
239 2651 331 2673 merc.
351 2638 494 2686 capturis
510 2638 681 2687 inquinari
695 2639 807 2684 fhlits.
852 2640 935 2676 Nec
953 2637 1055 2676 aliter

91 2687 347 2727 Chalcocond.
375 2688 497 2736 Negat
524 2696 648 2725 autem
668 2687 813 2736 Pighius
833 2689 871 2727 in
892 2689 969 2727 ullo
988 2701 1054 2726 ve-

86 2748 207 2777 terum
230 2739 404 2776 codicum
421 2737 492 2786 legi
514 2750 648 2776 vocem
670 2740 849 2789 inquinari.
902 2741 951 2778 Et
969 2740 1052 2778 fane

85 2791 127 2828 in
151 2789 261 2828 codd.
277 2801 429 2840 quoque
450 2789 578 2828 Brand.
600 2801 677 2827 non
698 2798 899 2839 comparet.
950 2791 1051 2830 Nam

87 2842 126 2879 in
149 2852 226 2879 uno
249 2852 377 2879 eorum
392 2869 402 2884 ,
430 2840 577 2885 utdix1‘‚
600 2841 654 2879 »est
667 2842 774 2879 alito.-
802 2842 840 2879 in
865 2842 980 2881 alt-ero
994 2845 1054 2891 so-

86 2894 170 2934 lito,
193 2902 289 2928 voce
318 2892 490 2940 inquinari
522 2890 680 2935 omiffa;
718 2893 916 2943 quomodo
947 2902 1052 2932 vetus

83 2953 243 2992 ¹<quoque
277 2942 372 2989 typis
399 2940 578 2990 expreffus
607 2944 719 2980 Mart.
750 2944 904 2993 Herbip.
931 2944 1051 2984 habet.

83 2993 301 3031 Feliciffima
316 2992 376 3029 hic
391 2993 537 3031 videtur
549 2993 759 3043 conjed’tura
770 2995 954 3034 Gronovii
968 3025 977 3042 ‚
988 2998 1053 3046 qui

84 3044 286 3094 legendum
318 3043 438 3082 censet
450 3043 685 3094 fhrdidffmae
705 3049 817 3086 mercis
833 3049 978 3100 capturis
997 3049 1051 3103 αῖ·-

1879 1041 1954 1087 Μ.
1978 1056 2084 1090 vero

1105 1158 1178 1194 lito.
1231 1159 1360 1207 Quam
1382 1155 1620 1196 verifimilem
1652 1156 1772 1195 reddit
1792 1156 1910 1195 verbis
1926 1158 2087 1199 Cicero-

1106 1209 1160 1245 nis
1180 1208 1264 1246 A&
1291 1222 1320 1246 1.
1353 1209 1390 1245 in
1412 1209 1520 1247 Verr.
1555 1210 1670 1246 Nulla
1700 1219 1804 1253 nota,
1831 1211 1943 1246 nullus
1974 1213 2083 1255 color,

1107 1262 1220 1296 nullae
1244 1259 1354 1309 sordes
1377 1257 1581 1297 videbantur
1600 1260 1651 1296 ln's
1672 1262 1850 1308 sententiis
1870 1262 1969 1297 allim‘
1984 1262 2085 1311 poffi..

1108 1311 1156 1348 Et
1179 1324 1223 1349 ex
1251 1325 1305 1350 11.
1322 1311 1477 1360 Philipp.
1504 1316 1587 1348 Eum
1616 1309 1755 1347 nondum
1783 1323 1876 1348 tanto
1903 1312 2088 1361 parricidio

1108 1362 1256 1400 oblitum.
1284 1362 1479 1400 VORST.
1532 1361 1727 1400 videndus
1757 1361 1928 1400 Gronov.
1962 1363 2007 1400 L.
2028 1375 2086 1402 1v,

1109 1413 1198 1452 Obs.
1225 1426 1280 1463 19.
1300 1414 1416 1451 Periz.
1439 1412 1669 1462 adscripserat
1691 1413 1737 1450 L.
1758 1424 1793 1449 v.
1815 1425 1849 1460 4.
1871 1424 1903 1458 7.
1925 1417 2082 1452 Matrem

1106 1477 1208 1503 natae
1227 1464 1377 1503 uberibus
1397 1467 1530 1503 alitam.
1552 1465 1655 1503 Harl.
1668 1466 1706 1502 &
1726 1474 1820 1501 unus
1842 1465 1952 1502 Rem„
1970 1465 2085 1505 etiam

1107 1520 1267 1555 Sallitam
1290 1518 1473 1556 exhibent.
1501 1516 1632 1566 Ultraj.
1655 1516 1763 1566 prim.
1783 1516 1930 1559 alitam3
1952 1515 2084 1566 reliqui

1107 1570 1186 1607 fere
1200 1598 1210 1615 ‚
1225 1572 1383 1619 fhlitam3
1398 1570 1572 1620 inquinari
1585 1569 1710 1617 fidite,
1731 1577 1824 1605 unus
1848 1566 1953 1604 Leid.
1976 1568 2086 1617 prim,

1156 1634 1215 1668 24.
1244 1620 1365 1670 Apud
1393 1624 1526 1658 Cannas
1556 1621 1651 1669 culpa
1671 1621 1736 1668 sua
1767 1620 1859 1655 vires
1886 1628 1957 1670 pop.
1982 1622 2085 1669 Rym.

1105 1672 1316 1721 exhaufiffi’t]
1347 1672 1476 1711 Livius
1507 1683 1606 1715 xxn,
1626 1682 1660 1716 4.
1687 1674 1739 1707 Ex
1772 1680 1870 1705 tanta
1890 1668 2002 1714 clade,
2022 1684 2086 1707 -cu-

1101 1727 1159 1771 jus
1188 1727 1253 1773 ipse
1283 1737 1404 1774 magna
1436 1722 1543 1770 caussa
1564 1720 1689 1770 fuiffi‘t.
1740 1719 1840 1757 Vide
1861 1722 1899 1758 δε
1917 1720 2083 1760 nostrum

1106 1774 1201 1812 infra
1222 1788 1277 1818 IV,
1299 1787 1333 1822 5,
1356 1786 1390 1812 2.
1417 1774 1478 1811 ubi
1499 1773 1611 1818 dicit,
1639 1772 1817 1818 Cannensis
1833 1781 1965 1822 pugnae
1984 1784 2087 1809 reme⁴²

1104 1827 1195 1861 rario
1220 1824 1362 1876 ingressu
1392 1839 1463 1861 enm
1492 1833 1591 1872 remp.
1621 1821 1817 1874 confregiffe.
1853 1824 2085 1863 VORST‘.

1107 1876 1215 1914 Unus
1246 1879 1357 1915 Rem.
1386 1879 1476 1913 vires
1501 1875 1664 1926 publicas.
1736 1876 1913 1922 Quatuor
1938 1874 1997 1912 alii
2023 1876 2081 1914 M.

1107 1928 1256 1965 Fulvius.
1291 1926 1393 1965 Harl.
1427 1930 1486 1977 qui
1521 1928 1687 1976 praelium
1725 1927 1883 1961 committa·
1918 1926 2081 1974 nolmffit.

1107 1977 1240 2028 Ultraj.
1268 1979 1336 2016 sec.
1363 1977 1459 2014 occidi
1481 1985 1662 2027 pateretur.
1714 1976 1808 2013 Duo
1832 1977 1941 2013 Rem.
1963 1976 2083 2013 occide-

1105 2040 1207 2067 retur.
1260 2029 1442 2067 Nonnulli
1471 2031 1606 2066 extulit.
1642 2029 1733 2066 Duo
1766 2026 1873 2065 Leid.
1899 2039 1992 2065 cum
2008 2028 2080 2067 sec..

1106 2079 1202 2118 Ultr.
1221 2079 1425 2131 extuditque.
1832 2130 1835 2131 ⁷

1154 2143 1213 2182 25.
1244 2141 1288 2169 Ut
1310 2131 1526 2182 graviffi‘mae
1545 2129 1648 2169 cladis
1675 2130 1802 2167 amori
1824 2128 1991 2167 dic'famra
2011 2130 2080 2178 dif-

1098 2182 1260 2232 ferretur]
1290 2185 1447 2221 Veteres
1476 2182 1556 2220 libri
1587 2182 1743 2225 habent,
1780 2179 1949 2218 diffatum
1979 2184 2079 2218 etiam

1101 2230 1295 2278 deferretur.
1346 2233 1474 2270 Rene.
1499 2233 1640 2271 PIGH.
1688 2235 1799 2269 Etiam
1817 2232 1915 2270 deest
1930 2233 1971 2270 in
1991 2233 2080 2271 ocsto

1106 2283 1246 2320 nostns
1652 2288 1653 2291 ’

1157 2333 1215 2370 26.
1244 2332 1431 2369 Difbatura
1452 2330 1649 2380 deferretur]
1680 2334 1806 2380 Quam
1825 2340 1953 2371 tam-en
1970 2333 2079 2371 susci-

1104 2393 1191 2430 pere
1212 2395 1291 2421 non
1311 2383 1481 2421 sustinuit.
1503 2382 1708 2420 Videinfra
1720 2395 1775 2428 iv,
1791 2385 2079 2433 5.,2.VORST.

1154 2445 1212 2481 27.
1242 2437 1299 2471 M.
1320 2433 1509 2484 Perperma]
1540 2435 1594 2471 M.
1611 2434 1826 2482 Perpenna,
1853 2435 1917 2484 qui
1939 2435 2076 2472 Aristo-

1103 2485 1230 2522 nicum
1250 2485 1338 2522 vicit
1359 2486 1396 2522 in
1420 2484 1526 2528 Asia,
1556 2485 1643 2521 Cos.
1662 2485 1735 2522 ‘fuit
1752 2496 1851 2523 anno
1872 2487 1921 2523 U.
1935 2486 1977 2522 C.
1991 2486 2075 2530 624.

1105 2536 1278 2574 meminit
1296 2537 1372 2582 eius
1394 2536 1491 2573 Flor.
1513 2535 1594 2573 Lib.
1612 2548 1690 2573 ux.
1709 2536 1747 2572 in
1766 2537 1867 2573 Livii
1884 2537 2073 2584 Epitomc.

1106 2586 1139 2623 Is
1161 2615 1171 2631 ,
1209 2594 1250 2624 ut
1275 2587 1430 2633 Justinus
1459 2587 1569 2624 tradit
1594 2586 1681 2624 Lib.
1700 2599 1827 2624 xxxvr.
1854 2586 1915 2623 sub
1934 2586 2069 2630 finem,

1106 2645 1275 2675 mortuus
1293 2637 1342 2675 est
1361 2638 1478 2675 statim
1498 2638 1578 2686 post
1594 2637 1782 2676 devnstum
1807 2637 2069 2680 Aristonicum,

1104 2689 1163 2726 cui
1181 2689 1342 2726 succeffit
1362 2690 1536 2737 proximo
1557 2700 1656 2727 anno
1687 2690 1742 2725 M.
1765 2686 1942 2735 Aquilius.
1995 2687 2072 2724 Hic

1103 2739 1293 2790 plusquam
1318 2740 1503 2789 sexaginta
1530 2741 1632 2778 annis
1658 2738 1842 2788 praeceffit
1874 2748 1960 2773 eum
1982 2737 2070 2774 Per-

1102 2803 1264 2840 pennam
1280 2819 1290 2835 ,
1319 2792 1454 2829 Virum
1481 2790 1708 2828 Praetorium
1723 2816 1734 2832 ‚
1772 2798 1883 2837 quem
1906 2787 2070 2837 Pompe-

1097 2844 1158 2892 jus
1187 2842 1344 2880 occidit:
1382 2850 1422 2880 ut
1442 2842 1607 2879 Valerius
1637 2840 1756 2878 noster
1791 2847 2070 2878 commemorat

1103 2893 1253 2932 Libvr.
1274 2894 1364 2942 Cap.
1383 2906 1418 2931 2.
1439 2893 1500 2930 ubi
1521 2892 1565 2930 de
1577 2890 1685 2928 Aelio
1705 2890 1860 2927 Mantia.
1891 2889 1960 2927 Sed
1979 2902 2066 2928 eum

1103 2953 1194 2993 puto
1226 2945 1358 2993 hujus,
1395 2944 1439 2981 de
1461 2956 1537 2993 quo
1568 2953 1665 2980 nunc
1691 2941 1763 2990 agit
1790 2940 1922 2979 author
1950 2940 2068 2978 filium

1104 2994 1218 3034 fuisse.
1229 2995 1558 3034 Commentatores
1574 2994 1641 3030 hos
1664 2991 1757 3030 duos
1770 2992 2010 3030 commiscent
2028 2991 2067 3030 1'11

1102 3058 1219 3087 unum
1231 3075 1242 3097 ,
1267 3058 1347 3087 non
1365 3046 1487 3087 habita
1505 3044 1575 3084 ulla
1593 3051 1808 3112 temporum
1828 3041 2068 3132 ἀίῑετεῑὶοηῑεά

1636 3096 1670 3133 l&
1685 3106 1710 3133 n
2025 3104 2046 3130 e
