2516 3509
2015 88 2042 140 8

227 184 931 274 ANTONII
1033 103 2122 301 sCHULTING11‚9⁷

588 341 1014 430 Jurisconsulti
1076 357 1137 414 &
1201 349 1656 428 AntecefforiS,

133 492 2116 591 EXERCITATIO

1066 644 1171 697 AD

132 765 1075 874 VALERII
1236 777 2109 888 MAXIMI

358 934 1862 1014 LIB.V11.CAPUTV11.

721 1074 824 1155 De
871 1073 1234 1160 Testamentis
1278 1077 1541 1169 Resciffls.

484 1258 516 1285 „·
562 1242 856 1277 CCASIONEM
890 1233 1024 1295 paulo
1059 1232 1319 1298 diligentius
1354 1237 1587 1300 cogitandi
1620 1239 1676 1284 de
1718 1239 1769 1287 iis
1792 1274 1806 1299 ,
1860 1258 1971 1304 quae
2019 1246 2107 1293 hoc

487 1291 531 1317 '⁶
562 1293 711 1356 capite
750 1294 914 1360 scripta
958 1297 1139 1360 reliquit
1177 1300 1383 1346 Valerius
1431 1303 1701 1360 Maximus,
1751 1306 2111 1368 praebuitsmihi

490 1349 534 1421 ὀ
562 1371 665 1403 ante
699 1375 835 1406 annos
870 1362 1214 1423 quatuordecim
1249 1364 1337 1410 Vir
1379 1381 1567 1429 magnae
1611 1367 1657 1412 in
1693 1369 1917 1431 republica
1939 1405 1952 1430 ,
2001 1373 2109 1419 dum

506 1433 525 1467 Ξ
563 1422 705 1482 vixit,
739 1423 971 1486 dignitatis
991 1459 1005 1485 ,
1036 1442 1086 1471 ac
1122 1427 1333 1490 praeclari
1367 1428 1482 1475 inter
1515 1430 1712 1477 literatos
1747 1435 1967 1494 nominis,
2004 1438 2110 1483 Gis-

245 1537 247 1539 ,
291 1537 295 1545 ,
563 1485 715 1532 bertus
755 1487 993 1551 Cuperus,
1041 1505 1120 1553 per
1153 1491 1386 1553 epistolam
1421 1509 1600 1540 mecum
1636 1511 1769 1558 agens
1815 1497 1871 1543 de
1904 1501 2114 1562 exemplo

148 1587 170 1604 „
288 1549 304 1552 “’
334 1550 389 1573 ”’·
431 1543 522 1613 {stis-2„
564 1549 756 1596 secundo
791 1553 1104 1616 nonnullisque
1137 1570 1194 1600 ex
1229 1555 1539 1617 sequentibus,
1584 1561 1658 1605 cui
1693 1576 1799 1605 cum
1836 1563 1970 1624 paulo
2004 1565 2106 1626 post

153 1600 167 1617 ³
242 1620 251 1628 ⁸
437 1633 447 1641 =
566 1630 711 1660 meam
746 1615 802 1661 de
835 1617 919 1663 illis
953 1617 1249 1680 exposuissem
1282 1619 1570 1680 sententiam,
1604 1622 1693 1685 ipse
1722 1639 1817 1669 eam
1853 1641 1932 1688 per
1957 1629 2105 1675 omnia

124 1679 408 1744 approbavit.
444 1680 575 1726 Adeo
610 1691 761 1724 tamen
794 1681 958 1743 procul
992 1683 1046 1728 ab
1069 1682 1142 1727 illa
1175 1694 1287 1728 tunc
1323 1682 1388 1729 fui
1406 1684 1763 1748 exspeEtatione,
1785 1688 1882 1734 fore
1909 1690 2103 1753 aliquan·

125 1745 215 1803 do,
250 1758 331 1802 ut,
368 1760 479 1806 quae
512 1741 791 1806 scripseram,
824 1745 871 1789 in
905 1744 1143 1807 publicum
1178 1746 1439 1807 prodirent,
1484 1762 1536 1795 ut
1571 1766 1662 1795 non
1696 1750 1776 1795 nis1
1808 1752 2102 1816 inperfe&um

123 1809 298 1854 illarum
346 1809 573 1854 literarum
619 1808 881 1871 exemplum
923 1808 1036 1854 mihi
1078 1808 1356 1857 servaverim.
1424 1812 1547 1858 Cum
1595 1826 1745 1860 tamen
1787 1815 1861 1862 hic
1904 1817 1993 1864 loci
2028 1833 2099 1881 ty-

123 1873 192 1936 pis
226 1871 548 1919 describeretur
580 1871 788 1918 Valerius
822 1874 1091 1930 Maximus,
1137 1887 1322 1920 curante
1365 1875 1463 1921 viro
1507 1876 1759 1924 doffiffimo
1782 1913 1796 1937 ,
1843 1880 2097 1939 Abrahamo

123 1937 355 1984 Torrenio
379 1970 392 1994 ,
436 1937 512 1998 qui
559 1935 753 1981 eundem
800 1937 1103 1999 plurimorum
1152 1937 1562 1989 eruditiffimorum
1593 1943 1791 1989 virorum
1829 1944 1875 1989 ὃς
1910 1949 2099 2009 propriis

122 2001 242 2047 notis
276 2013 411 2063 atque
437 1998 822 2046 observationibus
857 1999 1203 2047 luculentiffime
1237 2002 1472 2050 instruxit:
1510 2003 1653 2068 isque,
1689 2008 1909 2070 cognitO,
1932 2011 2097 2073 aliquid

123 2064 237 2112 mihi
271 2064 326 2110 ad
359 2062 540 2109 manum
575 2062 659 2108 effe
693 2079 785 2124 quo
820 2061 1010 2125 scriptor
1044 2064 1121 2110 hic
1156 2066 1299 2127 posset
1329 2066 1564 2127 illustrari,
1607 2087 1679 2117 me
1713 2086 1918 2134 rogaret,
1952 2087 2003 2120 ut
2036 2074 2098 2121 se—

122 2146 227 2176 cum
265 2128 310 2173 id
346 2126 758 2184 communicarem,
793 2125 923 2173 facile
955 2129 1105 2191 recepi
1142 2145 1232 2175 non
1266 2129 1376 2176 illud
1411 2131 1555 2194 ipsum
1586 2133 1899 2195 solummodo,
1944 2154 2098 2186 verum

120 2194 256 2239 etiam
289 2207 362 2237 me
395 2191 450 2237 de
482 2188 719 2248 omnibus,
759 2206 872 2252 quae
906 2192 952 2236 in
990 2191 1172 2239 laudato
1207 2195 1355 2257 capite
1389 2212 1679 2244 occurrerent
1713 2198 1766 2244 ad
1782 2200 2095 2263 Jurispruden-

124 2260 231 2304 tiam
268 2255 560 2317 pertinentia,
593 2253 820 2317 copiofius
854 2255 952 2302 fore
984 2269 1412 2305 commentatur-um.
1453 2260 1607 2323 Atque
1640 2263 1744 2309 inde
1777 2264 1955 2311 tandem
1991 2267 2098 2314 haec

125 2321 297 2385 prodiit
330 2319 614 2366 exercitatio.

186 2387 259 2430 De
287 2385 537 2445 testamentis
559 2382 748 2444 refiiffis]
780 2384 864 2430 Vis
888 2384 1071 2447 quidem
1099 2385 1350 2433 testamenti
1383 2388 1521 2452 longe
1542 2390 1606 2437 est
1627 2393 1847 2451 maxima,
1879 2392 2091 2455 eousque,

117 2463 169 2497 ut
202 2450 248 2495 in
283 2450 564 2512 privatorum
609 2446 714 2493 aeris
747 2447 859 2493 nihil
893 2464 948 2494 eo
982 2448 1038 2495 fit
1072 2451 1294 2507 validius3
1338 2469 1432 2499 non
1466 2454 1613 2500 statim
1645 2469 1795 2502 tamen
1829 2458 1937 2502 vires
1969 2457 2092 2503 hasce

118 2513 302 2571 exserit,
337 2512 405 2558 sed
441 2525 541 2558 turn
575 2510 757 2557 demum
794 2528 900 2558 cum
934 2514 1133 2575 primum
1169 2530 1317 2562 morte
1350 2517 1586 2577 testatoris,
1621 2537 1672 2566 ac
1703 2521 1804 2565 dein
1840 2520 2091 2566 hereditatis

122 2594 178 2625 ex
213 2593 268 2623 eo
303 2576 628 2638 adquifitione,
662 2591 801 2638 eaque
834 2576 965 2623 firma
996 2591 1131 2641 atque
1164 2580 1449 2641 inconcuffa,
1483 2583 1808 2629 confirmatum
1834 2583 1909 2628 est.
1954 2584 2089 2630 Cete-

123 2659 225 2688 rum
261 2640 521 2686 testamenta
554 2639 609 2685 ab
644 2640 776 2686 initio
811 2640 1016 2704 legitime
1046 2643 1187 2702 facila,
1221 2645 1421 2708 adeoque
1455 2647 1624 2704 valida,
1668 2664 1756 2692 non
1801 2663 1886 2692 una
1920 2651 2089 2695 ratione

125 2707 218 2753 virn
253 2703 374 2750 suam
415 2720 472 2750 ex
517 2703 739 2766 postfa&o
784 2703 1037 2764 amittunt,
1080 2721 1253 2754 mutata
1298 2726 1392 2756 non
1424 2724 1596 2757 tantum
1634 2711 1849 2756 testatoris
1882 2711 2086 2758 volunta-

125 2786 195 2829 te,
231 2785 388 2816 verum
423 2769 558 2813 etiam
594 2768 746 2829 aliquo
783 2769 1027 2829 incidenti,
1062 2773 1201 2818 veluti
1236 2774 1434 2836 postumi
1470 2775 1767 2837 adgnatione,
1802 2774 1872 2819 vel
1908 2775 2091 2822 testato-

67 2845 69 2847 '
124 2851 171 2882 re
206 2834 354 2896 capite
384 2831 644 2878 deminuto:
682 2831 816 2894 idque
849 2834 982 2880 etiam
1016 2835 1110 2898 ipso
1132 2837 1262 2900 jure,
1297 2854 1348 2884 ac
1384 2852 1483 2884 tum
1517 2840 1729 2883 dicuntur
1762 2838 1968 2898 z'zfirmari
2006 2853 2036 2885 t.
2059 2852 2090 2886 t.

127 2900 224 2960 Inst.
268 2899 377 2958 qm'h.
422 2897 527 2944 mod.
563 2897 788 2958 testament.
825 2900 1050 2960 infirmant.
1086 2900 1352 2965 nullumque
1379 2905 1481 2965 jure
1514 2902 1635 2948 civili
1669 2901 1834 2949 habent
1865 2902 2089 2949 crisseium.

269 2956 272 2958 ’
1305 2966 1354 3011 X
1366 2982 1440 3013 XX
1481 2982 1556 3012 xx
1978 2976 2012 3021 ᾗ.
2054 2983 2090 3012 1.

1217 3070 1258 3100 ,³⁴3
