2516 3509
384 162 483 211 812

603 141 1006 207 VALERII
1082 136 1465 196 MAXIMI
1540 141 1670 199 Lm.
1709 140 1816 200 IX.
1856 142 2003 200 CAP.
2043 141 2143 198 ΙΙΙ.

1099 305 1453 361 CAPUT
1526 306 1633 360 ΙΙΙ.

683 440 857 501 DE

390 603 429 633 1.
470 588 543 630 M.
580 583 704 629 Livii
739 578 992 626 Salinatoris
1028 575 1123 637 Cos:

386 667 428 698 2.
465 653 514 697 C.
552 648 718 693 Marcii
755 645 888 705 Figuli
907 641 1099 703 juriscosss

389 733 430 776 3.
469 715 755 760 Patriciorunt.

384 799 429 842 4.
466 777 714 840 Jiiventatis
749 775 979 820 Romanae.

386 860 430 906 5.
466 845 690 889 Exercitus
725 841 850 886 Rom.

386 911 431 955 6.
468 908 608 954 Plebis
643 907 766 951 Rom.
1132 934 1144 949 .

385 989 431 1037 7.
467 975 530 1038 Q
568 971 740 1015 Metelli
774 965 1064 1024 Macedonici,
1090 961 1246 1025 procoſs

969 436 1243 499 IRA
1349 435 1527 498 ET
1637 437 2065 500 ODIO.

1407 576 1450 621 8.
1485 578 1540 622 L.
1575 577 1757 624 Cornelii
1793 577 1947 624 Sullae.

1548 690 2239 740 EXTERNORUM.

1412 784 1451 813 1.
1485 768 1722 813 Alexandri
1760 769 1929 828 Magni.

1410 848 1450 879 2.
1488 835 1718 878 Amilcaris
1750 833 1939 878 Barchae
1971 834 2116 880 Poeni.

1414 910 1452 959 3.
1487 898 1708 942 Annibalis
1747 897 1938 943 Barchae
1973 899 2121 944 Poeni.

1409 977 1455 1022 4.
1489 962 1800 1020 Semiramidis,
1836 963 2098 1023 Affyriorum
2131 966 2310 1028 reginae.

388 1111 398 1130 ¹
449 1105 541 1215 Ira
575 1114 757 1164 quoque
792 1095 839 1142 &
875 1094 1033 1142 odium
1075 1095 1122 1140 in
1163 1089 1423 1156 pectoribus
1466 1089 1673 1137 humanis
1719 1106 1906 1155 magnos
1939 1090 2104 1139 fluctus
2139 1095 2340 1143 excitant
2366 1118 2380 1145 ς

498 1178 715 1244 procursu
746 1175 935 1223 celerior
967 1174 1068 1234 illa,
1103 1172 1297 1220 nocendi
1331 1170 1547 1233 cupidine
1579 1171 1671 1217 hoc
1705 1172 1990 1235 pertinacius.
2024 1172 2236 1237 Uterque
2262 1194 2374 1226 con..

383 1259 665 1308 sternationis
699 1256 853 1320 plenus
887 1253 1099 1312 affectus,
1135 1269 1186 1298 ac
1218 1266 1449 1314 nunquam
1486 1249 1576 1295 fine
1611 1263 1843 1296 tormento
1877 1249 1941 1295 sui
1973 1250 2224 1299 violentus:
2269 1256 2374 1317 quia

384 1343 592 1391 dolorem
625 1355 733 1386 cum
767 1336 927 1383 inferre
961 1334 1061 1381 vult
1082 1367 1097 1392 ‚
1131 1332 1304 1396 patitur
1324 1366 1339 1391 ,
1374 1347 1519 1377 amara
1551 1329 1837 1376 solicitudine
1858 1364 1874 1389 ,
1916 1346 1973 1376 ne
2006 1348 2097 1378 non
2133 1335 2374 1400 contingat

384 1424 530 1481 ultio,
562 1421 732 1469 anxius.
801 1416 889 1464 Sed
924 1413 1211 1480 proprietatis
1244 1427 1403 1458 eorum
1439 1410 1703 1458 certissimae
1737 1409 1839 1457 sunt
1874 1411 2122 1474 imagines3
2169 1430 2274 1477 quas
2309 1416 2373 1463 dii
2435 1419 2443 1427 ‘

379 1503 463 1568 ipsi
497 1504 543 1549 in
579 1500 707 1547 claris
739 1494 936 1560 personis
961 1529 976 1555 ‚
1019 1507 1098 1541 aut
1131 1491 1255 1539 dicto
1286 1491 1438 1555 aliquo
1458 1526 1474 1552 ‚
1520 1505 1598 1539 aut
1644 1490 1764 1538 facto
1799 1490 2130 1538 vehementiori
2164 1492 2367 1558 conspici

382 1579 640 1625 voluerunt.

447 1657 572 1704 Cum
614 1651 814 1701 adversus
850 1647 1145 1696 Asdrubalem
1180 1648 1341 1695 Livius
1377 1646 1598 1694 Salinator
1641 1645 1811 1693 bellum
1852 1644 2058 1709 gesturus
2099 1646 2211 1694 urbe
2245 1664 2374 1713 egre-

383 1734 601 1793 deretur,
648 1742 864 1777 monente
898 1727 1041 1774 Fabio
1075 1726 1291 1772 Maximo
1314 1758 1330 1782 ‚
1382 1739 1438 1768 ne
1472 1737 1573 1770 ante
1608 1721 1895 1768 descenderet
1928 1723 1975 1767 in
2009 1722 2151 1768 aciem
2176 1756 2191 1782 ,
2235 1741 2371 1787 quam

386 1812 585 1862 hostium
627 1811 741 1858 vires
787 1816 803 1836 ²
853 1808 1144 1868 animumque
1185 1801 1518 1867 cognosceret,
1572 1804 1765 1865 primam
1809 1801 2095 1848 occafionem
2139 1806 2372 1866 pugnandi

379 1913 474 1944 non
509 1891 773 1941 omissurum
808 1886 849 1933 se
882 1883 1126 1949 respondit.
1195 1879 1590 1944 Interrogatusque
1624 1881 1678 1926 ab
1713 1879 1872 1926 eodem
1897 1913 1912 1938 ‚
1956 1880 2055 1940 quid
2084 1883 2149 1926 ita
2179 1891 2267 1927 tam
2298 1884 2375 1945 fe-

369 1980 578 2043 stinanter
612 1985 779 2020 manum
813 1966 1010 2029 conserere
1043 1966 1169 2011 vellet
1192 1995 1208 2022 ‚
1251 1973 1297 2009 at
1331 1977 1458 2024 qaam
1489 1963 1691 2007 celerrime
1713 1993 1727 2018 s
1770 1961 1918 2024 inquit
1941 1993 1955 2019 2
2001 1971 2077 2006 ant
2114 1964 2291 2023 gloriani
2322 1981 2373 2010 ex

2304 2047 2377 2093 ho-

258 1693 273 1720 1
284 1711 290 1718 .

170 1737 255 1765 Ann.
279 1730 346 1762 urb.

172 1788 183 1809 5
193 1781 228 1811 48
237 1799 243 1805 .
260 1773 369 1804 Livius

171 1825 284 1847 xxvxi.

449 2200 478 2225 τ.
507 2189 562 2222 Ira
582 2195 708 2234 quoque
727 2187 771 2218 2¹9·
793 2178 920 2229 odium]
948 2176 1041 2215 Edd.
1069 2176 1267 2226 pleraeque
1292 2186 1356 2212 an·
1408 2176 1460 2211 At
1490 2173 1590 2210 enim
1620 2184 1711 2209 vero
1742 2172 1817 2209 salis
1840 2170 2015 2220 vestigal,
2040 2172 2136 2209 unde
2154 2184 2296 2211 nomen
2316 2174 2378 2212 ac-'

393 2248 430 2277 te
451 2237 619 2285 Pighium
643 2238 698 2271 Ira
719 2245 846 2282 quoque
864 2242 924 2267 aut
941 2229 1062 2266 odiam.
1085 2227 1188 2278 quod
1203 2229 1240 2264 in
1263 2226 1356 2263 mul-
1409 2225 1506 2273 cepit
1535 2225 1571 2261 in
1592 2223 1739 2260 censura
1761 2223 1914 2260 demum
1941 2232 2178 2261 commentus
2198 2225 2267 2266 est,
2284 2237 2371 2263 cum

393 2293 437 2328 tis
459 2289 505 2326 est
527 2286 630 2324 MSS.
659 2284 804 2322 Ascens.
832 2283 886 2318 Ira
905 2294 1034 2331 quoque
1054 2293 1092 2315 ac
1114 2278 1235 2315 odium.
1259 2278 1357 2326 Cop.
1407 2275 1549 2324 jamdiu
1587 2272 1704 2312 fuiffet
1742 2282 1950 2311 revocatus.
2000 2274 2049 2310 Et
2076 2274 2268 2312 damnatus
2306 2277 2377 2314 fuit

394 2340 527 2386 Ultraj.
555 2338 662 2386 prim.
682 2334 789 2372 Leid.
808 2334 918 2381 prim.
945 2339 1027 2369 tert.
1046 2331 1132 2367 sext.
1157 2331 1209 2365 Ira
1231 2343 1358 2378 quoque
1410 2327 1488 2375 post
1519 2326 1747 2363 consulatum
1767 2326 1929 2374 primum
1957 2335 2036 2360 reus
2055 2325 2169 2362 factus
2190 2337 2276 2363 cum
2298 2327 2378 2364 col-

392 2402 437 2429 (7
458 2389 579 2426 odium.
607 2385 710 2436 quod
731 2383 870 2422 melius.
1410 2379 1489 2426 lega
1512 2377 1676 2414 Aemilio
1698 2377 1823 2413 Paulo.
1875 2375 2047 2412 Similiter
2075 2384 2168 2413 errat
2199 2378 2373 2426 exemplo

443 2454 476 2478 2.
503 2441 750 2487 Animumque
779 2432 954 2489 cognosset]
991 2432 1048 2468 Sic
1075 2430 1235 2478 Pighius.
1289 2427 1361 2465 Sed
1412 2442 1445 2466 2.
1492 2428 1594 2477 quod
1631 2428 1675 2464 C.
1710 2427 1878 2474 Figulum
1909 2426 1958 2462 ait
1987 2426 2173 2464 consulem
2213 2428 2376 2477 aliquan-

396 2503 528 2532 omnes
558 2489 677 2537 scripti
706 2488 859 2533 &typis
884 2483 1034 2530 expressi
1059 2484 1267 2531 coguofieret.
1292 2490 1361 2527 pro
1414 2480 1463 2517 do
1493 2491 1537 2516 ex
1566 2478 1755 2526 provincia
1777 2475 1845 2514 effe
1866 2484 2104 2520 revocatum,
2133 2486 2172 2515 ut
2192 2479 2378 2527 magistra-

401 2545 478 2584 „Ab
505 2540 612 2578 eodem
627 2568 637 2583 ,
670 2535 839 2575 nonnulli
869 2533 911 2569 ab
941 2548 987 2569 eo.
1414 2540 1455 2567 tu
1474 2530 1508 2567 se
1529 2529 1733 2569 abdicaret,
1747 2539 1831 2564 cum
1852 2528 1879 2564 is
1900 2528 2008 2564 fuerit
2028 2535 2130 2575 pater
2151 2522 2374 2578 ejus‚quen1

456 2606 489 2643 3.
517 2594 581 2628 Illa
612 2591 752 2636 injustae
779 2584 1004 2622 damnationis
1031 2580 1167 2629 memor]
1200 2580 1365 2616 Damna-

409 2654 466 2682 tus
496 2645 613 2680 fuerat
632 2640 760 2677 Livius
785 2636 833 2673 ob
859 2635 981 2683 legem
1009 2632 1055 2669 de
1074 2631 1144 2668 sale
1166 2630 1366 2667 vendendo

410 2697 522 2733 latam
549 2722 558 2738 ,
595 2702 690 2741 quae
719 2687 859 2738 populo
889 2683 1041 2723 molesta
1074 2682 1153 2719 fuit.
1202 2682 1253 2718 At
1279 2680 1367 2718 0810

411 2747 514 2783 annis
541 2743 618 2791 post
650 2753 694 2778 ex
722 2750 834 2788 agro,
861 2748 938 2786 quo
965 2746 1029 2783 per
1056 2733 1241 2770 summum
1262 2731 1368 2769 dolo-

415 2808 492 2833 rem
525 2796 557 2831 se
590 2799 808 2840 receperat,
850 2789 887 2825 in
915 2786 1044 2824 urbem
1076 2791 1296 2826 revocatus,
1330 2783 1368 2819 ὃς

417 2845 539 2883 consul
578 2852 717 2880 creatus
764 2840 823 2877 est.
892 2836 991 2875 Vide
1033 2835 1136 2883 supra
1175 2847 1230 2871 11.
1264 2846 1297 2879 9.
1333 2833 1368 2869 6.

415 2896 611 2935 VORST.
639 2891 882 2930 Damnationis
901 2901 1030 2925 memor.
1056 2885 1213 2934 graviter
1232 2884 1292 2920 hic
1312 2895 1367 2920 er-

418 2956 472 2985 rat
494 2946 678 2988 Vorstius,
706 2955 791 2980 cum
812 2942 862 2978 ait
887 2951 974 2977 eum
1002 2934 1070 2974 effe
1089 2936 1304 2974 damnatum
1328 2933 1376 2971 ob

416 2999 538 3046 legem
564 2995 608 3031 de
626 2995 693 3032 sale
710 2991 910 3031 vendendo
936 2990 1048 3026 latam
1067 3015 1077 3032 ‚
1102 2987 1291 3033 aliquanto
1321 2993 1375 3021 ta-

416 3060 503 3087 men
534 3046 612 3095 post
639 3052 859 3084 revocatum
889 3039 1075 3082 consulem
1114 3035 1185 3078 effe
1222 3035 1375 3076 factum.

1416 2581 1468 2618 bis
1486 2579 1671 2618 consulem
1695 2577 1798 2616 fniffe
1821 2578 1907 2616 dicit
1930 2578 2104 2615 Valerius.
2132 2579 2378 2619 PERIZON.

1421 2631 1551 2680 Copes.
1581 2642 1617 2667 ut
1639 2633 1780 2678 injustae
1800 2628 2037 2665 damnationis.

1468 2695 1500 2728 4
1529 2685 1567 2719 C.
1592 2693 1702 2718 autem
1728 2679 1900 2729 Figulum]
1932 2677 2026 2719 iuffu
2050 2679 2201 2717 Senatus
2228 2682 2288 2719 hic
2317 2683 2380 2720 ali-

1420 2732 1568 2782 quando
1602 2745 1645 2769 ex
1675 2732 1865 2781 provincia
1894 2730 2033 2774 rediit,
2075 2730 2185 2778 seque
2214 2733 2377 2770 consula-

1418 2791 1458 2820 tu
1487 2783 1654 2821 abdic-are
1683 2780 1823 2820 necesse
1849 2781 1975 2818 habuit
1994 2809 2003 2825 ,
2036 2781 2139 2829 quod
2165 2784 2379 2820 tabernacu-

1418 2834 1493 2870 lum
1522 2834 1616 2871 vitio
1646 2843 1795 2883 captum
1827 2830 1957 2869 fuiffet.
1995 2832 2093 2869 Vide
2121 2833 2195 2881 sup.
2226 2847 2255 2871 1.
2287 2847 2316 2871 1.
2342 2846 2376 2880 4.

1419 2885 1613 2923 VORST.
2265 2899 2269 2907 ’

1480 2949 1511 2983 ς.
1539 2940 1657 2971 Omnes
1682 2934 1841 2982 consulere
1859 2935 1980 2981 stitis,
2014 2934 2172 2976 consulem
2192 2936 2301 2975 facere
2326 2947 2383 2968 ne-

1418 2986 1533 3035 scitis]
1578 2986 1856 3023 Winchelianus
1885 2984 2005 3022 codex
2032 2995 2096 3031 per
2124 2983 2380 3030 interrogatio-

1426 3048 1514 3074 nem
1539 3037 1632 3075 haec
1659 3038 1731 3080 ita3
1759 3041 1835 3078 estu
1851 3049 1908 3072 vos
1936 3036 2097 3082 consulere
2112 3035 2208 3082 scitis
2223 3035 2382 3082 consulem

2330 3090 2393 3133 saa
