2516 3509
306 63 433 166 niz
487 106 797 167 VAFRE
856 87 1463 170 chTls‘'AUT
1530 114 1893 179 FACTis.
2002 124 2108 198 653

105 213 157 257 84
177 227 285 261 curn
317 209 373 257 ad
406 209 640 258 excidium
672 210 765 272 ejus
799 207 976 257 summo
1011 210 1159 258 studio
1184 210 1440 260 Alexander
1474 213 1690 277 ferretur,
1725 218 2100 285 progressumque

2117 211 2247 247 Panthu.

2115 256 2224 289 Eliaea
2241 266 2253 288 ι
2264 264 2291 290 ¹.

101 309 229 343 extra
261 294 440 341 moenia
475 294 831 352 Anaximenem‚
865 305 1205 357 praeceptorem
1240 292 1397 352 suum,
1429 295 1632 354 vidiss'et3
1670 299 1775 361 quia
1808 300 2094 351 manifestum
2113 297 2237 331 suidas.

103 383 233 431 erat,
276 370 483 417 futurum
507 403 522 430 ‚
564 381 617 416 ut
651 384 804 432 preces
838 367 929 415 suas
963 370 1052 416 irae
1084 372 1179 434 ejus
1214 382 1508 433 opponeret:
1555 389 1632 419 non
1664 373 1886 433 facilurum
1916 376 1960 435 se
1990 382 2100 440 quod

94 449 259 510 petiffi’t
298 449 484 513 juravit.
561 449 704 494 Tunc
748 448 1051 494 Anaximenes
1071 481 1087 506 ,
1133 452 1231 496 Peto
1253 482 1268 506 ,
1309 448 1459 511 inquit
1488 482 1504 508 ‚
1545 462 1591 495 ut
1627 452 1898 514 Lampsacum
1936 457 2096 506 diruas.

100 526 231 574 Haec
258 528 485 574 >velocitas
520 527 773 591 sagacitatis
808 526 1035 590 oppidum
1081 523 1124 565 ²³5
1161 525 1336 575 vetusta
1378 527 1616 575 nobilitate
1660 530 1886 594 inclytum
1921 535 2096 597 exitio,

102 605 178 651 cui
211 604 482 652 destinatum
518 618 644 663 erat,
677 603 911 651 subtraxit.
1323 618 1325 620 ·

169 684 489 731 Demosthenis
524 698 707 747 quoque
740 683 899 729 astutia
922 682 1118 730 mirifice
1151 683 1331 732 cuidam
1363 683 1548 731 ancillae
1579 684 1836 734 succursum
1873 688 1963 749 est,
1987 707 2100 754 quae

103 763 345 825 pecuniam
379 760 574 824 depofiti
610 761 794 807 nomine
828 759 853 807 a
879 760 1057 807 duobus
1092 760 1344 824 hospitibus
1374 774 1640 825 acceperat,
1672 778 1723 809 ea
1751 764 2015 813 conditione
2048 782 2102 815 ut

38 896 43 898 q
104 839 227 886 illam
264 838 393 886 simul
427 838 625 901 utrisque
659 837 879 884 redderet.
956 840 1175 898 Quorum
1217 838 1329 885 alter
1362 838 1601 903 interjecto
1646 852 1852 904 ternpore
1885 856 2100 908 tanquam

103 929 291 964 mortuo
326 915 448 963 socio
483 915 683 979 squalore
717 915 888 962 obfitus
910 949 927 974 ,
972 911 1020 942 ⁸⁶
1054 915 1269 979 deceptae
1303 931 1458 962 omnes
1490 932 1701 963 nummos
1734 917 1929 968 abstulit.
2010 924 2097 970 Su,

103 997 311 1062 pervenit
345 995 505 1042 deinde
540 995 674 1054 alter,
710 995 757 1041 &
793 993 1051 1058 depofitum
1087 1009 1241 1058 petere
1275 996 1444 1059 coepit.
1524 992 1568 1034 37
1603 997 1831 1045 Haerebat
1864 1000 2018 1048 misera
2049 1003 2098 1049 in

102 1075 299 1121 maxima
333 1074 498 1137 pariter
532 1072 580 1119 &
617 1073 833 1136 pecuniae
878 1071 926 1118 &
960 1070 1228 1118 defensionis
1272 1072 1458 1135 penuria
1482 1104 1498 1130 ‚
1550 1073 1735 1136 jamque
1768 1075 1825 1121 de
1857 1076 2018 1140 laqueo
2051 1079 2101 1127 &

103 1148 337 1214 suspendio
370 1150 619 1214 cogitabat.
691 1149 779 1197 Sed
814 1162 1075 1213 opportune
1121 1149 1161 1177 3⁸
1201 1150 1528 1197 Demosthenes
1573 1151 1614 1196 ei
1648 1165 1862 1214 patronus
1895 1156 2100 1206 adfulsit:

103 1232 182 1293 qui
213 1244 265 1277 ut
300 1232 344 1276 in
377 1230 723 1276 advocationem
769 1216 919 1288 venit,
954 1229 995 1264 ⁸⁹
1029 1230 1220 1289 M'ult'er,
1256 1230 1440 1293 inquit,
1477 1240 1635 1293 parata
1669 1231 1722 1291 est
1750 1233 1916 1294 depostti
1934 1235 1985 1296 st'
2006 1238 2096 1297 fide

85 1308 279 1371 solvere:
300 1310 381 1372 fid
410 1313 485 1372 ntst
507 1308 664 1371 sbcium
700 1309 951 1368 adduxeris,
984 1309 1030 1356 id
1053 1308 1198 1371 facere
1231 1326 1306 1356 non
1333 1309 1476 1371 potest.
1541 1311 1755 1376 Qom'am
1790 1323 1836 1357 ut
1869 1313 1949 1374 ipse
1982 1319 2094 1361 voci·

2016 1397 2090 1458 fe..

105 1519 167 1556 De
196 1519 358 1556 nominis
394 1517 480 1556 huic
518 1518 597 1555 urbi
628 1517 810 1568 impositi·
831 1519 971 1567 origine
998 1531 1077 1558 non
1127 1528 1246 1559 teram
1282 1520 1485 1559 lethonem
1525 1521 1696 1571 sequitur.
1740 1521 1971 1560 VORST.
2021 1523 2089 1562 Bit.

107 1569 187 1607 satis
215 1570 352 1606 constat
381 1569 475 1607 inter
508 1577 662 1606 veteres.
716 1569 815 1606 Vide
833 1570 1076 1615 Jac.Grono-
1128 1571 1235 1608 Leid.
1272 1572 1393 1620 primi.
1430 1572 1535 1610 Harl.
1571 1572 1704 1622 Ultraj.
1740 1572 1810 1617 sec,
1845 1573 1948 1610 Barb.
1979 1574 2088 1621 prim.

107 1620 211 1657 vium
239 1620 284 1656 ad
314 1620 456 1657 Melam
503 1620 548 1657 L.
581 1632 700 1671 1319.
742 1628 853 1668 atque
884 1622 996 1659 etiam
1034 1622 1075 1659 Is.
1129 1621 1261 1670 Copes.
1297 1634 1396 1659 cum.
1423 1622 1510 1660 Vet.
1546 1623 1640 1661 Edd.
1673 1621 1785 1667 adfuit
1811 1623 1945 1661 habent
1968 1652 1976 1667 ,
2012 1624 2092 1663 reli-

108 1670 292 1708 Voffium.
1127 1672 1190 1720 qui
1217 1671 1370 1718 adfulsit.
1413 1673 1460 1709 L.
1496 1686 1582 1711 vxi.
1616 1674 1648 1710 6.
1698 1674 1781 1710 Ext.
1811 1687 1840 1712 r.
1887 1675 2090 1720 Cretenfibm

158 1720 217 1757 86.
246 1723 390 1768 Decepta
421 1733 459 1755 ea
488 1735 596 1756 omnes
625 1735 771 1757 nummos
799 1720 957 1770 abstulit]
1002 1721 1070 1759 Al·
1125 1723 1213 1758 nibil
1238 1723 1307 1757 tale
1335 1722 1493 1770 praesidii
1519 1723 1672 1768 adfulsit.
1706 1724 1807 1761 hunc
1837 1725 1962 1762 locum
1990 1726 2091 1763 Perl-

105 1769 171 1808 dus
200 1770 382 1820 scripserat
409 1769 560 1820 deceptae
586 1787 695 1807 omnes
722 1787 845 1808 numm.
881 1771 963 1817 abst.
1002 1771 1073 1809 Sed
1124 1773 1256 1809 zonius
1274 1771 1467 1821 adscripsit.
1519 1773 1655 1821 ,Adeffi’
1685 1775 1832 1822 proprie
1861 1777 2006 1822 patroni
2035 1776 2089 1814 di-

109 1821 257 1870 Pighius
292 1822 458 1858 mutavit.
522 1822 708 1860 Codicum
742 1821 874 1860 Brand.
910 1833 1002 1860 unus
1032 1836 1074 1860 u-
1125 1832 1256 1860 cuntur
1283 1824 1350 1860 reis
1367 1854 1375 1866 ,
1403 1823 1574 1875 adfulgere
1593 1833 1720 1861 tamen
1740 1825 1799 1861 hic
1820 1826 1933 1873 magis
1955 1827 2087 1875 placet,

104 1883 216 1914 nam,
243 1870 336 1908 alter
362 1872 511 1909 alteram
542 1872 744 1910 lectionem
775 1872 947 1921 sequitur.
1001 1874 1075 1911 Ce·
1125 1875 1305 1922 quoniam
1326 1874 1481 1912 subitum
1511 1878 1547 1912 &
1568 1875 1855 1923 inexspectatum
1884 1878 1960 1926 ejus
1988 1879 2089 1916 auxi-

106 1930 227 1960 terum
248 1920 400 1970 deceptae
430 1931 570 1960 veteres
592 1935 744 1973 quoque
770 1923 950 1961 editiones
972 1924 1073 1961 Mar·
1124 1924 1214 1962 lium
1243 1925 1436 1973 expreffius
1467 1926 1649 1963 declarare
1677 1927 1831 1963 videtur.

103 1973 171 2010 tini
204 1972 357 2020 Herbip.
401 1973 438 2009 δε
475 1973 650 2011 Chalcoc.
694 1974 841 2011 habent.
877 1974 1070 2012 VORST.
1176 1975 1236 2022 89.
1267 1978 1403 2011 Mulier
1424 2002 1434 2018 ,
1478 1978 1589 2026 inquit
1613 2004 1622 2018 ,
1664 1988 1786 2024 parata
1813 1980 1856 2023 est
1882 1976 2019 2025 depositi
2037 1981 2088 2026 ᾔ-

108 2024 164 2060 Ut
190 2023 336 2069 Pighius
368 2022 503 2067 edidit,
530 2024 678 2062 exhibet
704 2025 796 2062 haec
815 2024 945 2073 Ultraj.
964 2025 1070 2071 prim.
1121 2023 1194 2060 dem
1221 2025 1371 2075 solvere]
1416 2029 1549 2063 Solvere
1581 2025 1677 2075 fidem
1703 2053 1711 2067 ‚
1756 2027 1803 2064 cst
1844 2039 2016 2075 rumpere
2045 2030 2087 2067 fi-

107 2073 215 2110 Leid.
240 2074 325 2110 sext.
360 2072 502 2121 decepto.
532 2076 645 2112 ceteri
672 2086 804 2112 ornnes
831 2086 916 2111 cum
948 2076 1071 2112 omni·
1123 2074 1232 2117 dem,
1278 2077 1462 2114 Terentio
1502 2078 1538 2113 in
1579 2078 1730 2114 Andria.
1793 2077 1939 2115 Remus
1978 2080 2088 2127 igitur

102 2123 167 2163 bus
189 2123 282 2160 Edd.
308 2122 456 2173 dereptae
484 2138 590 2160 omnes
620 2140 768 2161 nummos
786 2123 935 2171 abstulit.
1124 2136 1265 2164 veteres
1294 2127 1371 2164 libri
1402 2127 1560 2170 dicunt3
1609 2128 1764 2175 Depofitt'
1787 2134 1826 2177 se
1844 2129 1914 2175 fide
1934 2132 2088 2175 solvere,

154 2175 215 2219 87.
243 2174 415 2210 Haerebat
447 2176 565 2221 misera
593 2176 628 2211 in
653 2179 803 2211 maxima
836 2176 986 2219 pariter,
1023 2183 1070 2212 (9·
1123 2184 1163 2213 ut
1192 2177 1334 2215 solvere
1358 2178 1600 2215 sacramento.
1636 2179 1773 2215 PIGH.
1814 2180 1961 2226 Depofiti
1982 2185 2018 2227 se
2036 2182 2084 2227 fi-

99 2235 254 2275 pecuniae
283 2233 328 2259 <7
358 2224 553 2269 defensionis
578 2228 715 2270 penuria
736 2254 746 2270 ,
780 2230 919 2274 jamque
953 2225 993 2261 de
1018 2227 1072 2262 Ia·
1120 2225 1323 2273 desolvere.
1378 2229 1431 2265 Ita
1464 2228 1562 2265 re&e
1591 2229 1740 2265 restituit
1767 2229 1898 2277 Plgius.
1952 2231 1997 2267 Et
2019 2231 2082 2268 ha<

102 2273 441 2372 &ilfa-sflssmssss?
459 2274 645 2361 izeei&
665 2275 836 2377 pffiehssic
851 2275 1070 2372 Mff'dlssi'
1120 2275 1182 2364 {3³5
1205 2289 1362 2375 siffis?
1385 2279 1450 2365 iia.
1465 2279 1658 2377 {stiffi}
1672 2279 1779 2367 §³13³AE
1784 2279 2068 2380 aggatggasg
2074 2312 2082 2319 “

92 2377 200 2423 fionts
229 2377 340 2424 inopia
383 2380 450 2420 iam
488 2376 528 2411 de
564 2378 588 2412 l.
626 2390 653 2413 e.
688 2379 720 2423 s
762 2375 943 2425 cogitabat.
988 2377 1069 2414 PE—
1120 2387 1198 2412 rata
1228 2381 1272 2421 es?
1297 2377 1435 2426 depositi
1452 2382 1491 2427 se
1509 2379 1613 2425 fidem
1633 2381 1778 2428 solvere.
1832 2381 1934 2417 Cave
1957 2390 2079 2420 tamen

105 2427 281 2464 RIZON.
326 2426 458 2472 Ultra-i.
494 2426 561 2463 sec.
597 2434 642 2461 25·
673 2429 709 2463 in
744 2428 899 2463 maxima
930 2429 1066 2476 pariter.
1122 2439 1207 2464 cum
1235 2429 1366 2477 Pighio
1386 2430 1519 2476 solvere
1532 2429 1636 2476 fidem
1664 2429 1752 2468 ideo
1775 2431 1947 2473 damnes,
1976 2432 2076 2479 quod

104 2477 212 2515 Leid.
236 2476 350 2526 quint.
380 2476 478 2513 delet
500 2487 639 2524 partier.
1119 2477 1194 2515 hoc
1222 2477 1399 2527 significet
1435 2479 1547 2517 fidem
1583 2492 1764 2529 rumpere.
1829 2482 2012 2517 Falluntur
2037 2494 2075 2518 e-

162 2528 220 2564 88.
264 2527 492 2572 Demosthenes
532 2530 562 2563 ei
597 2538 757 2575 patronus
803 2525 934 2576 adfuit]
981 2527 1068 2565 Ele·
1119 2529 1229 2572 nim,
1276 2531 1344 2579 qui
1366 2530 1414 2567 ita
1443 2531 1600 2568 censent.
1662 2532 1759 2568 Nam
1799 2531 1899 2567 locus
1931 2533 2073 2568 Teren-

104 2587 229 2626 ganter
247 2606 258 2622 ‚
293 2577 434 2623 adfulsit
450 2605 460 2621 ‚
507 2577 544 2615 in
575 2577 824 2625 manuscriptis
848 2591 855 2613 ε
902 2589 1066 2627 namque
1114 2580 1155 2616 tii
1184 2580 1314 2627 procul
1342 2579 1456 2618 dubio
1476 2581 1622 2618 Ironice
1647 2581 1875 2630 accipiendus
1895 2580 1953 2616 est.
1976 2581 2074 2619 Flor.

102 2637 245 2678 praeter
283 2626 381 2675 spem
418 2628 534 2665 adfuit
557 2653 568 2670 ‚
617 2639 704 2666 cum
737 2629 815 2675 jam
851 2627 898 2664 de
926 2629 1067 2677 suspen·
1117 2630 1163 2667 L.
1195 2643 1224 2668 1.
1257 2644 1287 2669 1.
1317 2642 1372 2670 12.
1401 2632 1481 2674 Illi,
1511 2643 1548 2667 ut
1569 2631 1728 2678 &fidem
1748 2633 1937 2678 solverent,
1965 2634 2077 2668 wal-

104 2680 168 2718 dio
205 2677 394 2727 cogitaret.
455 2679 513 2715 Sic
552 2681 693 2724 fortuna
737 2678 890 2727 adfulget
914 2705 925 2722 ,
971 2691 1066 2727 quae
1114 2682 1330 2728 ciscerentur,
1355 2682 1475 2733 clypeis
1503 2682 1646 2719 obruere.
1675 2680 1820 2719 consule
1844 2679 1891 2715 ibi
1913 2679 1969 2717 Cl.
1996 2683 2078 2720 Du-

99 2739 241 2779 praeter
274 2728 374 2775 spem
412 2728 569 2777 propitia
605 2728 765 2766 advenit.
817 2729 945 2766 Livius
980 2730 1065 2768 Lib.
1118 2731 1261 2770 kerum.
1940 2740 1944 2744 “

99 2793 181 2818 xxx.
230 2783 270 2816 Et
301 2778 383 2814 mibi
408 2779 491 2814 talis
523 2778 708 2830 aliquando
737 2782 880 2826 fortuna
915 2779 1067 2827 adfulsit.
1167 2794 1231 2829 90.
1267 2786 1327 2818 Ne
1353 2783 1489 2831 pecunia
1517 2782 1621 2817 alteri
1645 2781 1712 2821 sine
1741 2781 1846 2816 altero
1874 2782 2078 2833 numeretur]

98 2832 238 2869 PIGH.
279 2828 509 2875 Demosthenes
535 2832 567 2865 ei
589 2841 751 2879 patronus
787 2826 929 2879 affulfit.
977 2834 1067 2876 ,Af-
1118 2832 1220 2870 Οὸὶο
1248 2832 1356 2871 MSS.
1395 2834 1653 2873 Numerantur,
1692 2841 1782 2867 unus
1803 2859 1814 2874 ,
1862 2834 2079 2869 Enumerare-

89 2883 194 2932 suLfit
229 2879 361 2927 scripsit
396 2879 543 2927 Pighius
578 2891 626 2917 ex
664 2878 775 2917 codd.
809 2880 917 2918 MSS.
961 2881 1065 2920 Aldi·
1114 2892 1182 2919 tur.

96 2943 144 2970 na
181 2930 335 2970 &alme
373 2938 516 2967 veteres
551 2930 732 2968 editiones
768 2929 904 2969 habent
944 2931 1063 2981 affuit.
1164 2945 1224 2981 91.
1256 2938 1323 2974 ‘Ac
1340 2948 1380 2971 ne
1395 2932 1483 2970 illud
1496 2944 1614 2982 parum
1632 2927 1763 2978 quidem
1778 2930 1973 2979 prudenter]
1999 2932 2076 2969 Ali-

101 2981 288 3022 Codicum
308 2979 439 3020 Brand.
465 2980 579 3021 rursus
606 2993 700 3021 unus
732 2992 870 3029 unam,
895 2979 986 3035 alter
1013 2983 1062 3036 a17
1109 2991 1207 3033 quot
1226 2984 1331 3024 MSS.
1348 2988 1416 3027 =At
1435 2998 1475 3022 ne
1492 2982 1578 3071 illigat
1597 2979 1732 3029 quidem
1749 2991 1867 3028 parum
1880 2983 2069 3082 prada-3⁶²5».

1564 3043 1621 3070 nn
1657 3043 1681 3069 n
1730 3042 1748 3080 3
1900 3044 1958 3080 92.
2018 3047 2072 3070 tta-³

2205 727 2242 769 53
