2516 3509
479 80 671 135 -DE
761 79 1636 144 CONSTANTIA.
1968 103 2070 163 3¹5

73 178 442 248 comparaverim.
512 186 557 218 ⁷9
578 176 826 244 Dispulfis,
860 181 1175 247 prostratisque
1208 184 1500 233 inimicorum
1522 187 1749 249 partibus,
1785 177 1909 251 Sylla
1929 203 2072 235 occu·
2086 236 2159 268 Ann
2228 236 2248 269 t,

70 275 174 325 pata
207 260 318 307 urbe
348 259 548 306 senatum
578 271 772 305 armatus
804 262 1041 325 co'e'gerat,
1076 278 1126 308 ac
1158 259 1329 308 summa
1360 261 1612 324 cupiditate
1640 262 1889 324 ferebatur,
1923 277 1977 312 ut
2009 263 2066 309 C.
2084 261 2170 314 σός]
2191 246 2228 270 ux
2250 260 2261 271 ’

70 337 247 386 Marius
276 352 409 400 quam
443 336 675 383 celerrime
705 336 846 384 hostis
869 338 1162 401 judicaretur.
1231 338 1378 402 Cujus
1407 339 1632 385 voluntati
1671 346 1715 377 30
1738 341 1863 388 nullo
1883 342 2065 390 obviam

71 416 136 461 ire
167 413 384 475 audente,
418 413 533 462 solus
566 415 780 463 Scaevola
814 416 1116 481 interrogatus
1151 417 1207 463 de
1239 416 1321 463 hac
1351 432 1398 463 re
1432 416 1693 464 sententiam
1721 418 1870 466 dicere
1903 422 2065 468 noluit.

72 490 343 548 Qinetiam
380 499 417 531 3ι
447 493 748 541 truculentius
781 493 862 541 fibi
890 495 1119 543 minitanti
1151 494 1322 559 Syllae,
1357 496 1500 553 Licet,
1547 494 1722 557 inquit,
1769 496 1876 542 mihi
1902 504 2068 560 agmina

21 620 24 623 ,
68 573 278 634 militum,
311 576 457 636 quibus
477 577 650 622 Curiam
682 576 994 639 cii‘cumfhdisii,
1028 577 1223 638 ostentess
1255 579 1349 623 licet
1382 586 1554 622 mortem
1586 578 1806 623 identidem
1837 581 2068 628 miniteris:

68 669 280 715 nunquam
300 667 437 704 tamen
458 656 628 716 efficies,
663 668 711 704 ut
726 670 895 719 propter
916 661 1104 721 exiguum
1112 658 1362 720 senilemque
1372 659 1618 721 sanguinem
1642 675 1801 718 meum,
1838 663 2041 707 Marium
2055 701 2070 726 ,

71 729 100 773 ὰ
123 746 199 791 quo
221 734 331 780 Urbs
355 734 408 785 ἰῇ)
433 737 565 780 Italia
583 734 825 798 confirmita
848 735 928 795 est,
961 735 1109 794 hostem
1120 735 1321 795 judicem.

135 819 177 850 3²
202 813 333 874 Qid
355 813 545 861 feminae
575 830 681 860 cum
714 812 969 860 concione?
1005 813 1037 859 fi
1063 814 1232 875 patrius
1265 830 1364 860 mos
1393 813 1617 874 servetur,
1662 815 1791 862 nihil.
1860 815 1949 864 Sed
1984 816 2063 863 ubi
2152 810 2188 846 6.

44 915 50 917 μ
68 887 316 937 domestica
336 891 458 954 quies
477 888 745 935 seditionum
767 887 933 950 agitata
953 884 1167 932 fluetibus
1188 885 1251 932 est
1264 920 1279 945 ,
1304 893 1344 924 33
1363 886 1535 950 priscae·
1552 888 1886 937 consuetudinis
1905 891 2060 938 aueto-

71 965 175 1024 ritas
196 966 494 1015 convellitur:
531 963 716 1027 plusque
746 962 865 1009 valet
897 960 1022 1024 quod
1053 961 1270 1009 violentia
1303 964 1460 1028 cogit,
1506 982 1641 1030 quam
1672 967 1797 1030 quod
1828 967 1979 1015 suadet
2014 969 2061 1016 Sc

71 1042 294 1104 praecipit
320 1039 602 1089 verecundia.
671 1040 831 1101 Itaque
861 1051 936 1096 te,
973 1039 1267 1102 Sempronia,
1299 1041 1378 1087 Ti.
1405 1040 1453 1087 &
1480 1042 1538 1089 C.
1563 1043 1885 1091 Gracchorum
1907 1045 2058 1107 soror,
2075 1064 2158 1092 Ann.
2178 1060 2244 1091 urb.

66 1134 186 1164 uxor
219 1119 444 1184 Scipionis
464 1118 733 1175 Aemiliani,
770 1132 864 1162 non
892 1128 945 1162 ut
982 1116 1166 1163 absurde
1193 1118 1453 1181 graviffimis
1484 1121 1686 1168 virorum
1718 1124 1930 1187 operibus
1948 1107 2252 1176 i11se-⁶c⁵1ss‘11.³ff⁰

65 1210 188 1258 rens,
223 1198 419 1262 maligna
437 1197 651 1244 relatione
674 1194 1087 1260 comprehendam3
1124 1195 1195 1241 sed
1216 1198 1320 1260 quia
1339 1197 1363 1243 a
1384 1198 1568 1246 tribuno
1594 1200 1736 1264 plebis
1764 1203 1985 1266 producta
2006 1206 2060 1252 ad

64 1276 322 1338 populum,
358 1275 403 1321 in
424 1275 620 1320 maxima
640 1271 908 1320 confusione
927 1272 1042 1318 nihil
1062 1272 1087 1319 a
1110 1285 1297 1320 tuorum
1317 1274 1617 1337 amplitudine
1639 1276 1936 1341 degenerasti,
1971 1283 2057 1328 ho-

66 1368 224 1402 norata
245 1354 462 1402 memoria
480 1352 733 1417 prosequar.
802 1349 976 1397 Coasta
991 1366 1037 1397 es
1057 1367 1112 1398 eo
1134 1351 1226 1400 loci
1245 1350 1511 1412 consistere,
1545 1353 1627 1400 ubi
1648 1356 1912 1420 principum
1941 1358 2053 1404 civi-

69 1431 172 1477 tatis
191 1430 443 1496 perturbari
466 1429 589 1475 frons
616 1427 796 1475 solebat.
866 1426 1063 1475 Instabat
1085 1428 1170 1476 tibi
1188 1441 1325 1476 torvo
1348 1429 1480 1477 vultu
1502 1431 1643 1478 minas
1664 1431 1943 1496 profundens
1962 1452 2057 1482 am-

69 1507 258 1569 plissima
278 1507 493 1574 potestas:
535 1512 579 1543 ³4
601 1504 772 1551 clamor
792 1504 1026 1567 imperitae
1046 1503 1353 1553 multitudinis
1385 1503 1697 1569 obstrepebat:
1735 1521 1888 1556 totum
1909 1508 2059 1559 forum
2076 1533 2162 1566 Infra
2184 1540 2272 1571 ms.

1905 1592 2064 1637 acerri-

69 1717 103 1754 bi
129 1745 138 1761 ,
174 1716 303 1754 itidem
336 1715 381 1753 de
417 1715 587 1753 sermone
609 1742 620 1758 ,
665 1714 815 1751 Breviter
840 1719 886 1749 (9·
916 1712 1046 1762 abstise.
1098 1711 1292 1750 VORST.
1345 1713 1507 1761 Dispulfis
1534 1713 1669 1753 habent
1698 1715 1806 1753 MSS.
1841 1715 2069 1765 duodecim,

70 1769 106 1806 v
122 1767 302 1807 0RST,
1096 1764 1135 1800 ὃς
1158 1762 1226 1800 Ed.
1246 1763 1354 1811 Mog.
1393 1765 1442 1801 Et
1470 1764 1516 1801 fic
1544 1766 1655 1804 etiam
1679 1778 1747 1814 pro
1777 1765 1906 1816 depulfiz
1925 1770 2068 1818 nebula,

119 1829 178 1864 27.
204 1822 281 1869 Quo
311 1812 478 1853 &ederent
500 1814 676 1852 Sam-ruini
706 1813 834 1850 tribuni
859 1813 967 1864 plebis
983 1815 1044 1860 fu·
1093 1812 1449 1871 dispulstz‚meliores
1469 1815 1630 1855 Codices
1648 1817 1783 1855 habere
1800 1818 1901 1873 *apud
1921 1821 2065 1862 Liv.L.

71 1873 151 1917 nesti
169 1866 320 1917 conatus]
335 1868 416 1905 MS.
430 1867 562 1915 Copes.
575 1866 672 1903 delet
692 1863 846 1901 tenderet.
870 1865 931 1902 An
950 1875 1042 1912 pen-
1094 1876 1198 1903 xxvi.
1228 1877 1284 1911 17.
1313 1873 1463 1903 monuit
1484 1866 1518 1912 J.
1546 1867 1606 1905 Fr.
1635 1869 1861 1906 Gronowus.
1913 1873 2068 1910 Inimico-

71 1921 156 1964 det,
183 1933 246 1969 quo
265 1918 309 1956 ab
329 1919 473 1968 erupturi
493 1916 617 1966 essent?
637 1916 724 1954 Ter.
745 1916 782 1952 in
805 1915 913 1953 Phor.
934 1927 985 1952 1v.
1008 1928 1040 1965 3.
1093 1930 1165 1952 mm
1184 1927 1276 1953 vero
1292 1916 1397 1965 quod
1418 1916 1559 1964 Lipfius
1584 1917 1696 1956 etiam
1718 1919 1944 1968 expunetum
1963 1924 2068 1962 vole-

70 1982 133 2008 20.
160 1983 222 2019 quo
243 1967 361 2005 evadet
378 1968 492 2005 ·hodie.
522 1969 615 2006 Item
635 1979 679 2004 11.
703 1978 737 2004 2.
764 1977 819 2005 11.
845 1971 906 2004 Ne
924 1967 1041 2016 isthaec
1094 1966 1154 2004 bat
1177 1966 1337 2004 retinent
1359 1978 1502 2005 omnes.

64 2018 229 2067 fortitudo
249 2022 284 2055 in
305 2033 440 2056 nervum
460 2029 620 2069 erumpat.
647 2017 898 2056 PERIZON.
1144 2029 1202 2068 30.
1230 2019 1350 2054 Nullis
1371 2017 1503 2055 obviam
1529 2020 1576 2056 ire
1605 2019 1819 2069 audentibus]
1849 2021 2004 2062 Veteres
2024 2026 2066 2063 li·

126 2070 184 2107 28.
210 2070 291 2117 Ntfi
308 2069 360 2106 his
381 2069 577 2119 occurretur]
607 2069 666 2106 Sic
687 2068 785 2105 ree’te
803 2068 949 2117 Pighius
963 2097 972 2112 ,
994 2080 1039 2107 cx

72 2121 140 2158 suis
162 2119 273 2158 credo
286 2120 392 2157 MSS.
405 2131 490 2157 cum
511 2130 595 2158 ante
615 2131 701 2157 eum
716 2118 885 2156 ederetur
897 2119 946 2165 ,si
961 2134 1041 2164 non,

71 2172 131 2209 sed
152 2171 305 2208 alterum
328 2171 538 2219 praeferunt
557 2171 663 2207 MSS.
691 2169 766 2206 mei
786 2169 824 2205 δε
846 2169 913 2206 Ed.
932 2170 1040 2218 Mog.

72 2234 116 2260 ac
142 2221 300 2259 Mediol.
336 2222 374 2257 in
401 2220 473 2258 fine
504 2220 610 2259 Harl.
646 2222 703 2270 qui
731 2232 771 2254 ne
790 2219 955 2265 sententia
974 2222 1040 2268 sua

65 2275 358 2371 peliegiugepuffis
378 2320 614 2371 prostratisque
642 2318 847 2355 inimicorum
887 2318 1038 2364 artibus,

72 2373 188 2424 Sulla]
226 2374 368 2415 Vetus,
399 2370 574 2420 dispulsis,
604 2367 639 2405 id
659 2369 730 2413 est,
757 2367 846 2417 disje
886 2370 912 2407 is
942 2369 1036 2407 diffi-

70 2425 233 2474 patisque
247 2452 257 2469 ‚
284 2422 387 2472 quod
407 2421 537 2470 probo.
589 2419 657 2458 Sed
678 2421 716 2458 &
737 2419 910 2458 voculam
924 2448 935 2465 ,
963 2423 1034 2457 Ini-

69 2478 220 2512 micorum
234 2503 246 2517 ‚
266 2474 378 2511 libens
395 2473 455 2509 hic
475 2470 715 2520 expunxerim
730 2497 740 2514 ,
768 2469 968 2509 immissam
990 2471 1034 2510 ab

68 2527 110 2563 iis
133 2528 197 2576 qui
215 2525 378 2562 Partium
401 2533 542 2560 nomen
562 2521 651 2572 quid
669 2521 805 2559 valeret
826 2533 954 2570 parum
976 2533 1035 2561 ca-

68 2577 225 2625 piebant.
253 2575 372 2612 LIPS.
424 2574 586 2623 Depulsts.
616 2573 723 2619 Lego
745 2583 831 2610 cum
856 2572 915 2610 lib.
936 2573 1034 2612 Dan.

66 2628 237 2677 Dispulfis
252 2655 261 2670 ‚
288 2626 324 2663 id
353 2624 424 2668 est,
451 2623 628 2673 disjeeiis,
653 2622 859 2665 disturbatis.
909 2624 958 2662 Et
982 2625 1031 2664 ita

66 2678 219 2727 Lipfius.
247 2676 440 2714 COLER.
491 2674 653 2723 Dispulfis
666 2676 899 2724 prostrattfijue
917 2676 1033 2711 inimi-

64 2743 171 2765 corum
183 2728 350 2778 partibus.
379 2727 431 2764 Ita
453 2737 537 2763 cum
552 2724 678 2773 Lipfio
700 2726 736 2763 δε
749 2725 886 2763 Colero
905 2724 1030 2775 legen-

69 2780 159 2817 dum
178 2779 332 2816 arbitror
350 2789 417 2826 pro
438 2789 484 2813 eo
502 2775 603 2825 quod
613 2775 930 2824 Aldus&Pighius
952 2777 1030 2815 edi-

68 2830 155 2867 dere
175 2827 325 2879 depulfis.
360 2827 510 2866 Habent
529 2827 610 2864 sane
629 2826 677 2864 ita
696 2827 733 2864 ὃ(
752 2825 897 2864 codices
915 2827 1029 2866 Bran-

63 2880 146 2918 deb.
173 2880 348 2928 vetusque
370 2878 465 2927 typis
488 2890 585 2927 expr.
605 2877 756 2914 Martini
777 2877 929 2926 Herbip.
966 2880 1027 2917 Est

63 2940 190 2970 autem
217 2929 368 2981 dispulsis
399 2929 497 2967 idem
528 2928 631 2980 quod
659 2926 829 2978 disjeais,
854 2926 1027 2980 dsffipatis.

1090 2066 1164 2113 bri,
1194 2069 1300 2105 Nullo
1317 2069 1451 2106 obviam
1470 2072 1518 2106 ire
1535 2068 1684 2110 audente.
1712 2072 1851 2109 PIGH.
1882 2074 1934 2112 Ita
1951 2076 2063 2115 etiam

1092 2119 1200 2157 MSS.
1226 2120 1337 2157 nostri
1360 2131 1446 2158 cum
1462 2120 1531 2158 Ed.
1555 2123 1661 2170 Mog.
1685 2123 1724 2160 ὃς
1744 2122 1900 2161 Mediol.

1142 2181 1202 2218 31.
1227 2172 1457 2206 Trueuflentim
1478 2171 1546 2218 fibi
1576 2175 1749 2209 minitanti
1776 2174 1908 2223 Syllae]
1944 2176 2062 2217 Andr,

1091 2217 1262 2256 schottus
1284 2220 1322 2256 in
1343 2220 1428 2257 cod.
1447 2221 1512 2258 suo
1543 2224 1676 2271 reperit
1705 2226 1822 2261 trucul.
1834 2224 1902 2270 fibi
1921 2228 2060 2274 instanti

1088 2271 1214 2317 Syllae.
1251 2269 1444 2309 VORST.
1495 2271 1600 2309 Barb.
1628 2273 1734 2321 prim.
1763 2276 1903 2321 Instanti
1931 2279 1978 2313 αἶ’
1996 2294 2060 2315 mi-

1088 2331 1199 2357 nante.
1221 2320 1259 2357 δε
1278 2318 1326 2357 fic
1343 2321 1486 2369 prorsus
1506 2322 1612 2360 Leid.
1632 2323 1719 2361 sext.
1737 2327 1911 2364 minitanti
1936 2331 2057 2376 potius

1086 2369 1199 2417 gloffa
1220 2369 1366 2409 videtur
1385 2371 1417 2411 ΞΓ
1434 2374 1572 2417 instanti
1585 2401 1595 2417 ,
1615 2386 1727 2423 quam
1752 2384 1891 2415 contra.
1917 2379 2053 2416 Exem-

1085 2420 1149 2469 plo
1177 2421 1351 2471 sequenti.
1403 2423 1508 2470 Instat
1535 2424 1597 2460 tibi
1617 2436 1714 2463 torvo
1738 2431 1839 2465 vulta
1856 2431 1960 2465 minas
1973 2439 2053 2478 pro-

1078 2469 1222 2518 fundens
1238 2472 1431 2520 ampltſjima
1441 2477 1594 2522 potestas.

1137 2534 1195 2572 32.
1227 2521 1318 2571 Quid
1330 2524 1515 2574 faeminae]
1547 2525 1745 2566 Mulierem
1761 2558 1769 2573 ‚
1784 2541 1888 2566 more
1909 2530 2049 2566 Roma-

1086 2584 1223 2612 norum
1252 2574 1447 2622 peculiari,
1475 2577 1636 2614 comitiis
1665 2579 1823 2628 foroque
1850 2590 1971 2615 carere
1992 2579 2048 2616 so-

1082 2622 1206 2670 litam,
1233 2623 1313 2662 satis
1330 2625 1377 2663 est
1394 2634 1542 2665 notum.
1580 2628 1662 2665 Nee
1683 2629 1777 2666 adeo
1799 2629 1953 2675 arrogari
1977 2641 2046 2677 po·

1081 2682 1197 2721 terat,
1215 2683 1256 2713 ut
1276 2674 1387 2714 docet
1398 2678 1560 2726 Agellius
1580 2677 1638 2715 lib.
1661 2692 1695 2716 v.
1717 2691 1745 2715 c.
1770 2691 1825 2725 19.
1853 2680 2045 2725 COLER2.

1133 2738 1191 2777 33.
1219 2729 1348 2775 Priftae
1364 2726 1619 2777 consuetudinis]
1652 2729 1734 2765 Ian
1752 2729 1845 2777 ipsae
1865 2729 1971 2778 leges.
2008 2732 2042 2768 Ῑ-

1078 2776 1228 2828 deoque
1247 2777 1432 2825 eleganter
1453 2779 1619 2816 Valerius
1640 2779 1720 2816 alibi
1740 2778 1892 2827 scripsit:
1921 2785 2041 2831 Legem

1075 2830 1224 2865 utilitati
1247 2827 1363 2867 cedere.
1414 2830 1469 2868 Ea
1501 2827 1613 2867 caussa
1641 2829 1763 2878 Scipio
1783 2830 1967 2868 obstaculo
1990 2834 2042 2870 le-

1077 2879 1130 2927 gis
1165 2879 1335 2927 impediri
1361 2880 1396 2917 se
1422 2892 1499 2917 non
1530 2880 1577 2917 est
1595 2877 1731 2928 passus,
1767 2891 1853 2918 cum
1881 2883 2041 2930 privatus

1078 2931 1252 2979 patefecit
1280 2932 1471 2972 aerarium.
1533 2931 1584 2968 Ea
1612 2929 1728 2971 cauffa
1755 2940 1882 2970 contra
1916 2932 2037 2979 legem

1564 2981 1624 3018 Rr
1650 2992 1670 3017 2
1949 2978 2039 3023 Por-
