2516 3509
351 102 461 156 680
505 96 678 152 vat..
719 78 916 148 Max.
961 80 1530 146 L13.V11.CAP.V1.
1575 78 1681 138 DE
1714 78 2292 143 NECESSITATE:

355 193 597 241 visceribus
632 192 715 239 suis
749 189 886 237 aleret
907 221 922 248 ‚
969 184 1170 233 infelices
1214 177 1259 220 ⁴18
1296 178 1567 227 cadaverum
1602 178 1806 243 reliquias
1841 181 1963 229 salire
1996 199 2090 230 non
2121 180 2365 229 dubitavit.

357 282 403 312 49
442 273 515 319 En
550 287 685 335 quam
721 268 879 332 aliquis
913 268 959 313 in
992 265 1087 312 acie
1121 262 1411 318 hortaretur,
1444 271 1498 305 ut
1529 273 1614 322 pro
1650 256 1786 305 salute
1822 264 2078 328 conjugum
2125 262 2174 309 ὃς
2205 261 2372 309 libero-

359 363 461 393 rum
498 347 677 394 fortiter
713 342 989 394 dimicaret!
1046 342 1122 388 Ex
1166 339 1259 385 hoc
1307 336 1523 383 nimirum
1570 335 1699 383 hoste
1740 348 1869 384 tanto
1902 337 2011 385 duci
2046 354 2192 402 poena
2225 340 2369 403 magis

363 444 498 490 quam
537 427 726 474 vidtoria
762 423 957 489 petenda
991 420 1104 467 fuit:
1140 424 1183 456 50
1209 417 1316 481 quia
1349 415 1450 479 plus
1484 415 1740 464 vindicatus
1773 415 2016 476 libertatis,
2052 434 2187 481 quam
2221 418 2368 466 vistus

361 504 535 566 gloriae
570 505 729 550 afferre
765 503 951 566 potuit3
989 514 1097 545 cum
1127 511 1264 544 omne
1298 492 1555 558 serpentum
1589 510 1639 540 ac
1675 493 1867 541 ferarum
1892 510 2033 559 genus
2061 499 2368 561 comparatio-

359 598 415 627 ne
450 584 512 630 sui
549 583 687 630 titulo
724 581 911 627 feritatis
955 577 1186 641 superarit.
1253 573 1382 620 Nam
1429 588 1543 635 quae
1579 572 1664 618 illis
1697 570 1848 618 dulcia
1881 574 2002 620 vitae
2033 574 2226 636 pignora
2260 590 2368 637 pro-

356 662 458 724 prio
493 661 653 724 spiritu
686 659 892 706 chariora
922 656 1050 715 sunt,
1073 671 1124 703 ea
1136 651 1489 718 Calagurritanis
1524 651 1708 715 prandia
1738 664 1874 715 atque
1902 665 2068 698 coenae
2098 653 2366 700 extiterunt.

361 806 431 841 tim
461 816 504 841 ex
536 804 629 842 libro
652 805 750 842 Dan.
778 803 911 853 partim
943 814 989 840 ex
1022 808 1222 851 praecepto
1242 798 1342 836 Dio-

365 854 484 893 medis
515 857 762 893 Grammatici
789 854 1024 892 vetustiffimi.
1054 852 1249 891 COLER.

424 919 485 954 49.
532 911 582 944 En
605 936 614 951 ,
659 922 756 956 quem
798 909 922 956 aliquis
955 909 990 942 m
1017 907 1086 941 acie
1121 896 1337 947 hortaretur]

371 957 540 995 Sufianus
562 960 599 995 &
623 957 910 995 Pulmannianus
930 968 994 1004 per
1013 955 1344 1002 interrogationem

368 1010 563 1058 proferunt
591 1008 666 1045 hoc
698 1008 816 1045 modo
839 1037 849 1051 ‚
888 1010 1011 1044 Eamne
1039 1020 1188 1055 unquam
1216 1005 1344 1052 aliquis

369 1076 405 1095 m
432 1062 500 1095 atie
528 1061 745 1096 hortaretur?
774 1059 1016 1104 Juventuteln
1046 1056 1229 1104 intelligit.
1281 1052 1345 1090 Se-

371 1112 495 1160 quitur
521 1111 624 1147 locus
655 1109 820 1148 asterisco
851 1108 1034 1146 notandus
1056 1136 1066 1152 ‚
1111 1119 1226 1156 quem
1267 1115 1346 1141 non

373 1161 552 1209 intelligo.
604 1164 699 1209 ,Quia
726 1162 803 1210 plus
831 1158 1024 1195 vindttatus
1047 1187 1058 1202 ‚
1097 1166 1170 1194 σε.
1205 1155 1348 1195 PIGH.

376 1217 498 1248 Eamne
523 1226 670 1260 unquam
699 1213 827 1262 aliquis
865 1213 900 1246 in
926 1212 994 1246 acie
1018 1210 1215 1246 hortaretur.
1270 1207 1348 1243 Ve—

372 1272 430 1300 tus
462 1264 629 1310 optime,
661 1264 735 1307 En,
758 1276 853 1312 quem
874 1262 1024 1310 aliquis,
1049 1259 1208 1297 irrisorio
1226 1257 1289 1295 illo
1311 1258 1348 1295 δε

377 1313 612 1351 dissimulanti
654 1324 789 1361 genere
824 1312 1016 1349 sermonis.
1055 1310 1177 1348 LIPS.
1227 1312 1350 1346 Eamne

375 1378 536 1415 unquam.
565 1363 707 1413 Lipfius
738 1367 789 1400 En
819 1378 914 1414 quem
942 1364 1082 1412 altquis.
1117 1360 1253 1398 Nlelius
1286 1359 1349 1397 illo

379 1416 439 1452 lib.
465 1415 614 1453 Daniel.
644 1419 695 1450 En
712 1429 870 1464 unquam.
895 1414 948 1451 ita
964 1414 1068 1462 saepe
1088 1411 1353 1455 PlautuS‚Te-

378 1474 472 1504 rent.
507 1467 627 1503 Cicer.
662 1466 793 1514 Virgil.
826 1465 906 1502 sunt
934 1465 1061 1502 locuti.
1102 1461 1349 1500 Gloffarium:

379 1521 430 1555 En
451 1531 619 1567 unquam,
650 1513 762 1553 εἴποτε
787 1523 815 1564 ’ς
845 1519 941 1552 ποτέ.
965 1515 1157 1552 COLER.
1185 1518 1235 1550 En
1251 1527 1352 1563 quam

378 1570 506 1617 aliquis
533 1570 568 1603 in
594 1569 664 1603 acie
691 1568 890 1605 hortaretur.
919 1567 973 1603 Ita
998 1566 1198 1614 legendum
1231 1564 1354 1602 censet

384 1619 602 1656 Gronovius
629 1618 667 1655 in
696 1618 806 1655 Notis
833 1617 880 1654 ad
908 1617 1007 1654 Livii
1040 1619 1083 1654 L.
1116 1628 1200 1653 xxx.
1233 1627 1264 1653 c.
1291 1627 1352 1653 21.

383 1669 434 1707 Et
461 1669 598 1707 habent
629 1669 708 1706 fere
745 1670 794 1706 ita
821 1676 926 1706 vetus
955 1669 1069 1706 editio
1099 1667 1236 1705 Aldina
1257 1693 1267 1709 ‚
1314 1667 1353 1704 ὃ(

385 1731 479 1757 unus
506 1719 615 1761 codd,
642 1719 889 1767 Brandeburg.
919 1719 999 1756 MS.
1023 1719 1194 1757 Tantum
1224 1727 1353 1765 perpe-

385 1782 465 1808 ram
496 1773 533 1809 in
565 1771 604 1808 iis
631 1770 680 1807 est
707 1785 802 1820 quem
837 1782 905 1818 pro
931 1783 1048 1820 qnam.
1100 1769 1265 1806 Pertinet
1292 1779 1355 1804 au-

384 1830 463 1859 tem
492 1822 580 1860 illud
607 1835 708 1870 quam
736 1821 780 1858 ad
804 1822 1043 1869 juventutem
1074 1819 1119 1856 de
1152 1830 1223 1868 qua
1252 1829 1355 1867 prae·

389 1873 492 1910 dixit.
551 1872 788 1909 Simillimum
824 1871 909 1908 huic
947 1871 994 1908 est
1031 1870 1136 1920 quod
1169 1870 1264 1906 infra
1299 1881 1353 1906 1x.

392 1936 448 1962 12.
479 1935 511 1973 3.
536 1923 692 1972 legitur,
729 1927 779 1958 En
807 1924 858 1957 cus‘
881 1924 1073 1957 Numantia
1092 1919 1272 1957 excidenda
1290 1930 1358 1955 tra-

390 1974 532 2012 deretur.
587 1975 634 2012 Et
663 1973 767 2023 quod
786 1972 973 2018 >luvenalis
999 1972 1070 2010 Sat.
1098 1984 1169 2009 vn.
1198 1972 1271 2015 ait,
1308 1973 1359 2007 En

389 2028 441 2061 cui
479 2036 516 2061 tu
561 2024 706 2062 ‘viridem
746 2023 955 2066 umbellam,
1001 2024 1051 2059 cui
1078 2024 1211 2070 succina
1241 2022 1360 2057 mittas

397 2075 565 2113 Grandia.
617 2075 753 2124 Estque
782 2076 819 2112 in
857 2074 988 2112 talibus
1014 2075 1133 2111 ironia
1162 2071 1362 2123 quaedam.

394 2127 443 2164 Et
468 2127 586 2164 sensus
615 2126 765 2176 quidem
795 2125 855 2162 hic
889 2126 935 2162 est
956 2153 966 2169 ‚
1011 2136 1094 2162 eam
1118 2125 1359 2173 juventutem

395 2189 492 2227 quae
522 2188 654 2214 uxores
686 2178 723 2214 δε
749 2176 880 2213 liberos
912 2174 1139 2213 instaverat
1161 2203 1170 2219 ‚
1218 2175 1364 2212 moneri

396 2229 548 2272 frustra,
576 2237 615 2266 ut
638 2239 705 2276 pro
735 2227 846 2265 salute
868 2228 1072 2275 conjugum
1104 2226 1363 2264 &liberorum

397 2280 544 2319 fortiter
562 2279 600 2315 in
618 2279 696 2315 acie
719 2277 880 2316 dimicet.
932 2278 1082 2327 Pighius
1103 2277 1238 2320 edidit,
1266 2280 1366 2313 Eam-

396 2346 437 2367 ne
465 2343 614 2380 unquam
638 2331 766 2380 aliquis
798 2331 835 2365 in
865 2329 933 2365 acie
956 2330 1156 2366 hortaretur.
1210 2328 1258 2366 Et
1289 2328 1367 2365 CO—

398 2382 496 2421 lerus
508 2409 518 2425 ‚
546 2383 597 2418 En
613 2394 760 2430 unquam
779 2380 906 2429 aliquis
925 2380 962 2416 in
980 2383 1050 2416 acie
1067 2380 1267 2416 hortaretur.
1297 2378 1368 2417 Sed

400 2432 460 2469 ille
499 2431 707 2480 elegantem
746 2430 850 2467 usum
888 2431 1046 2467 voculae
1086 2434 1136 2467 En
1183 2429 1365 2478 neglexit.-

400 2484 462 2522 hic
482 2494 530 2520 ne
552 2481 800 2520 accusativum
828 2479 977 2529 quidem
1000 2481 1112 2518 habet
1137 2482 1201 2529 qui
1221 2480 1265 2516 ad
1286 2492 1370 2518 ver·

402 2535 493 2572 bum
522 2534 714 2570 hortaretur
748 2531 940 2580 pertineat.
974 2531 1171 2568 VORST.
1218 2531 1371 2568 Grono-

403 2587 486 2623 vius
517 2583 616 2622 reete
641 2583 751 2632 legit,
777 2597 818 2619 en
836 2596 938 2632 quam
965 2583 1092 2628 aliquis
1108 2609 1118 2625 ,
1142 2580 1203 2617 sed
1225 2582 1368 2630 itaJam

406 2636 594 2674 Oliverius
615 2635 653 2673 δε
674 2632 874 2672 Ascenfius.
895 2632 1141 2670 PERIZON.
1165 2631 1234 2669 Bit.
1262 2632 1371 2680 prim.

408 2692 451 2724 Ee
478 2700 649 2737 nunquam
675 2686 814 2734 aliquis.
841 2682 945 2721 Med.
972 2683 1080 2732 prim.
1119 2697 1198 2718 enne
1226 2697 1374 2732 unquam

410 2739 551 2787 aliquis.
584 2737 653 2774 sec.
690 2740 813 2773 Eamne
847 2748 1005 2785 unquam.
1042 2732 1138 2770 Uitr.
1174 2734 1279 2780 prim.
1326 2737 1375 2770 En

409 2791 488 2839 quis
518 2802 665 2837 unquam
695 2801 780 2824 eam.
813 2785 881 2822 sec.
908 2785 1013 2822 Harl.
1042 2784 1145 2821 Barb.
1174 2784 1280 2820 Leid.
1306 2791 1377 2820 tres

407 2843 461 2875 En
479 2852 573 2888 quem
593 2840 733 2886 aliquis.
751 2835 985 2885 Leid.quint.
998 2835 1134 2873 &sext.
1160 2838 1210 2872 En
1231 2848 1378 2884 unquam

405 2891 546 2939 aliquis.
574 2888 691 2925 Sedin
712 2889 798 2925 sext.
825 2887 989 2928 additur,
1024 2887 1073 2922 αἶ’
1091 2901 1130 2922 en
1149 2900 1256 2936 quem.
1281 2886 1380 2922 Ven.

405 2939 499 2980 Edd.
527 2942 577 2975 En
606 2953 753 2986 unquam
782 2940 936 2988 aliquis,
957 2936 1086 2979 Refie.
1117 2939 1170 2976 En
1188 2950 1289 2989 quam
1315 2937 1382 2974 ali-

404 2992 479 3041 qais
505 2989 672 3030 Vorstius
698 2989 859 3030 restituit.

1444 810 1503 845 50.
1531 799 1625 847 Quia
1648 799 1726 846 plus
1753 795 1946 834 vindicatus
1972 793 2164 839 libertatis,
2189 809 2291 844 quam
2319 796 2377 833 vi·

1393 849 1465 884 {lus
1486 851 1622 899 gloriae
1650 847 1771 899 afferre
1799 846 1931 897 potuit]
1968 847 2377 895 HaeCPighius‘UOta-

1395 898 1449 935 vit
1477 900 1665 937 asterisco:
1710 903 1820 948 seque
1849 910 1891 935 ea
1920 909 1999 934 non
2029 898 2232 946 intelligere
2259 899 2375 947 profi-

1396 957 1506 987 tetur..
1563 951 1658 987 Mihi
1689 951 1735 988 ad
1760 948 2039 997 intelligendum
2073 961 2150 986 non
2181 949 2275 987 adeo
2307 949 2378 987 dif-

1399 999 1508 1038 ficilia
1528 1002 1711 1039 videntur.
1754 1000 1845 1037 Vult
1863 1001 2041 1036 nimirum
2066 1000 2235 1037 Valerius
2256 1025 2268 1043 ‚
2295 1000 2375 1048 plus
2401 1036 2403 1038 .

1398 1050 1601 1097 libertatis,
1646 1051 1670 1088 fi
1703 1051 1970 1100 Calagurritani
1998 1050 2296 1095 vindicarentur,
2338 1051 2375 1089 id

1401 1102 1448 1139 est
1471 1130 1481 1146 ‚
1515 1105 1735 1152 punirentur
1757 1133 1765 1146 ,
1812 1102 2000 1140 conciliari
2032 1100 2188 1148 potuiffe
2208 1126 2221 1143 ‚
2261 1114 2376 1151 quam

1401 1153 1565 1202 gloriae,
1602 1153 1627 1191 fi
1659 1154 1906 1191 vincerentur.
1936 1151 2132 1190 VORST.
2176 1154 2270 1203 Quia
2295 1155 2376 1202 plus

1401 1203 1592 1241 multtatus
1624 1205 1816 1249 libertatis,
1847 1217 1947 1253 quam
1972 1205 2080 1238 viam
2106 1205 2239 1252 gloriae
2266 1203 2378 1249 adfer·

1400 1270 1436 1291 re
1460 1257 1583 1302 potuit.
1628 1257 1789 1304 ingenue
1816 1255 1950 1292 fatetur
1974 1254 2120 1302 Pighius
2151 1254 2189 1290 in
2220 1254 2378 1293 secunda

1403 1306 1570 1344 editione
1600 1306 1634 1343 se
1659 1307 1750 1344 haec
1780 1317 1858 1342 non
1888 1305 2090 1352 intelligere
2114 1333 2122 1348 ‚
2168 1303 2374 1355 locumque

1402 1357 1568 1395 asterisco
1592 1358 1750 1395 notavit.
1809 1356 1975 1393 Vorstius
1997 1356 2084 1392 dum
2109 1355 2290 1404 explicate
2314 1368 2380 1394 co·

1403 1417 1510 1445 natur
1535 1410 1699 1446 maxime
1718 1408 1753 1446 se
1775 1406 1970 1444 ridiculum
1995 1406 2157 1443 exhibet.
2182 1407 2252 1443 Cui
2274 1408 2375 1445 enim

1402 1459 1608 1497 libertatem
1653 1459 1797 1497 adferre
1839 1458 1959 1507 potuit
1999 1456 2202 1495 vindicatus
2238 1457 2376 1496 hostis?

1405 1509 1431 1547 fi
1460 1510 1551 1558 ipsi,
1588 1522 1666 1548 non
1698 1519 1774 1548 erat
1802 1508 1861 1547 illa
1891 1520 2011 1557 poena
2042 1508 2102 1545 sed
2130 1507 2375 1547 beneficium:

1406 1561 1431 1598 fi
1453 1561 1666 1610 Pompejo,
1697 1572 1787 1610 ergo
1818 1560 1880 1609 qui
1907 1559 2106 1608 imperium
2136 1558 2307 1608 gerebat,
2333 1559 2377 1597 li-

1406 1611 1546 1650 bertate
1577 1611 1719 1650 caruit?
1746 1613 1853 1655 sane,
1882 1610 1906 1647 fi
1928 1619 2200 1659 expungeretur
2227 1622 2304 1648 vox
2333 1612 2378 1646 li.

1406 1662 1572 1707 bertatt‘s,
1601 1665 1729 1701 omnia
1760 1660 1872 1701 effent
1899 1661 1980 1699 sana
2002 1663 2040 1699 &
2061 1672 2240 1711 perquam
2273 1673 2377 1699 com-

1405 1715 1532 1751 moda.
1582 1714 1701 1763 Quod
1738 1713 1763 1750 fi
1794 1714 1853 1751 cui
1884 1712 1976 1750 haec
2006 1712 2183 1750 audacior
2212 1712 2380 1750 videatur

1406 1765 1616 1809 medicina,
1642 1765 1842 1814 legendum
1875 1764 1973 1801 forte
2001 1775 2069 1812 pro
2089 1774 2136 1800 eo
2159 1764 2380 1812 Imperatori.

1405 1815 1465 1852 vel
1494 1817 1684 1864 imperanti.
1720 1815 1767 1852 fic
1787 1827 1831 1852 vr
1843 1827 1872 1852 1.
1894 1826 1927 1859 7.
1951 1826 1981 1852 r.
2008 1815 2192 1850 militantis
2210 1813 2382 1863 cujusdam

1403 1877 1502 1915 pater
1533 1878 1600 1914 pro
1634 1868 1769 1904 militis.
1804 1865 2048 1903 PERIZON.
2097 1866 2177 1900 Plus
2213 1864 2385 1902 libertatis

1410 1917 1567 1965 explicat
1598 1916 1788 1954 Ascenfius
1809 1943 1820 1960 ,
1862 1930 1932 1952 cum
1960 1916 2026 1952 tali
2049 1917 2171 1965 populo
2190 1943 2202 1958 ,
2247 1927 2384 1967 tamque

1412 1970 1512 2017 impio
1536 1996 1545 2011 ‚
1568 1970 1728 2012 vivente,
1758 1981 1939 2016 numquam
1968 1977 2044 2002 tuta
2064 1965 2124 2014 esse
2151 1965 2288 2004 libertas
2313 1970 2388 2016 pos-

1403 2019 1466 2065 fit.
1495 2019 1667 2067 Guyetus
1694 2017 1917 2067 conjiciebat
1937 2018 2114 2059 lenitatm
2143 2017 2246 2066 quod
2266 2029 2385 2068 aeque

1415 2080 1495 2106 non
1525 2069 1702 2118 intelligo.
1764 2069 1938 2106 Omnino
1971 2067 2141 2105 censeam
2175 2080 2261 2106 cum
2285 2069 2387 2106 Peri-

1414 2121 1529 2157 zonio
1569 2119 1859 2170 expungendum
1899 2118 1987 2156 illud
2033 2118 2200 2156 libertatis
2221 2135 2231 2163 3
2283 2119 2388 2171 quod

1415 2171 1521 2219 poflit
1550 2180 1679 2209 natum
1709 2171 1825 2208 videri
1857 2181 1878 2207 e
1908 2167 2023 2219 glossa
2043 2197 2054 2214 ,
2096 2182 2169 2219 qua
2198 2171 2279 2219 quis
2308 2172 2389 2209 vin-

1416 2222 1547 2258 dtcatus
1584 2222 1800 2271 explicuerit
1827 2220 2000 2259 liberatus.
2053 2222 2153 2259 Nam
2184 2230 2223 2259 ut
2248 2233 2391 2272 tmpera-

1418 2276 1483 2310 tori
1510 2273 1571 2310 vel
1596 2275 1774 2323 imperanti
1802 2271 1899 2321 legas
1919 2300 1930 2316 ,
1974 2283 2055 2309 non
2086 2271 2232 2309 videtur
2250 2300 2260 2317 ,
2302 2275 2388 2323 quia

1419 2325 1545 2372 paucis
1585 2325 1702 2362 verbis
1732 2332 1817 2362 ante
1844 2322 2032 2372 praecessit
2062 2321 2134 2358 duri
2165 2333 2272 2361 tanto.
2330 2324 2393 2361 In-

1419 2384 1519 2413 terea
1549 2375 1657 2413 MSS.
1689 2382 1839 2413 mutant
1864 2373 1967 2412 nihil.
2018 2373 2096 2410 Nifi
2126 2373 2226 2423 quod
2252 2375 2288 2411 in
2316 2374 2391 2413 Bas.

1419 2426 1465 2464 ad
1488 2427 1693 2475 marginem
1714 2425 1773 2463 est.
1804 2429 1854 2460 Ex
1868 2425 1923 2461 hoc
1942 2426 2100 2461 nimirum
2119 2424 2204 2472 hoste
2221 2423 2296 2462 duci
2312 2437 2391 2475 poe-

1420 2491 1465 2513 na
1487 2479 1590 2527 quam
1610 2478 1754 2515 viftoria
1771 2474 1914 2526 petenda
1928 2477 2013 2522 fuit.
2039 2476 2128 2521 Quia
2147 2477 2220 2524 plus
2241 2476 2395 2514 vindica-

1422 2539 1477 2565 tus
1496 2527 1612 2565 liberis
1637 2529 1730 2565 natis
1745 2556 1755 2572 ,
1781 2541 1884 2576 quam
1908 2528 2021 2562 vic‘lus
2040 2527 2173 2576 gloriae
2192 2526 2321 2574 adferre
2339 2539 2394 2577 po-

1424 2581 1502 2616 tuit.
1530 2579 1632 2629 quod
1655 2577 1893 2617 occasionem
1925 2576 2025 2614 dedit
2045 2576 2210 2615 Klokkio
2240 2579 2290 2616 ita
2309 2578 2393 2616 scri-

1424 2629 1545 2667 bendi.
1575 2631 1753 2679 Agnosco
1772 2626 1925 2677 glossam
1949 2629 1987 2665 &
2006 2627 2219 2673 defe&un‘t;
2245 2629 2330 2678 lego
2352 2630 2390 2667 &

1425 2680 1559 2728 expleo
1576 2681 1762 2718 lacunam.
1774 2681 1864 2728 Qia
1879 2680 1958 2729 plus
1977 2677 2169 2715 vindicatus
2191 2681 2396 2726 interemptis

1427 2731 1618 2782 conjugtbus
1639 2731 1818 2781 liberisque
1832 2731 1957 2779 piaculi
1974 2728 2055 2766 dare
2068 2759 2078 2774 ‚
2095 2744 2196 2780 quam
2215 2731 2324 2767 viflus
2341 2731 2392 2765 τί·

1428 2782 1510 2817 Hori
1523 2783 1655 2830 gloriae
1673 2781 1803 2825 adferre
1819 2782 1941 2830 potuit.
1962 2780 2140 2818 Ceterum
2160 2782 2230 2819 hac
2248 2780 2394 2818 audacia

1431 2830 1457 2868 fi
1476 2833 1623 2871 vetustis
1651 2832 1882 2882 scriptoribus
1901 2830 2127 2870 medicinam
2156 2834 2276 2872 facere
2305 2829 2394 2867 veli-

1433 2894 1535 2924 mus,
1564 2886 1692 2922 omnia
1708 2885 1787 2933 jam
1809 2883 1927 2922 facilia
1949 2884 2253 2932 erunt&prona‚
2273 2892 2396 2929 neque

1434 2932 1526 2970 ullus
1544 2932 1647 2972 locus
1666 2935 1762 2975 adeo
1782 2934 2059 2980 conclamatus,
2087 2943 2126 2974 ut
2144 2932 2276 2974 restitui
2293 2930 2396 2970 nullo

1435 2985 1594 3033 negotio
1613 2986 1732 3034 poffit.
2294 3033 2337 3079 C
