2516 3509
313 106 489 164 vAL.
533 104 735 162 MAX.
775 104 899 162 Lm.
938 106 1041 167 ix.
1084 111 1228 172 CAP.
1267 115 1339 174 x.
1406 120 1507 176 DE
1557 120 1956 179 ULTioNE.
2036 123 2144 193 837

210 209 286 258 M.
320 203 500 252 Flavius
536 208 551 239 3
590 201 696 248 trib.
732 200 849 264 pleb.
886 202 939 249 ad
974 207 1201 269 populum
1235 210 1291 258 de
1323 214 1592 266 Tusculanis
1627 219 1812 277 retulit,
1858 225 1880 256 4
1913 216 2041 281 quod
2074 231 2141 263 eo·
2238 227 2273 265 1.

144 306 239 340 rum
272 286 429 346 confilio
461 284 692 330 Veliternos
712 315 729 341 ,
771 286 1116 349 Privernatesque
1148 292 1361 340 rebellatos
1396 295 1581 344 diceret.
1649 299 1749 358 Qii
1784 315 1890 345 cum
1925 276 2347 361 conjugi—ffss'fflffis

149 365 236 412 bus
258 399 273 424 ,
304 380 354 410 ac
387 363 534 409 liberis
569 361 771 425 squalore
803 360 937 408 obsiti
961 398 976 421 ,
1019 381 1124 412 cum
1159 366 1380 431 supplices
1414 373 1618 420 Romam
1654 374 1892 421 venissent:
1939 373 2238 434 accidizvm.

147 457 202 491 ut
234 442 415 506 reliquis
437 441 644 488 tribubus
666 440 899 487 salutarem
933 441 1193 491 sententiam
1228 446 1415 509 secutis,
1451 450 1541 497 sola
1563 452 1691 498 Polia
1707 453 1960 516 judicaret,
1995 471 2132 518 opor-

146 535 242 570 tere
276 521 459 588 publice
490 538 566 568 eos
600 520 855 567 verberatos
890 519 1031 568 securi
1064 526 1242 586 percuti
1271 544 1280 572 ε
1335 528 1564 576 imbellem
1607 531 1948 578 multitudinem
1998 542 2010 570 5
2057 533 2139 581 sub.

148 619 319 652 corona
351 601 517 648 venire.
585 596 606 625 ⁶
652 597 809 657 Qum
857 598 919 644 ob
954 601 1144 648 caussam
1179 603 1357 665 Papiria
1390 606 1533 654 tribus
1559 642 1574 666 ,
1620 616 1637 648 7
1685 611 1731 655 in
1763 626 1850 673 qua
1884 610 2131 673 plurimum

147 683 302 749 postea
334 679 585 728 Tusculani
620 680 667 724 in
701 679 933 724 civitatem
970 682 1140 745 recepti
1183 696 1435 746 potuerunt
1458 720 1473 745 ‚
1518 688 1744 735 neminem
1790 701 1988 752 unquam
2033 709 2136 740 can-

148 761 353 808 didatum
389 758 543 808 Poliae
577 756 720 803 tribus
756 754 865 801 fecit
898 757 1207 820 magistratum
1235 777 1243 805 :
1287 777 1342 806 ne
1385 762 1438 808 ad
1473 779 1569 809 eam
1604 766 1719 812 ullus
1755 767 1900 814 honos
1932 768 2015 816 suis
2049 771 2134 817 suf-

149 840 300 902 fragiis
344 839 577 900 peveniret
600 871 615 896 ,
659 850 772 897 quae
812 834 896 881 illis
937 837 1077 884 vitam
1121 853 1174 885 ac
1222 838 1476 888 libertatem
1500 876 1515 901 2,
1562 858 1781 906 quantum
1815 847 1860 892 in
1894 847 1982 910 ipsa
2017 850 2133 913 fuit,

149 917 388 967 ademerat.

2074 1007 2134 1052 Il-

205 1141 241 1176 5.
268 1125 333 1164 Sub
360 1122 495 1173 corona]
534 1121 596 1160 Ad
626 1122 840 1171 exemplum
872 1122 969 1161 bello
995 1131 1122 1173 capto-

156 1191 262 1223 rum,
289 1177 352 1228 qui
378 1176 599 1224 plerumque
629 1174 754 1222 pileati
778 1175 840 1214 sub
867 1185 1008 1212 corona
1036 1187 1124 1212 vae-

155 1230 292 1266 nibant.
333 1229 414 1275 lege
452 1226 607 1264 Catonis
640 1225 766 1262 locum
804 1225 902 1273 apud
935 1226 1123 1273 Agellium

156 1281 241 1317 Lib.
264 1292 335 1317 vn.
363 1290 440 1323 04.
469 1277 662 1315 COLER.
691 1276 790 1313 Vide
810 1277 926 1314 Dion.
954 1278 1125 1315 Voffium

152 1331 199 1369 ad
231 1331 331 1368 Caes.
368 1330 452 1367 Lib.
481 1340 545 1366 111.
582 1327 657 1365 Bel.
696 1327 777 1364 Gal.
814 1339 844 1364 c.
878 1328 932 1365 16.
962 1329 1122 1366 Varron.

156 1382 205 1420 de
235 1383 293 1420 Re
322 1382 420 1418 Rust.
453 1381 534 1417 Lib.
562 1392 616 1416 ΙΙ.
648 1391 704 1416 10.
739 1389 799 1414 aut
818 1379 852 1426 fi
879 1393 896 1413 e
919 1378 1044 1426 praeda
1062 1381 1127 1428 sub

1175 1123 1362 1170 dicentur,
1390 1135 1430 1165 ut
1459 1128 1550 1165 haec
1577 1141 1662 1178 prae
1689 1129 1723 1167 se
1753 1130 1874 1169 ferunt
1895 1132 2033 1172 Valerii
2059 1147 2140 1173 vei·-

1176 1177 1232 1214 ba.
1285 1179 1600 1218 Transferendam
1622 1182 1746 1230 itaque
1773 1192 1864 1230 puto
1891 1196 2026 1222 vocem
2053 1192 2142 1234 post-

1176 1242 1214 1263 ea
1238 1255 1248 1271 ,
1285 1238 1396 1278 atque
1425 1231 1474 1267 ita
1501 1231 1700 1279 legendum
1729 1232 1800 1269 esse
1821 1262 1830 1276 ‚
1877 1236 1913 1270 ln
1941 1251 2007 1286 qua
2031 1240 2141 1285 pluri-

1178 1293 1265 1315 mum
1306 1281 1484 1329 Tusculani
1521 1284 1557 1317 in
1591 1284 1762 1318 civitatem
1794 1287 1909 1333 recepti
1943 1298 2146 1336 potuerunt,

1178 1332 1338 1366 neminem
1374 1335 1482 1379 postea
1518 1332 1733 1369 candidatum
1772 1336 1887 1370 Pollae
1926 1337 2029 1373 tribus
2059 1343 2143 1385 fecit

1180 1384 1424 1431 magistratum.
1478 1382 1621 1420 Indicat
1659 1383 1945 1432 quodammodo
1973 1389 2067 1425 hanc
2092 1390 2142 1426 le-

153 1447 269 1471 corona
299 1435 390 1469 emit.
416 1431 502 1478 Just.
532 1430 613 1466 Lib.
632 1441 719 1466 vm.
743 1442 777 1479 3.
801 1441 834 1478 3.
862 1429 944 1466 Lib.
973 1443 1017 1467 11.
1038 1443 1128 1486 437.

206 1484 240 1520 6.
268 1488 381 1533 ,Quam
401 1483 438 1517 ob
456 1488 586 1529 caujam
606 1482 738 1529 Popilia
758 1479 883 1530 tribus]
900 1480 1004 1518 Idem
1018 1483 1130 1518 Win-

157 1534 343 1572 chelianus
373 1533 492 1570 codex
523 1533 696 1578 Papiriam
724 1531 845 1567 tribum
876 1540 999 1569 vocat.
1054 1534 1129 1569 Re-

158 1585 240 1630 eie,
277 1597 363 1621 nam
395 1585 444 1621 ita
473 1585 583 1620 etiam
606 1583 747 1619 Livius.
800 1583 881 1619 Nec
912 1594 1134 1636 quenquam

158 1648 204 1672 ex
226 1638 321 1671 Polia
352 1635 440 1671 tribu
460 1633 696 1671 candidatum
726 1634 845 1670 ferme
874 1632 1001 1671 datum
1026 1637 1130 1683 Papi-

157 1689 244 1724 riam
273 1688 368 1722 serre
396 1686 555 1722 solitum.
584 1685 723 1721 PIGH.
750 1684 822 1720 Pro
843 1685 959 1719 Pollia
988 1685 1131 1734 aliquot

159 1749 180 1775 e
204 1737 332 1774 nostris
350 1736 485 1773 habent
509 1736 662 1785 Popilia;
692 1746 760 1783 pro
783 1736 941 1782 Papiria,
960 1738 1126 1784 vl’vpiria.

208 1800 241 1834 7.
276 1791 318 1824 In
346 1802 414 1836 qua
438 1788 620 1836 plurimum
641 1790 750 1835 postea
777 1786 954 1834 Tusculani
981 1787 1016 1821 in
1044 1788 1132 1821 civi-

155 1849 260 1875 tatem
285 1840 403 1887 recepti
426 1847 628 1887 potuerunt,
654 1842 815 1872 neminem
844 1850 992 1885 unquam
1017 1836 1132 1872 candi-

155 1889 272 1925 datum
299 1891 419 1926 Poliae
445 1888 551 1926 tribus
571 1889 657 1930 fecit
687 1886 939 1936 magistratum]
989 1886 1131 1925 Tuscu-

159 1940 232 1977 lani
262 1940 452 1977 civitatem
483 1950 660 1986 accepere
691 1949 777 1974 cum
805 1938 863 1974 M.
886 1937 1037 1974 Furium
1060 1938 1132 1976 Ca-

157 1991 304 2028 millum
339 2001 445 2039 agros
472 1989 677 2037 urbemque
711 2000 844 2025 eorum
875 1988 1053 2025 hostiliter
1075 1990 1132 2026 in-

155 2042 358 2080 vadentem
394 2051 486 2088 pace
514 2050 556 2076 ac
583 2038 655 2075 fide
682 2039 862 2075 constanti
883 2038 988 2075 nullis
1011 2050 1132 2088 oppo-

164 2093 236 2131 sitis
265 2091 373 2129 armis
399 2091 520 2127 amice
545 2097 790 2137 acceperunt,
818 2090 946 2126 omni-a
976 2090 1134 2137 potesta.-

158 2145 186 2181 ti
209 2146 471 2181 Romanorum
502 2140 631 2188 sponte
659 2140 899 2187 subjicientes.
938 2141 1023 2187 Qua
1044 2140 1131 2177 obe·

157 2194 295 2233 dientia
315 2204 393 2229 non
412 2191 530 2229 solum
549 2190 752 2227 amicitiam
769 2218 779 2234 ‚
812 2190 872 2226 sed
894 2190 1007 2237 &jus
1035 2191 1124 2228 civi-

158 2247 242 2284 tatis
274 2254 464 2284 meruere,
493 2249 533 2278 ut
564 2240 692 2277 audior
722 2240 769 2277 est
788 2241 916 2277 Livius
936 2241 1052 2278 Libro
1074 2254 1126 2280 vr.

156 2295 337 2346 quodque
372 2294 483 2331 etiam
525 2292 672 2329 testatur
709 2290 782 2339 ipse
815 2291 982 2328 Valerius
1011 2292 1126 2330 Libro

155 2361 228 2385 vu.
256 2358 333 2394 cap.
361 2357 393 2394 3.
424 2346 534 2392 Quae
565 2341 719 2391 quidem
750 2341 918 2379 accidere
942 2354 1041 2380 anno
1069 2356 1127 2380 ur-

159 2399 213 2436 bis
240 2409 325 2446 373.
358 2397 465 2433 Haec
493 2400 618 2430 autem
648 2392 694 2430 de
723 2392 852 2441 quibus
879 2404 979 2430 nunc
1005 2393 1123 2443 loqui-

155 2459 215 2487 tur
241 2447 410 2484 Valerius
447 2446 630 2492 sexaginta
670 2443 826 2491 amplius
861 2445 963 2481 annis
989 2446 1124 2492 postea.

157 2499 285 2538 Multo
314 2498 423 2546 igitur
449 2496 547 2545 prius
575 2506 689 2544 quam
710 2495 803 2531 haec
824 2493 1016 2532 damnatio
1036 2507 1123 2534 con-

155 2552 261 2600 tigit,
286 2550 324 2585 in
354 2549 542 2586 civitatem
574 2546 710 2594 recepti
739 2546 884 2583 fuerant
905 2546 1130 2593 Tusculani,

154 2603 258 2640 velut
283 2600 394 2636 etiam
424 2597 631 2646 astipulatur
657 2598 695 2633 in
724 2596 914 2635 Plautiana
946 2599 1001 2634 M.
1027 2599 1124 2636 Tul-

154 2654 223 2691 lius
246 2680 256 2696 ,
296 2650 449 2688 scribens
494 2648 514 2686 e
551 2647 761 2685 Tusculana
810 2647 948 2685 familia
986 2648 1125 2694 Juven-

157 2706 209 2742 tia
236 2701 398 2753 primum
433 2699 590 2738 aedilem
631 2698 796 2736 curulem
834 2698 1020 2747 plebejum
1051 2702 1125 2738 Ro-

158 2767 244 2793 mae
272 2759 437 2788 creatum
466 2748 595 2791 fuiffe,
620 2749 725 2798 quod
753 2761 854 2786 anno
875 2761 1125 2789 cccixxxvm.

156 2808 235 2844 fere
266 2803 446 2850 contigit,
478 2800 745 2850 quinquaginta
767 2800 846 2848 plus
876 2800 996 2838 minus
1025 2804 1127 2841 annis

157 2865 243 2894 ante
264 2853 398 2890 dietam
423 2852 716 2890 damnationem.
769 2851 804 2887 Si
831 2852 1056 2900 magistratus
1081 2854 1119 2891 in

1181 1432 1344 1469 &ionem
1377 1433 1585 1481 Campense
1624 1435 1840 1483 exemplar,
1882 1437 1919 1474 in
1956 1451 2032 1487 quo
2074 1440 2148 1484 sic,⁴

1178 1482 1263 1519 licet
1294 1483 1512 1521 incorretste.
1574 1486 1612 1520 In
1645 1500 1708 1534 quo
1734 1488 1914 1534 plurimum
1943 1493 2050 1536 postea
2079 1494 2147 1526 Tu-

1170 1535 1306 1581 fi-ulani'
1335 1536 1370 1570 in
1400 1537 1574 1570 civitatem
1603 1538 1721 1586 recepti
1741 1547 1921 1585 potuerunt
1942 1566 1952 1582 ‚
1988 1542 2148 1577 neminem

1175 1587 1286 1632 postea
1306 1584 1545 1630 candidatum,
1571 1594 1644 1623 (fc.
1666 1587 1806 1624 PIGH.
1834 1591 1875 1624 In
1896 1603 1963 1638 qua
1992 1592 2147 1638 (Papiria

1181 1634 1293 1684 tribu)
1333 1638 1514 1685 plurimum
1541 1638 1719 1685 Tusculani
1757 1640 1792 1674 in
1825 1640 1997 1676 civitatem
2031 1644 2150 1692 recepti

1174 1696 1356 1733 potuerunt
1369 1712 1379 1730 ,
1396 1689 1555 1723 neminem
1572 1691 1685 1736 postea
1703 1688 1917 1725 candidatum
1938 1693 2067 1727 Polliae
2086 1695 2148 1729 tri-

1179 1734 1240 1771 hus
1265 1739 1348 1778 fecit
1379 1740 1626 1787 magistratum·
1673 1739 1783 1776 MSS.
1824 1741 2007 1777 Plurimum
2039 1747 2150 1791 postea

1182 1786 1382 1833 Tusculani,
1418 1790 1457 1826 &
1483 1788 1638 1833 deinde,
1674 1792 1834 1826 neminem
1864 1806 2010 1841 unquam
2036 1794 2150 1830 candi-

1181 1835 1309 1874 datum.
1362 1838 1417 1875 Ita
1445 1850 1598 1888 quoque
1624 1840 1737 1877 ceteri
1765 1853 1896 1879 omnes
1923 1843 2031 1881 codd.
2075 1846 2146 1884 Sed

1181 1887 1329 1936 Pighius
1360 1889 1445 1938 quia
1476 1890 1700 1928 meminerat
1724 1892 1870 1939 jamdiu
1901 1902 1985 1931 ante
2005 1896 2147 1933 Tuscu—

1178 1937 1271 1976 lanis
1300 1940 1491 1978 civitatem
1521 1940 1670 1986 datam,
1698 1942 1746 1979 ita
1776 1944 2002 1982 reformavit.
2029 1947 2086 1984 cui
2106 1959 2145 1984 e-

1182 2000 1232 2037 go
1262 1989 1418 2028 assentiri
1449 2003 1610 2040 nequeo.
1663 1993 1831 2030 Civitatis
1862 1995 1960 2032 enini
1994 1998 2050 2045 jus
2084 1997 2147 2035 da-

1183 2048 1264 2077 tum
1297 2053 1374 2078 non
1396 2042 1540 2093 semper
1560 2042 1659 2080 idem
1683 2044 1762 2081 fuit.
1816 2046 1917 2082 Hinc
1946 2048 2040 2094 apud
2060 2049 2148 2086 Liv.

1184 2090 1232 2128 L.
1254 2104 1343 2129 vm.
1371 2104 1401 2130 c.
1433 2106 1489 2139 14.
1526 2095 1711 2132 nonnullis
1745 2095 1870 2133 civitas
1910 2095 1983 2134 fine
2022 2099 2147 2137 suffra-

1181 2142 1246 2189 gio
1278 2142 1404 2189 datur,
1431 2144 1579 2193 reliquis
1609 2156 1693 2190 cun]
1714 2146 1911 2195 suffragio,
1936 2158 2013 2197 quo
2033 2152 2144 2188 etiam

1183 2203 1216 2229 c.
1250 2205 1307 2240 17.
1354 2195 1392 2231 in
1429 2195 1517 2232 duas
1556 2207 1673 2234 novas
1711 2196 1822 2234 tribus
1854 2198 2018 2248 adscripti
2054 2202 2144 2238 sunt.

1180 2242 1241 2279 Sic
1265 2244 1377 2282 credo
1408 2246 1532 2294 primo
1556 2245 1774 2285 Tusculanis
1798 2249 1857 2296 jus
1890 2250 2042 2287 civitatis
2069 2251 2142 2289 fine

1178 2293 1351 2343 suffragio
1380 2296 1508 2335 datum
1536 2294 1632 2339 effe,
1660 2298 1785 2346 postea
1807 2302 1952 2339 veroin
1973 2304 2142 2351 Papiriam

1178 2344 1313 2380 Tribum
1349 2357 1413 2384 eos
1443 2345 1515 2384 effe
1543 2347 1751 2398 adscriptos.
1803 2351 1880 2389 Cur
1907 2354 2003 2390 enim
2034 2353 2142 2391 toties

1178 2395 1419 2443 rebellarent,
1447 2397 1474 2435 si
1500 2397 1650 2446 plenum
1685 2401 1840 2439 civitatis
1864 2403 1922 2450 jus
1947 2403 2134 2441 haberent.

1180 2446 1250 2483 Sed
1283 2446 1308 2484 fi
1340 2448 1400 2485 vel
1428 2450 1592 2486 maxime
1621 2450 1708 2488 illud
1744 2451 1944 2490 habuissent
1964 2478 1973 2494 ,
2016 2453 2135 2490 verifi-

1178 2497 1267 2534 mile
1295 2499 1440 2536 videtur
1458 2500 1650 2538 Valerium
1674 2503 1882 2539 Maximum
1904 2511 2027 2539 tamen
2057 2516 2133 2541 non

1179 2548 1415 2594 existimasse,
1444 2563 1508 2588 eos
1538 2551 1640 2590 fuisse
1662 2554 1739 2602 jani
1767 2562 1843 2589 tum
1876 2553 1971 2590 cives
1994 2555 2132 2592 Roma-

1178 2610 1271 2644 nos,
1296 2612 1381 2638 cum
1405 2602 1451 2639 de
1470 2602 1511 2639 iis
1531 2604 1702 2640 omnibus
1723 2602 1861 2651 capitali
1887 2603 2060 2651 supplicio
2082 2606 2134 2642 af-

1175 2649 1340 2689 ficiendis
1361 2652 1406 2690 ad
1431 2654 1610 2702 populum
1641 2656 1802 2690 ferretur.
1856 2653 1903 2689 Et
1925 2663 2056 2692 notum
2084 2656 2132 2693 est

1176 2713 1288 2750 quam
1315 2704 1419 2752 saepe
1448 2705 1615 2742 Valerius
1646 2706 1745 2741 Max.
1773 2704 1998 2742 aberraverit.
2031 2707 2131 2743 Vor-

1176 2752 1260 2790 stius
1290 2753 1404 2792 edidit
1441 2764 1483 2793 ut
1507 2756 1662 2803 Pighius.
1694 2755 1730 2790 in
1761 2755 1856 2790 notis
1884 2755 1971 2792 nihil
1999 2757 2130 2795 attulit.

1177 2802 1285 2840 initio
1313 2804 1420 2852 hujus
1449 2806 1606 2853 exempli
1636 2805 1760 2841 malim
1791 2806 1871 2840 tulit
1908 2818 1974 2853 pro
2000 2809 2128 2845 retulit.

1178 2853 1423 2894 PERIZON.
1458 2857 1527 2893 Vir
1558 2855 1613 2892 Cl.
1633 2855 1668 2891 in
1699 2855 1863 2902 margine
1883 2855 1962 2893 libri
1988 2857 2038 2894 sui
2065 2858 2126 2895 ad-

157 2908 245 2945 urbe
274 2904 447 2953 gerebant
474 2901 700 2945 Tusculani,
736 2901 866 2949 procul
900 2902 1013 2940 dubio
1038 2905 1119 2951 jam
1171 2903 1305 2953 scripsit
1337 2907 1502 2956 insuper,
1533 2905 1628 2943 Vell.
1658 2918 1711 2942 11.
1741 2919 1793 2953 15.
1821 2906 1881 2942 ubi
1908 2907 1970 2943 illo
2006 2909 2124 2944 adhuc

157 2959 256 2995 cives
288 2963 401 2993 erant.
443 2953 540 2992 adeo
570 2964 647 2989 non
677 2953 802 3000 postea
830 2964 915 2990 cum
946 2965 1027 2991 reos
1057 2954 1119 2992 da-

1171 2962 1343 3004 tempore
1373 2965 1574 3007 queruntur
1602 2956 1686 2992 socii
1717 2956 1750 2992 se
1773 2957 1831 3004 jus
1862 2957 2015 2995 civitatis
2047 2970 2122 2995 non

154 3007 307 3050 mnaffet
342 3005 444 3045 Polia
480 3004 589 3043 tribus
611 3032 624 3048 ,
670 3004 709 3041 in
748 3004 940 3042 civitatem
980 3007 1120 3056 recepti
1170 3006 1314 3047 habere.
1367 3011 1498 3059 Itaque
1523 3006 1694 3044 revocavi
1713 3004 1757 3043 τοὶ
1767 3010 2131 3057 pqsrea&ni.¹m:]uam

1559 3058 1664 3095 Nun
1699 3068 1757 3094 nn
1797 3070 1814 3108 3
2038 3059 2131 3097 21⁷⁷.-
