2516 3509
492 110 608 165 DE
668 108 1241 167 DISCIPLINA
1303 109 1779 169 MILITARI.
2019 113 2123 184 187

133 220 261 268 tione
283 216 594 282 compleciton
630 219 736 282 quia
757 217 1063 265 animadverto
1088 217 1185 266 fore
1203 231 1257 266 ut
1281 218 1481 284 pondere
1511 217 1678 279 laudis,
1712 234 1847 283 quam
1876 216 2123 277 meruistis,

134 300 349 357 obrutus,
383 298 525 361 magis
547 297 907 344 imbecillitatem
926 298 1097 362 ingenii
1119 299 1208 344 mei
1235 297 1470 362 detegam,
1504 313 1639 360 quam
1666 297 1855 344 vestram
1875 298 2122 355 virtutem,

136 378 251 425 sicut
269 392 348 441 par
367 376 457 436 est,
492 377 828 441 repraesentem.
868 384 905 411 ³4
925 377 1006 424 Tu
1029 394 1248 441 namque,
1270 376 1475 423 Postumi
1495 376 1716 435 dictator,
1738 377 1795 422 A.
1818 377 2122 436 Postumium,
2137 366 2333 445 ἑᾞᾛξξξά

133 473 269 521 quem
296 454 352 502 ad
382 456 558 519 generis
597 463 630 491 ³⁵
656 455 1043 520 penetraliumque
1067 456 1296 503 sacrorum
1328 454 1648 502 succeffionem
1679 457 2015 519 propagandam
2044 472 2121 520 ge·
2136 452 2314 524 {iffffiffigh

132 551 315 591 nuera33
351 536 479 597 cujus
504 530 714 579 infantiae
732 532 1035 581 blandimenta
1055 534 1151 581 finu
1178 548 1314 597 atque
1346 531 1506 579 osculis
1528 532 1700 581 foveras
1713 556 1729 589 5
1766 549 1901 596 quem
1933 551 2122 599 puerum
2138 534 2222 608 {³¹ssst
2242 524 2333 566 ΗΠ*

132 613 299 671 literis,
334 626 470 674 quem
490 611 703 673 juvenem
735 611 866 656 armis
887 612 1153 657 instruxeras
1164 631 1179 666 3
1216 608 1442 668 sanetum,
1476 608 1673 668 ffirtem,
1706 621 1931 655 amantem
1957 610 2024 655 tui
2045 625 2123 672 pa-
2189 600 2198 608 ⁸

130 694 239 739 riter
267 708 318 738 ac
349 691 541 755 patriae3
579 689 684 752 quia
712 705 805 735 non
825 701 908 736 tuo
938 689 1086 753 juffu,
1121 688 1193 735 sed
1215 688 1288 736 sua
1311 688 1470 753 sponte
1493 688 1710 753 praefidio
1728 688 2005 753 progressus,
2040 689 2123 734 ho-

135 771 218 818 stes
239 770 440 828 fuderat,
475 767 694 815 vietorem
719 766 860 813 securi
879 766 1000 813 feriri
1017 767 1202 831 jusiisti,
1226 767 1274 813 δε
1302 765 1344 805 3⁶
1366 767 1421 813 ad
1442 769 1533 814 hoc
1555 767 1862 832 peragendum
1883 767 2124 831 imperium

133 863 343 913 paternae
372 847 498 894 vocis
520 845 765 892 ministerio
797 844 1000 892 sufficere
1032 846 1224 892 valuisti.
1295 846 1423 890 Nam
1443 847 1602 892 oculos
1631 860 1762 906 tuos,
1795 860 1971 893 certum
2006 845 2124 906 scio,

134 928 366 976 clarissima
392 928 439 972 in
471 926 571 971 luce
596 923 790 970 tenebris
823 922 1015 981 offusos,
1041 925 1208 988 ingens
1228 924 1364 969 animi
1394 939 1509 986 opus
1531 924 1696 971 intueri
1717 923 1975 987 nequivisse.
2042 925 2122 971 Tu
2138 918 2335 996 §gnffiv'fus

133 1011 270 1066 item,
308 1004 455 1053 Manli
477 1004 742 1066 Torquate,
776 1001 946 1047 Latino
964 1001 1084 1048 bello
1110 999 1292 1060 consul,
1328 1001 1502 1061 filium,
1539 1002 1663 1065 quod
1683 1015 1958 1067 provocatus
1981 1001 2005 1048 a
2028 1003 2123 1049 Ge·
2139 1010 2230 1031 ''ffl-
2251 1003 2337 1034 (³0³³-

2210 1042 2240 1065 Υ,

134 1086 278 1132 minio
299 1084 454 1130 Metio
487 1081 604 1127 duce
623 1079 991 1127 Tusculanorum
1020 1079 1074 1126 ad
1105 1079 1415 1128 dimicandum
1435 1095 1480 1128 te
1507 1082 1664 1145 ignaro
1685 1080 1992 1142 descenderat,
2026 1083 2129 1148 glo·
2143 1043 2176 1074 ἃ
2189 1051 2254 1075 ων

141 1290 190 1327 cit
224 1287 362 1327 fafium
393 1285 554 1336 Rupilii,
583 1286 687 1336 cujus
720 1296 834 1335 gener
866 1293 944 1323 erat
972 1284 1112 1324 Fabius.

140 1341 290 1389 Nempe
321 1340 405 1389 quia
440 1339 629 1387 utrimque
658 1337 828 1385 copulata
860 1344 935 1374 erat
961 1336 1113 1375 societas

138 1392 281 1440 generis
312 1391 350 1428 δε
376 1389 593 1437 imaginum.
645 1387 793 1425 Deinde
821 1390 1034 1424 communioni
1061 1388 1113 1426 le-

142 1450 235 1491 gunt
255 1441 365 1478 etiam
383 1440 491 1478 multi
510 1438 617 1477 MSS.
638 1450 722 1475 cum
745 1446 829 1476 ante
850 1438 964 1476 editis.

196 1504 253 1542 31.
289 1493 476 1541 Cmssrium
499 1488 728 1539 fhpercilium]
768 1488 810 1526 Id
839 1489 910 1534 est,
949 1488 1111 1527 censoria

141 1543 333 1587 severitas,
360 1542 553 1579 austeritas.
606 1541 664 1577 Sic
692 1540 785 1577 infra
806 1552 853 1584 11,
875 1552 913 1589 9,
937 1553 967 1578 1.
996 1540 1112 1576 Probi-

137 1605 191 1629 tas
214 1602 259 1629 &³
279 1595 476 1630 continentia
497 1594 633 1641 cenfiirio
650 1592 822 1640 fhpercilio
843 1594 1035 1627 examinata
1058 1594 1111 1638 cst.

138 1644 334 1682 VORST.
395 1642 571 1691 Rescripsi
597 1641 812 1693 destringere3
842 1652 927 1678 curn
955 1642 1036 1679 Viri
1059 1643 1109 1679 E-

134 1694 244 1732 ruditi
271 1693 413 1731 abunde
442 1693 636 1731 docuerint
658 1692 747 1741 quid
774 1693 868 1729 inter
896 1692 970 1730 hoc
993 1694 1031 1729 ὃς
1056 1691 1110 1728 di-

125 1747 290 1796 stringere
316 1743 472 1787 interfit3
501 1756 596 1793 quos
621 1743 706 1781 vide
738 1743 864 1780 citatos
884 1741 904 1780 a
935 1742 990 1779 Cl.
1012 1743 1109 1780 Dra-

134 1795 339 1845 kenburgio
362 1795 408 1833 ad
429 1795 488 1832 Sil.
510 1795 555 1832 L.
578 1806 673 1832 xv11.
698 1794 775 1840 164.
804 1794 843 1831 δε
863 1804 934 1841 ego
956 1792 1106 1831 subinde

132 1848 274 1884 variare
301 1847 338 1883 in
364 1846 470 1894 hujus
490 1846 594 1883 vocis
611 1844 782 1894 scriptura
802 1844 956 1882 MSStos
983 1844 1106 1883 video.

129 1898 191 1936 Sic
207 1897 401 1948 destringere
419 1899 514 1933 iram.
542 1897 610 1934 Ex.
637 1909 692 1944 15.

187 1960 246 1998 32.
268 1952 454 1984 Manantes
468 1952 594 1997 fictores
626 1947 682 1996 ne]
713 1946 859 1983 Decem
882 1944 989 1983 MSS.
1019 1956 1105 1983 curn

131 1997 230 2037 Edit.
255 2000 361 2048 Μοξζ.
390 2002 575 2035 Manantes
597 1999 722 2046 secures
749 1996 869 2041 babet,
896 2011 944 2033 ne.
999 1997 1109 2034 Non-

132 2049 223 2086 nulli
243 2051 354 2087 etiam
376 2047 551 2087 madentes.
597 2048 669 2086 Sed
690 2056 863 2086 neutrum
883 2045 1026 2084 neceffe
1047 2047 1106 2084 est.

133 2098 227 2136 Illud
247 2100 360 2148 magis
384 2101 490 2148 poffit
509 2099 653 2148 placere
667 2129 677 2144 ‚
691 2097 795 2149 quod
815 2098 853 2134 in
866 2097 974 2136 Leid.
988 2098 1105 2147 quint.

134 2149 247 2187 exstat
260 2177 270 2193 ,
298 2152 351 2186 Ne
375 2150 505 2187 turbato
527 2151 670 2187 militiae
689 2148 793 2186 ordini
812 2147 961 2184 vindic'la
981 2147 1105 2196 deesfit.

135 2202 223 2248 Qua
244 2200 367 2237 forma
385 2200 475 2238 dixit
494 2212 550 2238 ex.
565 2212 597 2250 3.
617 2203 697 2237 Bene
718 2201 819 2236 etiam
842 2200 898 2235 illi
917 2197 1106 2248 diftiplinae

132 2252 277 2287 militari
296 2249 484 2296 adfuerunt.

185 2313 245 2351 33.
274 2304 402 2337 Inserta
427 2297 624 2350 gratulandi
640 2300 758 2347 prius,
784 2312 828 2334 tm
849 2295 983 2347 lugendi
1007 2297 1106 2344 officio

128 2351 342 2402 fungeretur]
373 2351 442 2388 Sex
471 2349 707 2397 manuscripti
734 2348 813 2386 libri
834 2348 981 2385 habent.
1032 2352 1108 2387 ..An

133 2400 323 2453 alloquendi
355 2402 454 2448 qfficio
479 2404 682 2450 frangeretur.
734 2400 844 2446 Quae
868 2397 1034 2447 ipfiffima
1055 2397 1107 2434 le-

137 2452 212 2490 ἃίο
242 2454 391 2502 antiqua
425 2452 494 2497 est,
521 2461 634 2501 quam
662 2448 765 2486 scioli
792 2449 870 2485 vim
904 2449 982 2498 ejus
1004 2448 1105 2485 verbi

132 2514 212 2541 non
233 2503 477 2552 intelligentes
498 2507 697 2539 mutarunt.
723 2499 883 2548 οΛῖῐοφιιῖ
903 2500 1002 2536 enim
1025 2510 1104 2536 non

129 2554 249 2592 solum
273 2554 468 2594 ωσφωεεῖν
487 2581 499 2596 ,
528 2552 604 2589 hoc
631 2550 704 2594 est,
738 2549 782 2587 ad
811 2550 972 2599 aliquem
1001 2549 1105 2599 loqui

133 2603 333 2653 fignificat:
362 2615 494 2641 verum
516 2603 628 2640 etiam
649 2612 734 2638 cum
753 2599 889 2638 affeetu
909 2612 951 2639 ac
971 2601 1104 2638 huma-

132 2656 248 2694 nitate
276 2654 376 2693 affari
391 2682 401 2699 ‚
429 2656 467 2692 &
486 2652 685 2696 consolari,
712 2650 817 2701 quod
840 2651 973 2689 Graeci
995 2650 1105 2700 ωθρᾳ-

131 2706 275 2754 μυθέἔῶς
302 2705 440 2743 dicunt.
491 2705 618 2743 Docet
646 2703 721 2740 hoc
752 2703 807 2739 M.
828 2702 950 2740 Varro
971 2701 1017 2740 de
1036 2702 1105 2739 lin-

133 2766 205 2805 gua
228 2756 360 2794 Latina
379 2755 438 2793 lib.
461 2767 495 2793 v.
527 2755 629 2804 cujus
643 2754 723 2791 sunt
742 2752 835 2790 haec
856 2753 987 2791 verba:
1015 2755 1107 2790 Hinc

131 2805 318 2844 adlocutum
349 2808 499 2843 mulieres
527 2808 576 2843 ire
595 2810 715 2851 ajunt,
752 2818 823 2840 cum
851 2814 927 2840 eunt
954 2806 1106 2854 aliquam

133 2859 275 2893 locutum
304 2855 487 2906 confhlandtl
512 2856 629 2904 cauffit.
688 2856 815 2903 Quam
851 2855 1029 2893 Varronis
1054 2855 1107 2892 le-

138 2907 304 2945 stionem
330 2920 375 2945 ex
404 2908 550 2947 vetustis
580 2905 764 2944 codicibus
796 2905 889 2942 eruit
908 2906 963 2943 vir
981 2906 1105 2943 nostro

136 2958 281 2995 saeculo
307 2957 469 2996 summus
489 2958 675 2996 Antonius
698 2955 928 3004 Augustinus.
981 2957 1022 2994 In
1047 2967 1107 2994 ea-

138 3007 226 3049 dem
255 3007 518 3059 significatione
545 3009 668 3059 postea
691 3006 860 3046 Valerius
886 3006 961 3046 hoc
994 3018 1106 3047 voca-

1973 1161 2133 1210 riosam

1164 1285 1252 1324 bulo
1274 1286 1386 1324 utitur
1418 1285 1512 1324 libro
1535 1299 1586 1323 xv.
1611 1299 1687 1336 cap.
1708 1287 1742 1326 6.
1771 1287 1816 1325 de
1842 1288 2005 1337 Minyis:
2036 1293 2140 1328 Velut

1163 1339 1368 1374 allocuturae
1385 1339 1548 1386 perituros
1569 1341 1706 1375 maritos
1720 1366 1730 1381 ‚
1757 1338 1794 1374 id
1816 1337 1885 1382 est,
1906 1342 2138 1387 confhlatmae.

1163 1388 1303 1425 PIGH.
1350 1392 1501 1433 Incerta,
1523 1387 1725 1438 gratulandi
1741 1390 1836 1437 prius
1850 1417 1860 1433 ‚
1886 1403 1931 1425 an
1949 1392 2139 1439 alloquendi

1163 1439 1275 1485 officio.
1304 1439 1359 1477 Ita
1380 1439 1479 1476 reete
1509 1439 1622 1476 edidit
1648 1440 1817 1488 Pighius;
1848 1450 1932 1476 cum
1954 1440 2069 1478 Aldus
2097 1444 2135 1480 δε

1164 1490 1417 1527 Chalcocond.
1446 1487 1636 1527 edidissent
1654 1505 1700 1527 an
1719 1488 1850 1539 lugendi
1873 1490 1984 1536 officio.
2028 1491 2076 1529 Et
2095 1501 2136 1530 ut

1160 1541 1307 1589 Pighius
1338 1541 1584 1584 emendavit,
1620 1541 1670 1578 ita
1700 1541 1736 1577 in
1769 1552 1845 1577 uno
1872 1552 2024 1589 quoque
2053 1542 2136 1580 cod.

1161 1591 1293 1629 Brand.
1313 1592 1483 1640 scriptum
1505 1589 1608 1629 fuiffe
1635 1598 1807 1641 apparet3
1836 1592 2004 1640 quamvis
2029 1592 2063 1628 τὲ
2080 1595 2134 1628 αἰ-

1161 1640 1313 1693 loquendi
1337 1643 1474 1679 erasum
1489 1670 1498 1686 ,
1527 1643 1565 1679 &
1588 1653 1655 1690 pro
1677 1654 1723 1679 eo
1743 1642 1913 1689 scriptum
1935 1640 1976 1679 fit
1993 1641 2134 1681 dolendi.

1164 1694 1206 1730 In
1236 1693 1351 1731 altero
1385 1693 1466 1731 cod.
1496 1692 1627 1730 Brand.
1651 1692 1698 1729 est
1718 1690 1872 1742 lugendi:
1900 1691 1960 1729 sed
1979 1693 2015 1730 in
2039 1705 2134 1731 mar-

1159 1744 1270 1791 gine,
1297 1751 1338 1781 ut
1367 1743 1504 1781 diversa
1529 1742 1665 1786 leffio,
1692 1742 1862 1790 scriptum
1892 1742 2020 1781 itidem
2047 1746 2134 1781 allo=

1158 1793 1290 1843 quendi.
1327 1793 1398 1830 Sed
1419 1795 1457 1831 δε
1477 1801 1581 1831 vetus
1602 1792 1715 1830 editio
1733 1792 1884 1830 Martini
1907 1794 2058 1842 Herbip.
2078 1797 2133 1831 al-

1158 1845 1311 1896 loquendi
1330 1844 1448 1881 habet.
1477 1844 1536 1882 Est
1558 1851 1683 1881 autem
1704 1846 1831 1893 alloqui
1850 1843 1937 1880 nihil
1957 1844 2016 1882 hic
2035 1845 2133 1884 aliud

1159 1908 1273 1945 quam
1303 1897 1472 1943 confhlari.
1525 1897 1611 1943 Qua
1643 1896 1800 1932 notione
1831 1895 1869 1932 &
1894 1894 1988 1932 infra
2018 1908 2073 1939 xv,
2097 1896 2133 1934 6.

1157 1946 1219 1984 ubi
1242 1947 1287 1984 de
1311 1947 1449 1995 Minyis
1471 1946 1567 1993 agit,
1595 1945 1819 1983 vocabulum
1842 1944 1997 1993 usurpat.
2036 1947 2133 1984 Var-

1157 2009 1200 2035 rO
1214 2010 1248 2036 V.
1269 1997 1314 2035 de
1328 1998 1372 2034 L.
1396 1998 1441 2034 L.
1461 1999 1555 2033 Hinc
1573 1994 1759 2032 adlocutum
1779 1997 1929 2031 mulieres
1951 1997 1998 2032 ire
2019 2003 2132 2047 ajunt,

1157 2062 1228 2085 cum
1247 2060 1324 2085 eunt
1343 2046 1387 2084 ad
1406 2050 1557 2097 aliquam
1570 2049 1709 2083 lot-mum
1729 2045 2038 2095 confhlandicauffiz.
2068 2047 2132 2084 Se-

1157 2110 1250 2137 neca
1280 2098 1430 2136 Consol.
1457 2098 1503 2135 ad
1533 2097 1644 2135 Helv,
1678 2109 1708 2135 c.
1744 2110 1774 2135 1.
1812 2095 1903 2145 Qid
1931 2096 2016 2147 quod
2036 2100 2134 2134 novis

1157 2151 1288 2194 verbis,
1315 2165 1370 2186 nec
1388 2164 1429 2186 ex
1445 2151 1583 2199 ‘vulgari
1607 2157 1652 2184 ey
1674 2146 1871 2198 quotidiana
1884 2149 2026 2198 sumptis
2048 2149 2135 2184 allo-

1157 2203 1284 2236 cutione
1313 2211 1391 2249 opm
1419 2210 1492 2235 erat
1521 2199 1643 2236 bomini
1673 2198 1717 2235 ad
1744 2197 1950 2246 confhlandos
1984 2201 2062 2246 fhos
2093 2214 2133 2235 ex

1159 2253 1224 2297 ipfh
1237 2265 1313 2299 rogo
1335 2260 1431 2298 caput
1450 2249 1616 2285 allevanti
1631 2248 1755 2286 ?Vide
1775 2248 1820 2286 de
1845 2261 1886 2286 ea
1906 2249 2007 2285 vocis
2029 2248 2131 2297 signi‹

1160 2299 1334 2337 ficatione
1363 2301 1401 2337 &
1421 2300 1614 2337 Muretum
1637 2300 1726 2336 Var.
1746 2299 1790 2335 L.
1813 2310 1856 2334 11.
1879 2310 1911 2345 4.
1940 2300 1978 2336 ὃς
2000 2299 2131 2336 Viuo-

1160 2349 1255 2388 rium
1286 2350 1374 2385 Var.
1395 2349 1440 2385 L.
1462 2361 1550 2386 vm.
1573 2361 1631 2398 23.
1658 2348 1854 2387 VORST.
1908 2348 2130 2399 „Alloquma'a'

1160 2400 1209 2437 est
1229 2400 1339 2436 etiam
1361 2400 1399 2436 in
1419 2398 1598 2448 plerisque
1617 2399 1762 2437 nostris:
1791 2399 1896 2449 quod
1913 2397 2045 2447 gloffae
2066 2411 2126 2435 ex-

1156 2458 1302 2498 ponunt
1321 2448 1518 2498 consolandi.
1541 2449 1588 2487 fic
1606 2450 1735 2500 alloqui
1757 2451 1977 2501 &gratulari
2003 2449 2125 2486 diserte

1157 2502 1268 2539 etiam
1292 2501 1450 2550 opponit
1471 2500 1629 2538 Seneca:

1205 2572 1321 2613 ‘Alios
1334 2581 1486 2620 parentes
1503 2572 1635 2622 alloqui
1653 2573 1689 2609 in
1710 2572 1800 2609 luffa
1820 2569 1917 2608 decet.

1204 2623 1281 2660 Tibi
1292 2620 1533 2673 gratulandum
1552 2626 1606 2671 est,

1157 2701 1275 2749 Quod
1305 2701 1518 2751 exemplum
1547 2703 1585 2740 δε
1614 2702 1681 2740 alia
1704 2677 1750 2739 in
1776 2701 1870 2738 hanc
1900 2709 1976 2736 rem
2012 2697 2122 2736 habet

1157 2752 1275 2790 Bentl.
1304 2753 1350 2791 ad
1376 2754 1514 2812 Horat.
1550 2752 1672 2801 Epod.
1705 2764 1759 2801 13·
1802 2749 1948 2788 Deinde
1984 2748 2126 2799 aliquot

1158 2804 1504 2941 &Zigana-fixae&
1523 2850 1680 2930 Postumi}
1711 2850 1838 2888 Livius
1857 2862 1983 2938 wag.
1995 2851 2037 2908 'in
2058 2850 2124 2905 du-

1157 2917 1245 3003 ηἱῖἕ
1245 2913 1504 3003 &23:35
1514 2908 2123 3001 'se510235232222t2p331‘12&mss’frss'ss

1158 3013 1270 3055 atque
1302 3007 1341 3044 in
1370 3006 1608 3057 proverbium
1637 3003 1800 3093 alilermt·
1846 3003 1872 3041 fi
1910 3001 2008 3039 enim
2042 3000 2123 3089 iduit)

1715 3065 1734 3091 a
1761 3066 1781 3090 2
2060 3062 2127 3088 ui-
