2516 3509
431 96 547 151 DE
599 92 1016 154 PIETATE
1071 93 1321 155 ERGA
1368 100 1820 161 PATRIAM.

2008 126 2115 181 493

124 215 175 250 to
207 207 324 261 equo
348 227 363 253 ‚
405 193 453 239 in
486 191 687 239 medium
722 194 921 242 hostium
955 213 1117 260 agmen
1139 233 1154 258 ‚
1201 200 1370 262 patriae
1410 200 1593 248 salutern
1615 237 1630 263 ‚
1675 203 1756 252 fibi
1799 218 1993 253 mortem
2037 223 2116 271 pe-

125 293 221 326 tens
241 310 256 335 ‚
299 273 499 337 irrupit:
546 271 751 336 faustaque
784 274 960 338 ingenti
996 276 1138 340 strage
1162 311 1177 337 ‚
1223 279 1427 342 plurimis
1461 280 1560 326 telis
1592 281 1815 343 obrutus,
1850 284 1979 348 super
2010 301 2113 332 cor-

125 359 231 406 ruit.
298 356 373 402 Ex
403 356 530 417 cujus
565 353 826 402 vulneribus
861 355 909 402 &
943 355 1155 421 sanguine
1189 357 1403 421 insperata
1434 358 1624 406 vffi'coria
1660 361 1852 409 emerfit.

192 432 237 472 3⁶
272 433 479 480 Unicum
515 434 612 479 talis
646 435 928 499 imperatoris
963 437 1189 501 specimen
1223 442 1362 500 estet,
1410 441 1491 487 nifi
1526 443 1679 488 animo
1725 443 1803 490 suo
1838 444 2106 508 responden·
2201 443 2236 479 6.

2123 494 2205 523 Ann.
2229 493 2301 526 urb.

125 530 216 563 tem
254 513 398 559 filiurn
434 513 666 577 genuisset.
728 517 771 562 Is
809 533 1001 580 namque
1035 520 1082 564 in
1116 533 1278 582 quarto
1314 519 1546 566 consulatu
1582 522 1721 583 patris
1755 525 2015 586 exemplum
2045 525 2105 571 se·
2123 540 2194 571 458·
2219 537 2289 568 Cic.

2124 578 2262 607 Catone.

128 607 260 641 cutus
281 626 295 652 ‚
340 598 383 631 37
418 593 662 639 devotione
697 593 856 654 simili,
890 612 1028 659 aeque
1063 596 1237 644 strenua
1270 614 1451 662 pugna,
1485 598 1783 647 consentaneo
1818 604 1945 649 exitu
1981 599 2024 640 38
2044 604 2104 649 la-
2122 617 2228 648 Livius
2249 627 2280 650 x.

126 675 281 722 bantes
322 671 601 736 perditasque
644 672 758 721 vires
803 675 924 722 urbis
968 676 1138 723 nostrae
1183 677 1397 724 correxit.

135 895 251 944 ipsum
291 903 436 945 tempus
475 895 651 944 respicere
690 896 792 946 supra
833 896 879 935 L.
913 911 969 936 rv.
999 911 1031 945 4.
1066 900 1100 937 8.

133 946 228 994 Quscl
248 949 364 987 ¹⁹delta
377 948 513 994 familia
526 974 536 989 ‚
563 960 662 995 quam
682 949 849 999 locuples?
875 948 1030 993 sexdecim
1050 964 1102 985 eo-

133 996 202 1032 dem
224 1007 365 1045 tempore
385 998 495 1035 Aeln'
511 1000 646 1043 suerum
669 1007 740 1036 (Vc.

187 1060 245 1097 33.
277 1052 454 1097 Tamquam
475 1049 584 1094 stulta
611 1047 769 1097 riserunt]
808 1049 918 1092 Forte
949 1051 1103 1099 Riserint.

138 1097 208 1135 Sic.
233 1100 277 1135 L.
304 1112 364 1136 vr.
394 1110 427 1147 3.
455 1111 486 1145 ς.
513 1101 586 1133 Hoc
604 1101 730 1147 aliquis
758 1103 793 1134 in
811 1100 881 1146 fine
908 1103 1104 1146 severitatis

133 1151 362 1196 &fhevitiae
386 1146 567 1196 ponendum
595 1147 730 1185 dixerit.
758 1150 999 1188 PERIZON.
1028 1151 1096 1188 Ed.

140 1199 250 1247 Mog.
277 1201 491 1246 ,Arriserunt
508 1227 517 1242 ‚
544 1198 646 1247 quod
680 1199 727 1236 est
754 1201 791 1237 in
824 1201 939 1249 Ultraj
995 1203 1101 1249 prim.

139 1249 247 1287 Leid.
284 1258 399 1300 quart.
438 1253 475 1286 ὃ(
507 1250 665 1298 reliquae
695 1249 875 1288 editiones
905 1254 1098 1300 miserunt,

138 1309 282 1348 praeter
313 1299 467 1337 Mediol.
494 1312 588 1348 quae
613 1302 786 1347 Riserunt,
813 1302 933 1339 habet.
986 1303 1102 1350 Quod

138 1363 216 1388 non
239 1359 358 1389 muto.
396 1352 539 1387 Revera
561 1351 659 1387 enim
687 1354 843 1398 Riserunt
863 1353 957 1389 haec
976 1365 1102 1390 exem-

137 1401 195 1450 pla
216 1402 310 1451 Sylla
324 1430 333 1446 ‚
361 1401 523 1444 Marius,
545 1402 582 1438 &
605 1402 723 1437 Cinna
739 1429 749 1444 ‚
772 1402 859 1439 dum
881 1404 921 1440 iis
941 1403 974 1439 se
994 1416 1103 1441 revo-

141 1452 212 1488 cari
232 1453 275 1489 ab
297 1452 540 1501 opprimenda
564 1453 656 1500 Rep.
684 1463 760 1488 non
789 1453 868 1491 sunt
896 1453 990 1502 paffi.
1028 1455 1100 1492 Pro

138 1504 287 1549 Exrfft.
317 1502 418 1539 Med.
446 1502 512 1538 sec.
539 1502 646 1540 habet
667 1503 793 1550 Emfit.

193 1565 250 1603 34.
278 1556 318 1590 P.
348 1552 481 1601 Decius]
514 1553 623 1589 Libet
658 1554 717 1589 hic
748 1554 869 1591 mirari
899 1566 963 1592 cur
989 1556 1101 1593 Vale-

142 1604 213 1641 rius
234 1616 276 1640 ac
295 1604 421 1640 Livius
443 1604 532 1639 illius
551 1603 646 1639 tertii
668 1604 774 1640 Decii
798 1605 936 1641 nullam
967 1606 1103 1645 faciant

142 1655 376 1691 mentionem
394 1682 404 1696 ‚
431 1655 492 1701 qui
515 1654 640 1701 Pyrrhi
663 1654 759 1691 bello
789 1656 822 1691 se
853 1667 919 1703 pro
949 1656 1106 1704 legioni-

140 1704 206 1741 bus
228 1705 405 1741 Romanis
427 1704 599 1750 exemplo
632 1705 688 1740 avi
721 1707 898 1754 patrisque
927 1705 1105 1752 devovit,

141 1765 182 1792 ut
202 1755 335 1792 Cicero
361 1754 441 1790 Lib.
474 1768 503 1791 1.
532 1754 642 1791 Tusc.
672 1756 819 1801 Quaest.
845 1755 960 1793 tradit.
988 1758 1103 1806 Atqui

140 1805 225 1842 licet
247 1806 359 1853 magis
379 1806 498 1841 mirari
520 1805 634 1852 ipsum
661 1806 881 1843 Ciceronem
897 1835 906 1850 ‚
928 1808 990 1855 qui
1010 1808 1105 1845 duo-

139 1868 222 1893 rum
255 1857 480 1904 frequentius
512 1856 700 1898 meminit,
745 1869 855 1905 quam
880 1857 1003 1894 trium.
1035 1870 1103 1903 an,

141 1907 227 1955 quia
249 1906 408 1943 diversos
427 1906 566 1943 secutus
596 1906 642 1943 est
661 1906 854 1943 auctores?
879 1920 923 1945 an
952 1909 1010 1946 alii
1043 1922 1106 1946 ne-

140 1957 312 2004 gligentia
335 1956 369 1993 id
391 1955 616 1993 omiserunt?
646 1957 742 1993 Mihi
767 1958 872 2005 plane
900 1959 962 1996 iste
982 1961 1106 1997 tertius

146 2007 326 2043 fabulosus
348 2006 501 2043 videtur.
555 2008 722 2044 Maxime
760 2008 862 2056 quod
888 2021 956 2045 nec
980 2010 1106 2047 Florus

142 2057 280 2103 uspiam
313 2057 402 2092 illius
431 2057 611 2094 meminit.
661 2059 804 2094 Verum
834 2058 915 2094 talia
950 2059 1103 2105 plurima

137 2107 217 2143 sunt
238 2107 273 2142 in
290 2107 433 2143 historia
446 2108 616 2144 Romana
636 2107 867 2155 indiligenter
887 2109 1050 2153 tractata,
1064 2112 1102 2148 ὃς

141 2158 296 2194 nomina
329 2158 421 2192 mire
451 2166 630 2205 corrupta.
661 2159 764 2206 quod
793 2156 935 2194 necesse
965 2160 1032 2196 fuit
1065 2161 1102 2197 in

140 2216 197 2245 tot
226 2207 543 2255 praenominibus,
571 2209 802 2251 nominibus,
835 2219 875 2244 ac
907 2211 1102 2255 cognomi-

142 2259 268 2302 nibus,
297 2267 335 2294 ut
363 2257 535 2305 proximo
566 2259 679 2304 patuit
712 2258 906 2305 exemplo,
935 2259 979 2296 de
1000 2261 1103 2307 supe-

139 2310 236 2346 riore
258 2310 456 2350 Africano,
485 2308 545 2343 ubi
568 2308 611 2343 L.
640 2308 781 2344 Metelli
800 2310 846 2344 est
870 2311 1023 2347 mentio.
1051 2320 1102 2348 at-

141 2372 214 2409 que
245 2359 292 2396 ita
320 2359 430 2396 etiam
458 2358 492 2394 in
525 2359 622 2394 Livii
650 2358 833 2395 codicibus
862 2358 993 2406 legitur
1020 2361 1099 2399 Lib.

139 2424 200 2446 111.
229 2410 274 2446 de
305 2408 465 2446 secundo
484 2408 578 2445 bello
599 2409 749 2445 Punico.
803 2408 844 2445 ld
873 2421 1100 2456 praenomen

141 2461 309 2497 Valerius
333 2461 433 2507 supra
456 2459 535 2495 Lib.
563 2471 606 2494 Π.
635 2469 710 2507 cap.
739 2471 770 2503 4.
799 2459 858 2495 ubi
888 2459 933 2497 de
956 2463 1011 2498 M.
1031 2463 1099 2500 At-

139 2512 218 2548 tilio
242 2510 385 2558 Regulo
417 2521 460 2547 ac
489 2510 532 2545 L.
560 2509 674 2545 Furio
705 2510 909 2547 censoribus
939 2516 1098 2550 Marcum

139 2561 315 2598 exhibet:
351 2561 411 2597 hic
438 2571 529 2597 vero
563 2561 733 2606 Quintum.
787 2561 936 2605 Livius,
974 2572 1015 2600 ut
1043 2564 1096 2601 di-

138 2613 237 2649 etum
268 2623 311 2648 ex
335 2610 415 2647 Lib.
430 2623 489 2647 111.
518 2615 672 2646 Lucrum:
701 2619 735 2647 ar
762 2611 905 2648 Lilmv.
934 2614 1094 2660 ejusdem

133 2661 292 2700 decados
316 2665 479 2699 Marcum.
534 2662 585 2697 Ita
616 2661 783 2697 videmus
800 2671 977 2710 quantum
1003 2665 1095 2702 diffi-

136 2713 277 2751 cultatis
296 2713 473 2749 Romanis
500 2712 653 2748 historiis
683 2711 863 2760 ingcfferit
888 2713 946 2750 ista
980 2716 1094 2754 ambi-

134 2766 211 2807 tio,
247 2765 284 2800 &
313 2762 480 2798 affeci-ata
511 2761 799 2799 nomenclatura.
851 2765 1091 2815 Quamquam

136 2827 215 2854 non
235 2813 359 2850 onmia
380 2822 593 2860 temporum
611 2813 741 2860 injuria
765 2826 806 2850 ea
829 2814 995 2853 accidiffe
1017 2829 1093 2855 cre-

140 2866 222 2902 dam
247 2893 256 2904 ,
286 2863 343 2900 sed
372 2864 568 2900 authorum
599 2864 818 2900 Latinorum
847 2865 1095 2915 indiligentia,

132 2917 194 2965 qui
216 2914 302 2951 nihil
323 2914 597 2962 propemodum
619 2913 718 2961 pensi
736 2915 961 2961 habuerunt,
989 2920 1091 2968 quic-

133 2966 222 3017 quid
238 2965 453 3010 scriberent,
481 2972 579 3006 utut
599 2964 755 3005 caderet.
807 2967 923 3016 Quod
939 2969 986 3010 ,in
1009 2978 1089 3021 tanss

1478 678 1637 742 Itaque
1681 679 1885 745 dignosci
1920 680 2108 728 arduum
2124 661 2278 690 mnam*

2022 759 2113 819 est,

1151 906 1188 935 ta
1220 910 1341 936 rerum
1366 901 1543 939 varietate
1571 914 1614 938 ac
1637 901 1893 951 exemplorum
1915 901 2117 940 multitudi-

1153 960 1225 992 ne,
1251 958 1331 987 tum
1364 951 1502 992 Livio,
1530 961 1609 989 tum
1643 953 1794 991 Valerio
1830 951 1994 990 accidisse
2025 953 2117 990 vidi-

1158 1010 1250 1037 mus.
1305 1001 1432 1049 Itaque
1452 1004 1595 1039 transeo
1618 1003 1750 1050 ubique
1771 1004 1974 1053 ejusmodi,
2001 1005 2120 1053 qualia

1156 1049 1216 1086 hic
1247 1050 1292 1087 de
1324 1051 1454 1089 Codro
1488 1063 1609 1091 narrat
1627 1054 1814 1098 Valerius,
1843 1053 1982 1091 Codrum
2015 1057 2118 1103 ipsum

1152 1101 1279 1149 petiisse
1297 1101 1339 1137 ab
1358 1105 1529 1151 gstpolline
1555 1106 1728 1141 oraculum.
1757 1117 1841 1142 cum
1862 1106 1946 1152 Just,
1974 1106 2055 1143 Lib.
2073 1119 2119 1144 11.

1129 1191 1135 1194 ,
1158 1154 1338 1199 Dorienses
1355 1181 1364 1196 ,
1385 1153 1503 1190 hostes
1521 1155 1595 1203 ejus
1615 1154 1737 1203 petiffe
1767 1156 1904 1193 scribat.
1930 1156 2118 1194 Philaenas

1156 1210 1278 1240 autem
1303 1203 1428 1240 fratres
1450 1214 1591 1253 quanto
1611 1208 1810 1254 praeconio
1830 1207 1875 1243 ad
1896 1206 2007 1243 finem
2037 1209 2114 1254 ejus

1155 1253 1315 1301 exempli
1344 1254 1523 1298 celebrat,
1551 1258 1758 1304 praeferens
1789 1258 1858 1293 toti
1882 1257 2113 1305 Carthagini:

1155 1313 1237 1340 cum
1271 1312 1399 1341 tamen
1428 1305 1535 1342 initio
1566 1309 1640 1343 fere
1670 1308 1827 1355 exempli
1859 1307 2029 1354 perfidiae
2051 1320 2116 1346 eos

1154 1355 1322 1401 arguerit.
1373 1356 1450 1403 Qui
1491 1358 1782 1394 commentarios
1824 1358 1979 1395 scribunt
2022 1359 2114 1395 haec

1154 1403 1314 1441 indicare
1334 1404 1693 1445 debebant.nostrum
1717 1408 1916 1444 institutum
1941 1408 1984 1444 est
1999 1409 2113 1451 ,dun-

1154 1461 1253 1492 taxat
1271 1455 1375 1493 locos
1395 1465 1518 1494 taxare
1548 1467 1761 1507 temporum
1790 1459 1919 1503 iniuria
1940 1459 2115 1506 deprava-

1151 1512 1221 1542 tos.
1258 1506 1527 1544 GLAREAN.
1572 1511 1612 1546 P.
1648 1512 1774 1545 Decius.
1813 1509 1932 1545 Miror
1961 1509 2046 1558 quid
2076 1509 2117 1547 fit

1153 1556 1255 1604 quod
1278 1557 1445 1606 Pighius,
1475 1562 1511 1595 ὅ(
1533 1560 1631 1596 hunc
1650 1560 1760 1596 secuti
1782 1559 1935 1596 Colerus
1958 1561 2115 1608 &Thy-

1153 1606 1221 1643 sius
1245 1636 1254 1651 ,
1294 1619 1523 1655 praenomen
1553 1610 1667 1647 Publii
1705 1610 1765 1646 hic
1794 1610 1985 1647 omittunt.
2040 1612 2117 1648 Ha-

1153 1656 1240 1694 bent
1272 1659 1355 1695 sane
1382 1658 1471 1695 illud
1500 1661 1607 1698 codd.
1634 1660 1764 1698 Brand.
1793 1662 1830 1698 ὅ(
1852 1670 1993 1697 veteres
2020 1663 2116 1709 typis

1156 1708 1317 1754 expressi.
1370 1709 1484 1756 Supra
1511 1723 1538 1746 1.
1576 1722 1609 1756 7.
1641 1723 1674 1760 3.
1698 1712 1771 1759 ipse
1799 1712 2122 1760 quoque‘Pighius

1156 1769 1233 1793 non
1264 1758 1526 1807 negligendum
1558 1761 1713 1808 putavit.
1754 1762 1947 1799 VORST.
1986 1764 2124 1799 omittit

1155 1819 1385 1855 praenomen
1409 1822 1429 1847 e
1449 1811 1575 1848 nostris
1597 1811 1690 1849 solus
1711 1812 1817 1849 Leid.
1845 1813 1960 1861 quint.
1987 1813 2024 1849 in
2049 1814 2125 1850 sex-

1156 1867 1197 1895 to
1219 1861 1343 1896 Paulus
1366 1861 1538 1898 scribitur.

1208 1921 1265 1958 35.
1295 1913 1492 1948 Inclinatam
1529 1920 1574 1947 (θ’
1605 1922 1684 1961 pene
1707 1918 1780 1961 jam
1804 1915 1998 1961 prostratam
2029 1913 2123 1951 vide-

1155 1964 1222 2007 ret]
1255 1963 1359 2009 Mog.
1388 1962 1454 1999 Ed.
1480 1963 1775 2011 Inclisciplmatam.
1803 1964 2016 2011 Quomodo
2047 1966 2123 2014 pes·

1157 2009 1245 2046 fime
1274 2012 1310 2047 in
1329 2012 1468 2060 septem
1497 2013 1631 2061 scriptis
1660 2015 1858 2051 exhibetur.
1912 2015 2012 2052 Ante
2036 2016 2122 2053 ede«

1157 2060 1261 2097 batur
1275 2072 1355 2110 pene
1368 2068 1440 2112 jam
1462 2072 1506 2097 U*
1526 2067 1723 2114 prostratam
1739 2075 1836 2113 ‚quO
1857 2064 1984 2102 Ordine
2009 2067 2121 2104 etlam

1158 2110 1262 2148 MSS.
1289 2113 1381 2150 haec
1409 2116 1486 2151 fere
1515 2114 1718 2160 collocant,
1746 2115 1806 2152 sed
1828 2115 1930 2152 Harl.
1959 2117 1995 2153 ὃς
2016 2117 2121 2155 Leid.

1156 2161 1262 2208 prim.
1299 2163 1422 2202 delent
1453 2170 1537 2213 jam.
1566 2166 1697 2214 Copcs.
1734 2171 1870 2216 Romam
1899 2165 2120 2217 indifiiplina-

1155 2222 1236 2247 tam.

1208 2262 1266 2310 36.
1298 2264 1432 2299 Unicum
1452 2267 1531 2300 talis
1556 2267 1630 2313 imp.
1651 2267 1811 2314 specimen
1833 2265 1922 2315 esset]
1946 2266 2113 2305 Sambuci

1156 2312 1274 2348 codex
1286 2314 1461 2360 ,fiffamen
1477 2315 1559 2362 effet.
1572 2316 1681 2352 Anne
1695 2317 1897 2364 spet‘samen?
1913 2318 2029 2354 LIPS.
2044 2321 2113 2356 Re-

1156 2360 1377 2411 c‘lespecimen
1397 2364 1600 2402 defenduut
1622 2378 1751 2403 omnes
1772 2367 1879 2404 nostri
1893 2367 2005 2411 ‚inter
2024 2381 2113 2418 quos

1152 2411 1211 2448 sex
1231 2421 1354 2450 tamen
1385 2416 1595 2463 praeferunt
1623 2419 1704 2452 talis
1727 2420 1863 2466 imperti.
1888 2428 1995 2465 prout
2016 2427 2112 2455 amat

1151 2461 1199 2498 fic
1223 2463 1392 2512 adjuncta
1414 2478 1480 2513 pro
1501 2467 1666 2515 subjectis
1699 2469 1867 2517 usurpare
1889 2470 1931 2504 L.
1964 2482 1990 2504 1.
2014 2480 2032 2503 c
2074 2480 2106 2504 2.

1150 2515 1387 2564 Religionique
1400 2519 1560 2564 summum
1583 2520 1751 2566 imperium
1771 2520 1863 2565 cfft.
1894 2520 1964 2554 Hic
1985 2526 2107 2555 tamen

1147 2562 1269 2650 durius
1291 2566 1382 2603 mihi
1402 2567 1570 2612 videtur,
1599 2569 1679 2606 imo
1709 2572 1866 2606 omnino
1898 2568 2105 2613 improbari-2

1175 2627 1249 2652 um.

1199 2677 1256 2714 37.
1287 2669 1470 2704 Devotione
1501 2669 1628 2718 fimili]
1669 2670 1799 2706 Cicero
1837 2667 1892 2703 lib.
1930 2679 1958 2702 1.
1994 2664 2105 2702 Tusc.

1144 2717 1295 2754 tertium
1318 2720 1428 2755 etiam
1455 2719 1551 2755 addit
1566 2745 1575 2762 ,
1589 2722 1650 2768 qui
1670 2721 1782 2756 vitam
1803 2729 1867 2761 pro
1888 2716 1999 2761 patria
2028 2716 2105 2753 for·

1146 2767 1231 2804 titer
1260 2769 1460 2816 pugnando
1483 2770 1627 2806 fuderit.
1678 2769 1749 2805 Alii
1771 2775 1911 2804 tantum
1943 2766 2101 2804 duorum

1147 2819 1374 2863 meminere,
1402 2828 1441 2856 ut
1471 2821 1508 2856 ὃς
1539 2821 1679 2856 Servius
1709 2817 1752 2853 ad
1776 2831 1805 2855 Ι.
1835 2816 1978 2853 Aeneid
2020 2818 2104 2854 Ho«

1146 2879 1228 2905 rum
1249 2869 1339 2905 alter
1359 2871 1486 2906 Italico
1502 2898 1510 2912 ,
1540 2870 1628 2906 alter
1650 2867 1793 2904 Gallico
1815 2867 1912 2903 bello
1932 2868 1965 2903 se
1986 2866 2102 2903 devo-2

1144 2919 1196 2955 vit
1228 2931 1295 2966 pro
1318 2920 1527 2968 Republica.
1582 2919 1726 2958 Nonius
1755 2919 1841 2955 citat
1861 2918 2003 2956 Attium
2026 2919 2104 2954 Ae.

1142 2969 1267 3007 flendis
1287 2969 1359 3007 ssve
1381 2971 1512 3009 Decio,
2048 3016 2074 3033 r,

2024 3021 2045 3054 J
2061 3030 2104 3051 17¹:

1667 3019 1811 3070 Oea}
