2516 3509
549 73 688 129 DE
810 69 1728 128 SPECTACULIS.
2030 90 2130 148 151

134 181 245 247 egit.
301 183 340 217 35
367 174 586 224 Attellani
604 188 756 223 autem
779 175 834 223 ab
859 174 991 224 Oscis
1014 175 1151 222 acciti
1172 174 1298 224 sunt:
1336 160 1463 240 quod
1483 190 1624 240 genus
1641 173 1950 224 detestationis
1973 177 2134 228 Italic'a'.

124 259 359 310 severitate
379 268 712 321 temperatum,
746 255 942 319 ideoque
981 255 1018 291 ³⁶
1040 271 1236 302 vacuum
1254 253 1365 302 nota
1383 253 1461 300 est.
1497 269 1600 300 nam
1637 260 1676 294 ³7
1699 270 1845 319 neque
1875 255 2000 303 tribu
2031 273 2134 306 mo-

130 346 289 398 vetur,
323 352 470 400 neque
493 335 519 383 a
542 335 811 383 militaribus
831 335 1060 399 stipendiis
1082 334 1330 399 repellitur.

192 419 259 466 Et
276 418 383 481 quia
407 418 546 463 ceteri
575 417 669 464 ludi
689 415 792 481 ipsis
826 414 1206 480 appellationibus
1239 412 1361 461 unde
1392 411 1658 469 trahantur,
1692 428 1902 476 apparet,
1930 405 2032 465 'non
2059 418 2136 466 ab·

128 502 312 552 surdum
332 501 514 550 videtur
552 496 596 537 33
625 499 934 548 Saecularibus
957 498 1140 545 initium
1159 495 1314 552 suum,
1352 498 1389 550 ‚³⁹
1413 494 1544 555 cujus
1564 492 1740 555 generis
1760 495 1907 542 minus
1924 500 2031 545 trita
2051 517 2134 547 no-
2152 484 2286 558 ξξῇ,ῥξ
2304 483 2351 517 se*

127 584 229 632 titia
256 583 348 643 est,
384 580 582 629 reddere.
651 581 778 627 Cum
812 580 989 644 ingenti
1022 574 1273 643 pestilentia
1310 580 1351 608 ⁴0
1374 571 1500 620 Urbs
1535 571 1724 636 agrique
1770 580 1806 606 ⁴¹
1837 571 2353 643 vastarentur,{Ofi‘f'gfiffi

1977 656 2020 687 4²
2044 651 2137 698 Va-
2155 657 2278 686 Novae.

2233 448 2264 483 ς,

129 793 212 831 sunt
242 792 476 831 comoediae.
527 793 600 830 Pro
628 790 847 841 specffimtium
867 788 995 826 animos
1018 789 1113 827 anti-

131 845 280 894 quiores
311 845 407 894 typis
435 844 586 892 expressi
613 843 743 879 haben.
766 841 986 890 'sper‘lantium
1006 842 1112 875 oculos

132 904 179 931 (Τ
210 899 349 933 animos.
423 896 567 931 Verum
599 894 704 929 oculos
730 892 878 939 Pighius
911 900 954 925 ex
986 891 1113 931 unxit,

133 946 238 995 quod
261 947 305 984 ab
332 945 503 984 omnibus
524 942 633 980 codd.
657 942 764 979 MSS.
791 941 830 977 id
861 938 927 976 abe
958 951 978 976 e
1008 938 1114 975 vide-

136 1005 203 1034 ret.
280 997 329 1033 Et
360 995 454 1033 abest
482 994 565 1030 sane
599 992 618 1030 a
653 991 762 1030 codd.
795 1001 873 1040 quo
904 1000 949 1026 ue
980 988 1112 1026 Brand.

136 1046 332 1085 VORST.
359 1044 470 1083 Abest
493 1045 605 1081 etiam
620 1042 698 1080 fere
715 1042 759 1080 ab
783 1040 890 1079 omni
919 1051 956 1077 us
970 1039 1111 1077 nostris.

133 1092 135 1094 i
183 1109 240 1146 32.
270 1099 362 1146 Isque
375 1098 431 1143 fin*
463 1097 567 1144 operis
587 1093 695 1143 affor]
726 1090 973 1139 Undevlglnll
1002 1091 1112 1128 MSS.

133 1149 259 1184 aqur.
289 1146 395 1183 Leid.
413 1146 500 1193 sept.
516 1146 607 1182 atior
621 1173 630 1189 ‚
645 1144 703 1182 sed
715 1159 738 1180 u
751 1144 798 1181 est
819 1141 1112 1191 superscriptum.

133 1197 279 1239 εΛιιέῗον
311 1197 423 1235 etiam
454 1196 522 1234 Ed.
556 1198 663 1244 Mog.
702 1193 957 1233 Retinendum
989 1202 1117 1230 tamen

135 1248 296 1285 omnino
316 1248 365 1286 est
386 1249 518 1289 esrflor.
598 1248 794 1295 Quoniam
819 1256 930 1295 quam
954 1243 1116 1281 fabulam

136 1298 420 1348 composuerat,
445 1310 525 1335 eain
548 1310 701 1347 quoque
724 1296 894 1346 ipseegit
916 1295 953 1331 in
975 1295 1091 1332 scena.

186 1362 244 1400 33.
272 1352 354 1387 Cum
367 1351 499 1398 saepius
523 1349 542 1385 ιὶ
559 1351 678 1398 populo
699 1346 890 1396 revocatus]
905 1345 969 1383 Ad
990 1346 1116 1384 denuo

133 1400 321 1488 agend}m
342 1400 475 1438 scilicet
488 1416 497 1444 ;
513 1400 618 1451 quod
640 1400 735 1439 adeo
755 1398 898 1449 populo
911 1395 1113 1447 placuiffet.

186 1514 242 1552 34.
271 1502 427 1539 Tibicinis
447 1501 617 1550 concentu]
635 1501 808 1539 Similiter
829 1498 873 1537 de
884 1498 1024 1549 Pylade
1039 1499 1115 1535 EU-

131 1552 202 1591 seb.
221 1554 270 1592 N.
288 1566 394 1603 1995.
418 1553 476 1590 ubi
500 1553 584 1590 vide
608 1554 843 1602 Scaligerum.
865 1550 1112 1588 PERIZON.

188 1616 247 1654 35.
275 1603 486 1653 Attellani]
518 1603 653 1641 Itidem
671 1604 841 1641 ludiones
850 1617 861 1645 ;
887 1602 932 1639 ab
955 1601 1115 1645 Aureliis,

135 1656 277 1703 oppido
300 1656 530 1703 Campaniae
551 1655 668 1692 acciti.
722 1655 852 1692 Livius
875 1653 909 1691 d.
930 1651 953 1689 l.
977 1652 1038 1689 ubi
1068 1651 1115 1689 de

128 1705 300 1743 scenicis:
330 1707 369 1743 &
390 1706 505 1743 Livio
522 1705 744 1743 Andronico
771 1706 866 1753 agit,
897 1703 1115 1741 fabellarum

132 1768 288 1806 quoque
309 1756 581 1794 Attellanarum
603 1758 839 1794 mentionem
863 1754 973 1796 facit,
1002 1755 1039 1791 &
1060 1753 1114 1791 his

133 1807 290 1856 quidem
313 1807 451 1845 verbis:
483 1807 660 1853 Jimentus
682 1806 893 1856 histrionibus
911 1805 1116 1853 fabellarum

130 1859 208 1895 assiu
227 1859 340 1895 relii‘lo
355 1888 364 1904 ‚
387 1861 457 1909 ipsa
477 1861 564 1895 inter
579 1861 616 1907 se
636 1874 722 1895 more
739 1861 881 1908 antiquo
903 1854 1043 1893 ridicula
1062 1859 1115 1892 in—

131 1920 226 1946 texta
244 1910 390 1957 ‘versibus
402 1910 559 1960 jafiitare
581 1913 683 1959 coepit
697 1938 706 1953 ‚
724 1924 808 1960 quiae
829 1906 904 1945 inde
922 1905 1041 1944 exodia
1056 1918 1117 1957 po-

122 1963 198 2008 stea
215 1963 383 2012 appellata
397 1990 406 2005 ‚
434 1964 644 2011 consertaque
658 1962 795 2009 fabellis
811 1959 1012 2010 Potffmum
1031 1963 1118 2001 ust-

134 2013 272 2048 tellanis
289 2016 381 2060 sant.
409 2013 606 2051 VORST.

188 2062 246 2110 36.
275 2067 425 2100 Vacuum
446 2063 544 2114 nota]
570 2063 777 2102 Histriones
800 2061 898 2110 apud
920 2062 1116 2099 Romanos

134 2112 292 2150 infames
320 2123 445 2159 erant,
475 2124 514 2153 ut
539 2116 618 2164 jam
650 2115 753 2163 supra
787 2113 834 2151 ad
857 2127 891 2156 1,
917 2125 951 2156 1,
979 2112 1035 2150 16.
1063 2111 1118 2149 di·-

137 2162 261 2200 etum:
291 2164 467 2203 Attellani
489 2178 568 2204 non
585 2167 688 2203 item.
741 2165 871 2202 Livius
889 2163 912 2200 l.
933 2163 967 2200 d.
997 2167 1041 2200 Eo
1062 2165 1116 2198 in-

125 2215 285 2260 stimmm
306 2228 435 2259 manet,
462 2229 499 2252 ut
516 2217 641 2252 ar‘lores
660 2217 931 2255 2Attellanarum
952 2228 1007 2249 nec
1027 2213 1118 2250 triba

134 2276 332 2300 moveantur
345 2293 355 2309 ‚
368 2274 413 2301 <J
426 2265 594 2314 stipendia
611 2278 775 2316 tanquam
793 2275 938 2314 expertes
954 2265 1041 2300 artis
1065 2265 1118 2299 lu«-

137 2314 247 2352 dirrae
261 2318 403 2362 faciant.
431 2316 626 2353 VORST.

186 2378 245 2415 37.
275 2371 396 2416 Neque
417 2366 506 2402 tribu
526 2364 692 2414 movetur]
726 2364 834 2402 Idem
851 2362 962 2400 tradit
984 2363 1116 2401 Livius

137 2416 197 2454 lib.
230 2429 300 2454 vn.
331 2417 403 2454 Sed
430 2429 553 2467 neque
584 2417 779 2466 personam
802 2414 1058 2462 deponebant,
1092 2413 1119 2452 fi

142 2468 263 2505 minus
295 2468 505 2517 placerent,
534 2467 638 2519 quod
673 2475 815 2504 ceteros
835 2465 1042 2502 Histrio-nes
1061 2465 1116 2503 fa-

138 2529 243 2564 cere,
270 2516 412 2557 necesse
432 2527 531 2564 erat,
558 2527 600 2557 ut
620 2518 736 2556 scribit
757 2516 889 2554 Festus.
917 2515 999 2563 lege
1024 2519 1121 2555 λιι-

131 2572 219 2620 gust.
253 2569 291 2605 de
319 2573 422 2607 Civit.
447 2573 510 2606 Dei
542 2570 601 2607 lib.
619 2570 663 2612 Π.
682 2583 707 2606 c,
732 2579 789 2614 27.
828 2567 1032 2608 Ulrnobium
1060 2567 1119 2605 lib.

138 2623 293 2659 V11.Cic.
322 2624 357 2658 in
372 2624 497 2669 fhmnio
519 2623 692 2670 Scipionis.
722 2618 915 2657 COLER.

189 2671 248 2722 38.
276 2671 527 2721 Saecularibus]
555 2674 745 2709 Saeculares
766 2667 840 2707 ludi
853 2697 863 2714 ,
886 2670 950 2719 qui
973 2668 1118 2719 fingulls

137 2723 285 2761 saeculis
303 2723 587 2762 celebrabantur.
638 2723 700 2761 De
717 2721 832 2770 spatio
843 2723 969 2770 fitecnli
989 2729 1116 2759 autern

139 2773 301 2811 diversae
330 2775 550 2818 sententiae;
582 2781 622 2812 ut
648 2772 869 2812 Censorinus
891 2783 921 2810 c.
948 2784 1006 2820 17.
1026 2771 1050 2810 1.
1071 2771 1117 2811 de

139 2823 198 2861 die
214 2832 286 2862 nat.
311 2826 474 2875 exponit.
503 2825 701 2864 VORST.

190 2902 249 2940 39.
277 2893 379 2941 Cujus
395 2895 528 2942 generis
547 2895 654 2928 mimos
676 2903 764 2928 certa
785 2892 910 2928 notitia
927 2889 989 2940 eft]
1030 2889 1117 2928 Imo

140 2953 233 2980 vero
255 2941 491 2981 saecularium
511 2942 687 2981 ludorum
716 2942 788 2988 (de
805 2942 846 2979 iis
863 2941 1044 2991 loquitur)
1074 2953 1118 2978 o-

142 2993 221 3044 rigo
234 2993 350 3033 certa.
377 2994 581 3047 meliusque
614 2993 775 3033 omnino
800 2992 883 3032 libri
905 2993 1036 3043 prisci,
1055 2995 1123 3030 mi·

1159 2784 1228 2833 fibi
1251 2782 1457 2835 jaflabumla
1488 2785 1651 2820 cornicula
1689 2779 1888 2817 vindicavit.

1165 799 1227 823 nus
1257 787 1353 823 trita.
1407 784 1497 823 Satis
1529 783 1635 823 firma
1663 782 1814 834 quidem
1839 790 2012 834 certaque
2034 781 2146 819 tradi-

1165 839 1243 879 tio,
1279 845 1316 873 at
1347 848 1426 872 non
1457 835 1622 885 adaeque
1651 834 1808 882 vulgata.
1846 834 1967 870 LlPS.
2019 836 2149 869 Minus-

1165 898 1265 922 certa.
1294 887 1402 933 Lego
1427 897 1471 922 ex
1493 886 1552 922 lib.
1583 887 1681 922 Dan.
1710 884 1904 922 audaeter:
1933 886 2039 919 mimos
2060 887 2147 920 trita.

1167 939 1302 972 notitia.
1331 937 1453 972 minus
1473 937 1556 972 trita
1579 936 1758 984 elegantia
1773 963 1783 979 ‚
1805 935 1927 984 quales
1949 936 2147 973 amatVal.

1169 986 1240 1023 Sed
1262 987 1312 1023 ita
1343 985 1486 1034 Lipsius
1518 998 1670 1036 quoque
1703 994 1923 1022 correxerat.
1952 985 2144 1023 COLER.

1167 1041 1270 1087 Captis
1287 1039 1420 1087 generis
1440 1039 1547 1073 mimas
1570 1041 1653 1073 trita
1676 1038 1798 1073 notitia
1818 1039 1871 1084 est.
1898 1035 2044 1084 Pighius
2068 1048 2147 1074 ma-

1166 1089 1232 1126 luit
1255 1092 1363 1124 minus
1391 1100 1502 1131 certa;
1533 1101 1619 1126 cum
1654 1099 1786 1125 omnes
1805 1087 2028 1137 antiquiores
2051 1090 2147 1136 typis

1168 1140 1316 1188 expressi
1344 1139 1501 1176 habeant
1524 1142 1631 1176 minus
1661 1142 1757 1175 trita.
1811 1138 1882 1176 Sed
1906 1139 2053 1176 monuit
2081 1139 2147 1175 Li-

1168 1190 1260 1239 psius
1274 1219 1284 1235 ,
1306 1189 1483 1227 ludorum
1502 1189 1740 1228 saecularium
1764 1190 1946 1238 originem
1965 1189 2043 1226 satis
2066 1191 2148 1238 qui·-

1171 1242 1257 1279 dem
1281 1249 1419 1278 certain
1436 1269 1446 1285 ‚
1468 1253 1597 1279 verum
1621 1253 1699 1278 non
1720 1252 1836 1289 aeque
1857 1241 1979 1278 tritam
2002 1251 2043 1277 ac
2066 1241 2145 1277 vul-

1169 1301 1295 1341 gatam
1319 1289 1443 1329 fuisse:
1467 1303 1510 1328 ac
1531 1292 1686 1341 proinde
1706 1303 1750 1328 ex
1770 1291 1887 1339 priscis
1906 1290 2000 1327 libris
2020 1291 2146 1339 legen«

1171 1344 1261 1381 dum
1285 1343 1446 1380 omnino
1467 1346 1562 1379 trita.
1610 1343 1705 1379 Sane
1722 1354 1800 1378 non
1820 1342 1922 1380 aliter
1938 1353 2030 1378 unus
2052 1354 2148 1391 quo-

1171 1407 1243 1445 que
1267 1393 1353 1432 cod.
1374 1393 1503 1431 Brand.
1525 1396 1563 1432 &
1587 1393 1670 1430 cod.
1689 1393 1839 1429 P.Dan.
1863 1403 1976 1442 quein
1993 1392 2148 1430 Colerus

1168 1446 1346 1494 inspexit,
1371 1444 1520 1482 habent.
1548 1444 1744 1483 VORST.
1796 1444 1894 1479 Trita
1924 1455 2077 1492 quoque
2101 1444 2149 1481 est

1168 1499 1207 1536 in
1230 1496 1406 1535 undecim
1429 1495 1556 1534 nostris
1570 1525 1580 1541 ,
1595 1495 1671 1533 duo
1683 1494 1841 1543 instrm‘h
1861 1493 1997 1532 habent
2009 1522 2018 1537 ‚
2033 1496 2145 1532 ceteri

1166 1559 1266 1586 certa.
1337 1548 1391 1585 Ita
1417 1558 1505 1583 certa
1534 1559 1602 1597 pro
1640 1548 1725 1583 trita
1754 1546 1892 1583 habent
1919 1545 2032 1582 etiam
2074 1544 2150 1582 duo

1166 1602 1276 1638 Rem.
1295 1599 1340 1636 L.
1354 1610 1396 1635 11.
1418 1598 1451 1635 6.
1478 1611 1533 1645 17.
1563 1599 1702 1635 Humili
1723 1605 1768 1632 ΕΤ
1793 1599 1877 1633 trita
1898 1594 2149 1645 confitetucline,

1168 1667 1232 1703 quo
1248 1651 1294 1699 fit
1312 1649 1536 1686 venerabilius
1559 1663 1701 1685 ‘vacuum
1719 1647 1777 1696 effe
1797 1649 1959 1683 convenit.

1216 1715 1276 1749 40.
1302 1700 1384 1737 Urbs
1403 1712 1505 1750 atque
1523 1699 1616 1751 agri]
1633 1700 1691 1737 Sic
1706 1698 1909 1746 legendum
1931 1705 2034 1747 put0.
2061 1699 2152 1736 Ereti

1169 1752 1344 1792 meminit
1366 1752 1470 1800 Virg.
1491 1751 1538 1789 L.
1561 1764 1631 1789 vii.
1652 1749 1810 1789 Aeneid.

1217 1824 1310 1861 Ereti
1330 1835 1446 1858 manus
1466 1823 1571 1859 omnir
1585 1850 1595 1867 ‚
1623 1822 1861 1871 oliviferaeque
1885 1818 2076 1869 Mutuscae.

1168 1902 1243 1940 Pro
1267 1915 1314 1942 eo
1338 1903 1497 1941 nomine
1519 1901 1708 1941 Oliverius
1723 1904 1848 1949 fretum
1875 1900 1973 1949 legit.
2027 1902 2152 1951 Quia,

1167 1954 1311 2004 inquit,
1325 1953 1532 2003 petentibus
1548 1955 1759 1992 Tarentum
1773 1951 2060 2001 ingrediendum
2075 1962 2155 1990 erat

1169 2017 1270 2043 mare
1301 2006 1559 2055 Tyrrhenum.
1597 2005 1698 2043 idem
1730 2016 1798 2053 pro
1818 2006 1928 2039 vicum
1958 2003 2047 2051 legit
2067 2007 2155 2040 vici—

1167 2070 1245 2092 num
1264 2057 1408 2093 Sabinae
1429 2058 1584 2106 regionis.
1636 2056 1755 2093 Porro
1780 2055 1986 2103 genitivum
2002 2055 2154 2101 filiorum

1169 2119 1237 2156 pro
1260 2109 1458 2152 liberorum,
1486 2108 1592 2145 initio
1614 2107 1722 2156 hujus
1742 2106 1912 2142 historiae
1926 2107 2065 2152 ,&fil1'i
2086 2118 2154 2153 pro

1168 2159 1265 2195 liberi
1297 2159 1344 2197 ad
1376 2159 1491 2197 finem
1526 2157 1689 2208 ejusdem
1721 2156 1847 2195 dixifle
1876 2155 2022 2194 videtur
2042 2157 2163 2194 Vale-2>

1169 2210 1253 2247 rius.
1284 2210 1558 2248 GLAREAN.

1220 2287 1274 2321 41.
1320 2274 1403 2311 Urbs
1432 2276 1576 2323 antiqua
1604 2274 1746 2323 agrique
1773 2271 2016 2322 vastarentur]
2053 2272 2151 2310 Bene

1173 2323 1377 2361 Glareanus
1391 2352 1401 2369 ‚
1420 2323 1511 2360 Ur'hs
1533 2335 1635 2374 atque
1652 2327 1729 2373 agri
1750 2324 1910 2360 correxit
1922 2338 1932 2366 ;
1954 2325 2153 2361 manuscri-

1171 2375 1223 2423 pti
1247 2374 1326 2412 libri
1348 2386 1481 2413 omnes
1506 2375 1584 2412 fere
1604 2374 1753 2422 legunt,
1777 2374 1859 2410 Urbs
1876 2377 2018 2425 agrique
2037 2377 2155 2422 wasta--

1172 2437 1296 2462 rentur.
1323 2437 1403 2464 non
1424 2425 1532 2463 male.
1560 2425 1701 2462 PIGH.
1736 2425 1785 2462 Et
1807 2424 1869 2462 diu
1892 2434 1977 2462 ante
2000 2426 2155 2462 Glarea-

1172 2488 1264 2514 num
1287 2477 1431 2515 notavit
1453 2475 1697 2525 Theophilus,
1749 2476 1893 2513 Vetusti
1919 2475 2062 2513 codices
2083 2489 2151 2510 ‚mn

1172 2529 1200 2563 ti
1225 2543 1270 2564 ua
1283 2527 1439 2565 verbum
1457 2539 1536 2565 non
1557 2527 1694 2565 habent
1707 2538 1817 2575 ,ergo
1840 2527 1899 2563 vel
1920 2524 2142 2563 eradendum

1173 2581 1206 2615 el
1242 2579 1300 2616 vel
1321 2578 1600 2616 emendandum
1629 2579 1680 2616 est
1700 2583 1841 2628 esseque.
1894 2579 1947 2613 Ut
1968 2588 2043 2612 non
2066 2575 2147 2612 Ro-

1173 2640 1236 2667 ma
1248 2630 1367 2668 solum
1380 2659 1390 2675 ,
1401 2629 1462 2668 sed
1478 2630 1640 2679 proximi
1661 2641 1813 2680 quoque
1834 2628 1922 2665 fines
1935 2628 2008 2675 ejus
2024 2654 2032 2669 ,
2045 2634 2155 2663 inor--

1169 2679 1207 2718 bi
1229 2682 1455 2731 contagione
1478 2679 1593 2720 essent
1614 2680 1791 2730 impliciti.
1839 2677 1980 2725 Quibus
2000 2676 2147 2726 subjun-

1167 2733 1221 2781 git
1248 2735 1393 2772 Anton.
1425 2734 1560 2771 Lenas.
1607 2736 1704 2769 Haec
1734 2729 1754 2766 ἷι
1791 2730 1986 2764 Minutiano
2017 2738 2148 2777 reperta-

1967 2777 2146 2816 Ceterum

1167 2834 1246 2871 urbs
1267 2839 1407 2886 agrique
1425 2835 1537 2873 habet
1559 2834 1627 2872 Ed.
1649 2833 1754 2878 Mog.
1768 2830 1914 2867 Veneta
1933 2841 2024 2866 vero
2041 2829 2147 2875 1478.

1170 2884 1267 2923 Urbis
1286 2890 1431 2937 antiqua
1446 2915 1455 2931 ,
1481 2887 1635 2936 agrique.
1675 2882 1756 2919 Urbs
1774 2883 1913 2931 agrique
1937 2881 2063 2917 nititur
2084 2891 2154 2917 au·

1177 2936 1347 2976 &oritate
1368 2938 1578 2976 nostrorum
1601 2934 1773 2972 omnium
1796 2931 1993 2969 Codicum.

1224 2999 1290 3034 42..
1312 2989 1467 3038 Valesius
1491 2989 1547 3028 vir
1567 2983 1726 3036 locuples]
1757 2984 1871 3023 Hunc
1891 2979 2060 3021 Zosimus
2089 2979 2172 3069 ind-e.
