2516 3509
345 122 448 176 816
561 99 965 168 VALERII
1040 89 1428 150 MAXIMI
1504 92 2088 154 L12.1X.CA12.111.

348 217 503 279 pejum
539 203 770 254 consulem
806 197 1046 245 inimicum
1081 189 1210 238 suum
1244 185 1541 235 successorem
1576 187 1659 236 fibi
1694 191 1861 252 mitti,
1905 209 2063 240 omnes
2102 192 2180 258 qui
2213 189 2354 238 modo

350 288 395 317 ²⁶
431 286 641 334 militiam
677 281 799 328 suam
833 275 1078 325 voluerunt
1113 269 1262 327 finiri,
1297 264 1504 313 dimifit:
1550 282 1832 316 commeatus
1862 269 2123 332 petentibus
2145 305 2160 330 ‚
2206 282 2354 331 neque

350 365 502 415 caussis
526 362 744 421 excussis,
781 373 928 423 neque
956 352 1212 401 constituto
1249 359 1491 409 tempore,
1524 345 1674 396 dedit:
1714 349 1873 395 horrea
1907 349 2171 396 custodibus
2204 364 2354 395 remo-

350 449 406 494 tis
439 457 701 508 opportuna
736 439 914 502 rapinae
949 431 1180 498 praebuit:
1216 442 1373 484 arcus,
1405 422 1672 489 sagittasque
1694 425 1984 473 Cretensium
2019 427 2195 491 frangi,
2219 439 2355 489 atque

352 525 400 570 in
434 538 612 568 amnem
647 517 783 581 abjici
814 512 979 578 juffit:
1032 505 1282 571 elephantis
1327 501 1496 548 cibaria
1538 502 1632 548 dari
1679 503 1842 549 vetuit.
1911 501 2096 560 Qibus
2140 503 2266 550 factis
2302 518 2354 551 ut

353 602 597 667 cupiditati
633 599 730 645 suae
765 591 985 649 indulsit,
1030 590 1092 635 ita
1125 582 1374 649 magnifice
1420 581 1647 646 gestarum
1690 599 1840 629 rerum
1882 581 2076 645 gloriam
2119 586 2354 648 corrupit:

354 683 662 744 meritumque
696 677 921 722 honorem
957 665 1219 729 triumphi,
1268 669 1310 702 27
1347 661 1548 707 hostium
1572 694 1587 720 ,
1634 677 1769 724 quam
1805 662 1894 707 irae
1915 694 1931 719 ,
1974 659 2139 709 fortior
2181 663 2354 726 victor,

360 762 521 809 amisit.

230 885 250 922 8
426 841 557 900 Qid
594 838 747 897 Sulla,
782 835 892 882 dum
927 831 1037 877 huic
1072 829 1188 876 vitio
1223 825 1511 888 obtemperat
1533 857 1547 882 ,
1593 836 1745 868 nonne
1780 820 1929 866 multo
1964 819 2110 866 alieno
2138 820 2355 886 ‘sanguine

143 939 226 966 Am„
249 914 316 966 [ub.
360 918 572 986 profuso,
618 915 672 961 ad
705 915 921 961 ultimum
957 910 1004 956 ὃ(
1041 908 1168 955 suum
1203 903 1449 968 erogavit?
1496 901 1699 948 Puteolis
1733 901 1856 945 enirn
1888 898 2043 945 ardens
2076 899 2351 963 indignatio-

144 978 319 1052 ξιξεὼῐῐὲῐουτ-
358 1014 449 1057 ne,
495 995 618 1059 qUOd
654 993 851 1040 Granius
895 989 1105 1053 princeps
1138 986 1233 1048 ejus
1268 983 1473 1030 coloniae
1505 981 1744 1045 pecuniam
1779 977 1805 1025 a
1839 977 2160 1024 decurionibus
2195 979 2248 1025 ad
2284 996 2351 1026 re-

360 1077 604 1125 fectionem
627 1068 850 1134 Capitolii
875 1063 1135 1130 promissam
1171 1061 1458 1109 cunctantius
1493 1060 1646 1117 daret,
1680 1057 1817 1104 animi
1853 1057 2165 1103 concitatione
2198 1059 2363 1118 nimia,

355 1170 491 1218 atque
530 1151 572 1180 23
611 1149 913 1197 immoderato
948 1145 1073 1192 vocis
1107 1145 1285 1205 impetu
1320 1137 1536 1187 convulso
1571 1135 1755 1200 pectore
1777 1169 1793 1194 ‚
1847 1134 2053 1199 spiritum
2099 1151 2262 1184 cruore
2301 1155 2352 1186 ac

358 1236 489 1280 minis
534 1231 719 1278 mistum
767 1225 990 1274 evomuit.
1060 1222 1170 1269 Nec
1216 1219 1337 1266 senio
1376 1221 1471 1283 jam
1506 1214 1774 1280 prolapsus,
1818 1225 1982 1276 utpote
2027 1212 2350 1278 sexagesimum

174 1350 197 1355 ⁷-
2284 1312 2353 1342 in-

411 1446 472 1482 26.
504 1444 679 1480 Militiam
695 1443 793 1489 sacam
812 1436 929 1486 finiri]
953 1436 1010 1473 Sic
1032 1435 1108 1471 fere
1125 1432 1232 1471 MSS.
1254 1431 1332 1469 Co·
1385 1431 1422 1468 ὃ(
1452 1428 1498 1466 fic
1529 1429 1640 1466 etiam
1681 1436 1813 1464 ornnes
1839 1423 1970 1473 Pighio
2000 1424 2226 1473 antiquiores
2256 1424 2352 1464 Edd.

362 1497 434 1543 pes.
460 1504 587 1532 tamen
614 1495 715 1540 finire
744 1500 783 1528 ut
810 1489 999 1537 legebatur
1028 1495 1113 1522 ante
1134 1483 1305 1532 Pighiuin
1323 1510 1333 1526 ‚
1385 1481 1455 1518 Sed
1476 1481 1584 1528 Mog.
1613 1489 1698 1516 cum
1721 1476 1803 1514 MS.
1830 1475 1961 1522 Ultraj.
1987 1475 2056 1512 sec.
2081 1475 2278 1512 verecundia
2306 1480 2352 1524 est

365 1547 476 1583 etiarn
497 1542 630 1584 omisso
644 1546 762 1591 suarm
784 1540 844 1578 sed
866 1551 951 1577 cum
965 1537 1071 1575 MSS.
1100 1535 1334 1573 consentiunt

367 1598 474 1644 Mog.
502 1595 659 1633 Mediol.
686 1592 832 1630 Ascens.

413 1660 474 1693 27.
503 1649 658 1692 Hostium
686 1658 787 1694 quam
815 1644 884 1678 irae
908 1640 1026 1684 fortior
1049 1634 1173 1684 νὶἕῖον]
1204 1636 1334 1683 Guye-

364 1705 406 1735 to
438 1698 668 1736 scribendum
700 1694 915 1735 videbatur,
946 1691 1072 1726 fortior
1097 1688 1224 1724 aufflor.
1252 1686 1333 1723 Ine-

364 1758 475 1836 Ρῒῗ8.
504 1796 719 1834 Immoderaro
741 1793 829 1829 vocis
849 1789 992 1839 impetu]
1023 1789 1081 1826 Sic
1100 1787 1209 1824 MSS.
1226 1787 1336 1833 MOg.

368 1851 406 1886 δε
428 1849 586 1887 Mediol.
609 1847 735 1894 Vulgo
768 1844 1015 1880 immoderatae.
1044 1837 1260 1875 emendavit
1278 1837 1336 1873 Pi-

367 1901 484 1949 gliius.

419 1965 480 2000 29,
510 1949 574 1987 Sed
595 1950 683 1984 alita
705 1946 844 1994 miseriis
875 1942 988 1992 populi
1009 1939 1149 1988 Romani
1177 1938 1338 1988 impoten-

365 2003 416 2037 tia
441 2000 576 2049 furem]
618 2000 658 2035 In
680 1995 953 2042 manuscriptis,
981 1992 1044 2027 Sed
1073 1992 1161 2026 alna
1193 1989 1334 2036 miseriis

366 2054 563 2099 reipublnue
595 2050 803 2097 impotentia.
832 2044 972 2082 PIGH.
1000 2040 1247 2078 Consentiunt
1266 2050 1334 2075 no·

370 2103 438 2139 stri.
466 2115 533 2152 pro
563 2104 708 2137 mixtum
732 2098 865 2145 Ultraj.
891 2096 958 2132 sec.
987 2094 1024 2130 ὃς
1046 2093 1153 2139 Mog.
1179 2092 1337 2126 commix-

363 2166 446 2190 tum.

423 2216 481 2254 30.
521 2204 638 2251 Neque
673 2199 714 2235 ab
744 2198 866 2249 ignoti5
899 2195 1049 2242 exempla
1073 2203 1180 2242 petere
1208 2195 1337 2239 juvat,

370 2264 413 2291 Ο·
436 2256 592 2290 maximis
614 2253 699 2286 ‘viris
721 2248 916 2297 exprobrare
935 2248 1024 2282 ‘vitia
1038 2247 1102 2291 sua
1124 2241 1338 2279 verecundiae

371 2305 433 2355 est]
463 2306 560 2343 Tres
581 2303 660 2339 libri
683 2310 824 2337 veteres
844 2298 1003 2339 habent,
1033 2297 1131 2331 Nunc
1149 2294 1190 2329 ab
1211 2294 1339 2343 ignotis

370 2358 519 2405 exempla
549 2367 654 2403 petere
682 2357 779 2394 iuvat
801 2379 811 2394 ‚
851 2348 906 2397 sed
934 2348 1093 2383 maximis
1122 2346 1230 2388 viris,
1266 2352 1339 2380 (fc.

374 2410 466 2456 Quo
495 2407 583 2443 loco
616 2407 769 2452 ignotus,
798 2412 864 2449 pro
891 2399 1086 2446 peregrino
1112 2397 1167 2431 vel
1202 2405 1338 2430 externo

369 2458 534 2496 sumitur.
560 2454 700 2492 PIGH.
729 2457 849 2499 Neque
867 2451 908 2485 ab
930 2450 1053 2500 ignotis
1073 2447 1225 2491 exempla
1252 2457 1339 2491 pete-

373 2524 408 2546 re
433 2515 547 2554 jmrat.
575 2505 723 2553 Pighius
752 2514 820 2549 pro
850 2515 952 2548 neque
979 2496 1208 2535 scribendum
1237 2503 1340 2542 putat

379 2574 486 2602 nunc3
517 2556 621 2607 quod
647 2556 683 2592 in
710 2554 822 2590 tribus
848 2550 944 2587 libris
972 2548 1115 2596 reperit.
1171 2547 1223 2582 At
1251 2546 1342 2582 inihi

379 2609 615 2648 retinendum
637 2604 782 2642 videtur
802 2615 927 2650 neque:
955 2598 1057 2647 quod
1074 2597 1159 2634 &in
1183 2604 1342 2644 utroque

381 2661 465 2699 cod.
486 2657 666 2708 Brandeb.
689 2655 856 2693 observo.
884 2650 975 2687 Vult
996 2648 1155 2686 omnino
1178 2645 1342 2691 Auctor,

377 2725 459 2750 'non
476 2713 630 2759 juvare,
657 2706 692 2744 id
716 2706 783 2748 est,
812 2715 889 2741 non
912 2699 1092 2738 delectare
1119 2698 1153 2734 se
1174 2698 1342 2745 exempla

381 2764 424 2800 ab
452 2762 610 2810 ignotis,
640 2757 675 2795 id
704 2757 777 2799 est,
805 2753 936 2791 exteris
958 2752 995 2789 ἃ
1016 2749 1211 2798 peregrinis
1241 2757 1343 2795 pete-

382 2826 442 2856 re;
472 2812 531 2849 sed
560 2810 681 2859 potius
711 2803 957 2844 verecundiae
983 2801 1044 2837 fibi
1074 2798 1143 2836 esse
1171 2799 1342 2836 maximis

382 2866 479 2900 inter
499 2870 645 2899 exteros
668 2859 774 2901 viris,
802 2865 841 2894 ut
862 2851 1076 2892 Alexandro
1102 2851 1156 2887 M.
1185 2852 1221 2887 δε
1243 2850 1318 2886 aliis
1333 2879 1343 2893 ‚

381 2915 470 2951 vitia
497 2914 556 2949 sua
587 2910 818 2958 exprobrare.
846 2903 1039 2943 VORST.
1068 2903 1214 2938 Omnes
1236 2901 1342 2939 MSS.

380 2968 499 3014 Neque
516 2962 557 2999 ab
575 2963 698 3012 ignotis
716 2971 823 3008 petere
841 2957 991 3005 exempla
1016 2959 1141 3001 juvat,
1168 2960 1212 2986 Θ
1235 2953 1343 2987 maxi-

376 3018 438 3053 mis
474 3016 558 3051 viris
593 3011 788 3061 exprobrare
826 3010 915 3046 vitia
947 3007 1006 3055 [ua
1042 3001 1314 3050 verecundiaeesl·

1387 1532 1516 1581 Ultraj.
1544 1532 1651 1579 prim.
1679 1528 1722 1564 ab
1742 1528 1866 1578 ignotis
1885 1527 2058 1573 exemplis.
2077 1525 2153 1562 duo
2175 1528 2257 1576 quia
2281 1541 2354 1562 ma-

1383 1584 1488 1619 xlmis
1517 1583 1616 1618 viris.
1654 1582 1763 1630 Ignoti
1791 1578 1851 1615 hic
1879 1588 1957 1614 non
1983 1577 2063 1613 sunt
2089 1579 2220 1613 externi
2242 1605 2253 1621 ‚
2290 1577 2353 1616 sed

1388 1633 1528 1671 obscuri
1550 1661 1559 1676 ‚
1594 1630 1773 1680 ignobiles
1788 1657 1796 1671 ‚
1821 1639 1983 1678 quorum
2006 1627 2174 1676 exempla
2204 1628 2351 1676 profer-

1387 1685 1416 1721 ri
1438 1683 1599 1721 frustum
1624 1694 1701 1720 non
1721 1681 1862 1720 adfert,
1892 1680 1929 1716 &
1950 1679 2193 1715 verecundiae
2221 1686 2350 1716 tamen

1389 1735 1437 1771 est
1464 1734 1651 1771 recensere
1676 1732 1764 1769 vitia
1786 1730 2038 1768 maximorum
2062 1729 2230 1766 *virorum
2249 1757 2258 1772 ‚
2285 1728 2347 1767 sed

1387 1785 1459 1833 ipsa
1478 1784 1627 1822 instituti
1647 1783 1741 1821 ratio
1763 1780 1918 1830 postulat
1944 1787 1984 1816 ut
2000 1791 2077 1816 non
2098 1779 2320 1816 reticeantur
2335 1805 2346 1821 ‚

1386 1835 1479 1871 cedat
1493 1863 1503 1878 ,
1526 1836 1650 1883 itaque
1676 1833 1817 1882 inquit,
1835 1833 1994 1867 voluntas
2015 1829 2236 1878 operi‚quod
2257 1831 2349 1868 mihi

1386 1886 1466 1922 sum
1494 1884 1658 1922 conscius
1680 1896 1742 1920 me
1762 1879 1956 1919 necessaria
1982 1879 2159 1918 duntaxat
2178 1892 2323 1919 narrare
2340 1906 2350 1925 ‚

1389 1936 1479 1974 dum
1497 1936 1616 1985 probo
1634 1934 1792 1972 libenter
1807 1931 2000 1981 praeclara.

1436 1999 1495 2036 31.
1525 1988 1692 2022 Voluntas
1722 1987 1809 2033 operi
1835 1981 1929 2019 cedat
1954 1980 2031 2016 dum
2047 1982 2221 2027 praeclara
2244 1982 2351 2019 liben-

1386 2049 1436 2074 ter
1461 2036 1627 2083 probando
1653 2035 1827 2083 necessaria
1865 2030 2029 2068 narrandi
2058 2033 2256 2079 conscientia
2288 2048 2353 2070 nem

1385 2088 1487 2137 defit]
1517 2088 1597 2125 MS.
1624 2086 1720 2123 Cedit
1748 2087 1785 2122 δί
1802 2083 1911 2131 defiit.
1939 2083 1978 2119 F.
1999 2082 2158 2118 ‘voluntas
2182 2095 2232 2133 op.
2257 2085 2356 2121 cedit.

1388 2139 1465 2175 dum
1482 2150 1532 2186 pr.
1555 2141 1579 2177 l.
1603 2136 1695 2188 prob.
1717 2150 1785 2172 nec.
1816 2132 1980 2171 narrandi
2000 2135 2194 2181 confi‘ientia
2214 2149 2278 2171 non
2295 2135 2354 2171 de-

1382 2191 1458 2237 fiit.
1484 2189 1612 2227 Sensus
1632 2189 1692 2225 hic
1713 2187 1791 2224 erit.
1819 2187 1951 2234 Quum
1973 2183 2062 2221 fides
2091 2184 2268 2233 propofiti
2289 2198 2351 2223 me

1391 2248 1546 2278 moneat
1583 2237 1881 2277 excellentissima
1914 2245 2085 2284 quaeque
2121 2235 2321 2284 compleat
2344 2264 2356 2280 ‚

1390 2303 1502 2342 quarn
1525 2291 1640 2328 invita
1661 2288 1833 2327 voluntas
1852 2295 1980 2324 tamen
2001 2284 2104 2333 operi
2124 2285 2242 2330 cedit,
2262 2286 2353 2324 dum

1391 2342 1698 2393 quandoquidem
1726 2337 1909 2388 praeclara
1936 2336 2089 2373 libenter
2110 2336 2230 2384 probo
2258 2338 2355 2375 refe-

1392 2394 1532 2436 rendo,
1570 2393 1681 2430 etiam
1709 2402 1787 2428 non
1826 2387 1929 2426 desiit
1958 2386 2181 2424 conscientia
2208 2394 2358 2426 narran-

1391 2445 1427 2482 di
1454 2443 1661 2482 necessaria.
1694 2441 1732 2478 id
1763 2440 1812 2478 est
1837 2439 1932 2477 mala
1964 2438 2146 2485 exempla.
2171 2438 2358 2487 superiora

1391 2496 1498 2545 hujus
1519 2494 1718 2542 particulae
1738 2491 1835 2528 reete
1855 2489 2006 2526 restituit
2016 2488 2181 2525 Vorstius
2192 2490 2275 2531 ;sed
2289 2492 2359 2528 rni-

1393 2548 1496 2584 nime
1520 2545 1710 2583 intellexit.
1738 2542 1897 2579 Videtur
1917 2538 2060 2588 prorsus
2077 2538 2277 2586 legendum
2297 2556 2361 2578 νο-

1393 2600 1506 2634 luntas
1528 2598 1615 2646 operi
1635 2594 1751 2636 cedat,
1769 2591 1846 2628 dum
1859 2591 2034 2638 praeclara
2050 2588 2232 2637 probandi,
2259 2595 2361 2641 neces-

1383 2650 1483 2696 saria
1512 2645 1674 2683 narrandi
1701 2643 1895 2688 conscientia
1923 2656 1986 2677 non
2012 2639 2105 2683 defit.
2134 2641 2193 2677 vel
2221 2643 2333 2680 etiam
2353 2668 2365 2686 ,

1390 2698 1469 2735 dnm
1491 2699 1661 2746 praeclara
1682 2693 1847 2741 probando
1862 2720 1872 2735 ,
1898 2691 2072 2738 necessaria
2100 2692 2263 2729 narrandi
2282 2695 2362 2742 glo-

1392 2752 1445 2786 ria
1473 2765 1537 2785 non
1563 2748 1656 2796 defit.
1677 2743 1921 2783 PERIZON.
1953 2741 2059 2779 Leid.
2089 2744 2205 2790 quint.
2228 2744 2362 2793 Ultraj.
2383 2764 2391 2773 ν

1393 2801 1501 2848 prim.
1523 2796 1696 2848 probandi.
1726 2794 1835 2832 Leid.
1862 2794 1931 2831 sec.
1957 2791 2135 2830 narrando.
2174 2794 2299 2831 Ceteri
2320 2802 2361 2832 ut

1396 2851 1538 2893 editum
1568 2860 1690 2899 neque
1710 2844 1851 2884 necesse
1871 2844 1919 2881 est
1937 2843 2141 2893 quidquam
2165 2846 2310 2882 mutari.

1448 2914 1505 2950 32.
1534 2904 1612 2937 Tres
1640 2900 1809 2936 maximas
1837 2896 1995 2932 vimrias
2024 2894 2161 2930 totidem
2188 2896 2362 2932 amicorum

1394 2954 1527 2998 injustis
1555 2950 1706 2987 caedibus
1728 2949 1834 2984 νὶέῖον
1855 2943 2017 2993 edididit]
2049 2945 2090 2981 In
2113 2944 2286 2988 Susiano,
2308 2947 2362 2981 in-

1394 3005 1490 3052 justis
1508 3001 1661 3039 caedibus
1686 2999 1896 3050 deturpavit.
1924 2997 1967 3034 In
1983 2995 2252 3034 Pulmanniano
2267 3020 2277 3039 ,
2304 2998 2364 3030 In-

2307 3060 2369 3094 Ju-
