2516 3509
622 129 768 188 DE
879 126 1549 196 OMINIBUsg

2045 142 2114 203 55

883 257 1356 306 ExTERNA.

182 382 341 451 Adjici
369 377 528 429 nostris
555 377 648 426 duo
677 375 875 443 ejusdem
907 378 1080 442 generis
1116 384 1158 415 54
1175 376 1425 439 alienigena
1446 372 1654 436 exempla
1688 387 1781 418 non
1798 373 1981 422 absurde
2015 373 2116 440 pos·

117 466 233 517 sunt.

303 473 342 505 55
369 463 509 513 Samii
546 462 585 497 ⁵⁶
604 458 916 508 Prienensibus
944 459 1165 508 auxilium
1185 455 1387 506 adversus
1406 455 1544 503 Caras
1564 452 1940 518 implorantibus,
1986 463 1999 490 ⁵
2008 463 2026 496 7
2050 473 2119 503 as-

117 545 326 613 rogantia
350 541 572 602 instinffi,
606 557 692 606 pro
721 538 850 587 claffe
881 539 931 588 δεῖ
957 541 1162 587 exercitu
1199 536 1239 575 5⁸
1261 533 1523 598 cymbulam
1551 534 1612 581 eis
1644 530 1806 580 derisus
1829 534 1974 596 gratia
1991 535 2125 582 mise·

119 762 277 806 utraque
297 751 430 804 Thyfii
447 751 586 791 Editio.
621 749 739 799 Quod
758 762 803 788 ex
820 749 924 799 Virg.
942 748 988 786 L.
1007 758 1094 787 v111.

123 806 284 850 Aeneid.
295 819 329 843 v.
343 817 425 855 725.
436 803 576 842 dudum
588 802 635 839 est
647 802 931 838 exterminatum
937 815 947 843 ;
961 811 1096 850 quem-

121 857 329 896 admodum
366 855 479 894 etiam
507 865 553 891 ex
586 851 815 900 Thucydide
842 852 881 887 &
909 851 1095 893 Sallustio,

123 920 221 959 quos
240 908 277 945 in
296 906 473 945 auxilium
492 903 593 940 idem
611 902 770 939 vocabat
789 899 986 937 oliverius.

173 971 232 1007 57.
269 956 502 1007 eArrogantia,
520 949 690 999 instinHi]
724 947 921 985 Pulmanni
949 947 1096 991 codex,

123 1010 332 1059 ‘Arroganti
354 1006 521 1051 instincflu.
577 1003 704 1049 Atque
728 997 817 1035 illud
846 997 957 1034 etiam
985 997 1096 1034 rec'te.

121 1061 183 1098 Sic
210 1059 309 1096 enirn
337 1056 472 1092 Cicero
493 1081 503 1096 ,
538 1062 633 1100 quae
659 1047 829 1086 instineiu
855 1048 983 1086 divino
1012 1049 1097 1085 fun-

123 1111 261 1149 duntur
280 1136 291 1152 ‚
323 1106 369 1144 de
397 1104 547 1142 divinat.
580 1115 610 1139 1.
639 1099 787 1138 &alibi
812 1099 929 1148 saepe.
956 1099 1096 1138 PIGH.

119 1158 348 1209 arrogantia
367 1156 526 1203 instinc-'th
579 1153 633 1190 lta
656 1158 798 1189 veteres
824 1152 919 1199 typis
947 1151 1097 1199 expreffi

121 1213 162 1249 ὃ(
182 1209 288 1248 MSS.
315 1208 407 1245 item
433 1204 612 1243 Brandeb.
638 1203 784 1251 Pighius
812 1202 848 1238 in
869 1201 952 1239 cod.
979 1202 1099 1240 Pulin.

123 1261 258 1309 reperit
276 1258 450 1309 arroganti
470 1256 648 1304 instimslu:
670 1253 783 1303 idque
804 1253 960 1302 probum
984 1261 1099 1302 putat.

121 1311 242 1350 Nobis
260 1311 360 1348 secus
379 1308 546 1350 videtur3
576 1314 616 1343 ut
645 1305 706 1355 qui
729 1304 1010 1343 meminerimus
1037 1316 1100 1342 au-

124 1362 268 1400 ‹storem
289 1363 327 1398 ὅ(
347 1361 441 1397 infra
457 1359 506 1396 ita
523 1358 693 1394 locutum
707 1383 717 1399 ,
744 1356 797 1392 uti
817 1366 916 1392 nunc
943 1356 1002 1392 hic
1024 1355 1100 1392 edi-

125 1424 220 1450 mus.
246 1412 441 1449 VORST.
496 1410 666 1457 Guyetus
683 1404 938 1444 assentiebatur
955 1406 1099 1455 Pighio.

122 1464 223 1501 Cum
235 1463 388 1500 Vorstio
409 1461 549 1498 faciunt
569 1470 701 1497 omnes
729 1456 851 1494 nostri.
879 1456 978 1495 Vide
1004 1459 1099 1495 infra

122 1515 170 1552 L.
197 1521 277 1552 111.
296 1514 329 1550 8.
357 1514 440 1550 Ext.
461 1524 493 1561 3.

175 1565 235 1613 58.
262 1564 422 1612 Sibyllam
446 1577 491 1597 ets
519 1560 646 1609 derisus
665 1558 785 1610 gratia
812 1554 985 1606 miserunt]
1017 1558 1105 1595 Ma-

124 1616 305 1664 nuscripta
325 1613 547 1661 exemplaria
566 1610 748 1661 cymbulam
767 1621 846 1646 non
872 1609 1033 1655 Sibyllam
1052 1609 1105 1645 le-

121 1674 225 1714 gunt.
279 1666 362 1702 Nec
387 1663 559 1712 profeeio
594 1663 717 1710 inepte
740 1688 750 1704 ‚
786 1660 964 1696 nimirum
987 1687 997 1703 ,
1032 1671 1101 1707 pro

127 1714 235 1753 claffe
263 1714 477 1764 cymbulam
507 1712 621 1750 irrisus
647 1711 760 1761 gratia
782 1708 924 1747 missam
943 1709 1028 1746 licet
1047 1711 1104 1746 in-

125 1766 302 1815 telligere.
328 1766 455 1809 hoyo»
482 1775 646 1813 namque
675 1761 820 1799 videtur
846 1768 957 1809 atquc
985 1760 1104 1798 absur-

125 1818 216 1855 dum
230 1817 433 1862 ,feminam
454 1827 564 1852 unam
588 1816 625 1851 in
636 1813 813 1851 auxilium
832 1812 989 1848 mittere.
1012 1812 1103 1849 Duo

127 1869 189 1906 alii
218 1868 387 1912 codices,
425 1878 519 1916 quos
555 1864 725 1909 contuli,
768 1861 1007 1899 lembum-ulum
1035 1874 1105 1911 po-

128 1919 232 1957 suere
258 1931 325 1968 pro
352 1917 523 1967 cymbula,
550 1927 644 1966 quae
672 1927 748 1953 vox
774 1913 1004 1951 librariorum
1027 1914 1104 1950 cul-

127 1981 174 2019 pa
200 1969 446 2018 proculdubio
475 1980 520 2005 ex
546 1965 835 2005 interlinearibus
862 1965 1105 2002 annotatiun-

129 2020 218 2058 culis
236 2022 274 2057 in
292 2020 419 2058 locum
442 2019 588 2056 alterius
616 2016 765 2066 irrepsit.
820 2017 949 2054 Omen
976 2024 1100 2054 autem

130 2069 306 2119 accepiffe
341 2070 552 2108 Prienenses
588 2068 759 2106 videntur
793 2079 838 2104 ex
864 2067 941 2115 ipso
968 2067 1106 2115 navigii

130 2122 287 2158 nomine
308 2149 319 2166 ‚
354 2122 402 2159 est
431 2122 531 2158 enim
566 2121 677 2163 κύμβη
705 2119 856 2156 Graecis
883 2129 961 2155 nori
986 2117 1105 2155 solum

130 2171 274 2208 lembus
291 2172 351 2208 vel
367 2172 537 2209 navicula
549 2186 559 2214 3
588 2171 649 2208 sed
668 2171 781 2208 etiam
800 2177 930 2218 caput,
953 2176 1082 2206 vertex
1096 2197 1106 2213 ‚

130 2220 265 2259 fiducia
278 2249 287 2263 ‚
307 2233 349 2258 ac
366 2223 510 2259 summa
529 2233 652 2258 rerum
666 2249 676 2264 ‚
695 2218 818 2268 κορωνὶς
832 2224 886 2270 ,³53
906 2218 1106 2262 κεφάλιαον.

133 2273 262 2322 Atque
279 2271 329 2308 ita
351 2272 563 2320 cymbulam
575 2272 674 2308 illam
694 2269 1104 2317 interpretatiPrienen-

136 2323 189 2359 ses
216 2322 370 2358 libenter
401 2329 638 2368 receperunt,
666 2327 778 2365 atque
797 2317 907 2355 etiam
928 2317 1107 2353 vietoriae

136 2373 274 2411 ducem
293 2371 509 2409 habuerunt.
554 2369 668 2406 Erant
688 2375 814 2405 autem
837 2366 965 2403 Samiis
984 2366 1023 2402 in
1044 2366 1109 2403 usu

135 2423 295 2473 cymbae
316 2422 473 2459 biremes
487 2449 497 2466 ,
520 2418 745 2467 {iPolycrate
765 2425 925 2466 tyranno
945 2416 1108 2464 primum

134 2477 333 2517 inventae,
361 2473 483 2509 forma
511 2471 588 2507 fere
616 2468 775 2506 rotunda
804 2469 841 2505 ὃ(
862 2478 1049 2512 concava,
1075 2468 1114 2505 in

137 2525 208 2562 alvi
227 2535 342 2573 prope
362 2523 522 2571 effigiem
550 2520 744 2557 fabricatae
758 2547 767 2563 ‚
789 2518 938 2556 Duridis
957 2530 1048 2567 opus
1068 2529 1111 2555 ac

135 2575 359 2623 figmentum
373 2602 383 2617 ‚
398 2574 593 2611 Samaenas
611 2569 860 2619 appellabant;
892 2581 936 2606 ex
956 2581 1032 2618 quo
1052 2580 1110 2617 ge-

136 2638 226 2664 nere
256 2623 397 2662 miffam
435 2635 549 2661 unam
586 2620 688 2659 fuiss‘e
723 2619 919 2658 verisimile
955 2619 1110 2657 videtur.

138 2677 353 2714 Meminere
381 2675 645 2712 Samaenarum
681 2672 830 2716 Suidas,
875 2671 1110 2715 Plutarchus,

139 2729 179 2765 &
208 2728 419 2764 Athenaeus
441 2754 450 2769 ‚
486 2725 550 2774 qui
578 2724 713 2761 Samias
739 2723 830 2760 item
858 2722 986 2760 vocari
1012 2721 1111 2759 dicit.

136 2777 279 2815 PlGH.
306 2776 500 2824 cymbulam
526 2775 676 2812 restituit
691 2774 836 2823 Pighius
856 2773 876 2812 ὲ
894 2773 1001 2811 MSS.
1023 2784 1109 2809 cum

141 2836 227 2866 ante
255 2827 396 2865 editum
422 2824 543 2864 fuiffet
571 2825 743 2871 Sibyllam.
792 2824 892 2863 Prius
913 2823 1000 2861 illud
1020 2835 1112 2860 con-

138 2879 262 2916 firmat
287 2890 438 2928 quoque
465 2886 570 2914 vetus
599 2876 712 2913 editio
742 2876 854 2912 Mart.
883 2874 1034 2922 Herbip.
1072 2880 1113 2910 ut

141 2940 239 2978 quae
259 2928 433 2964 lembulam
450 2929 581 2965 habet:
610 2926 712 2976 quod
731 2926 774 2963 ab
803 2925 917 2963 altero
942 2925 1006 2962 illo
1032 2935 1111 2961 non

145 2979 306 3017 multum
326 2979 511 3027 discrepat.
537 2977 731 3016 VORST.
782 2976 865 3013 MS.
892 2976 986 3012 clare
1003 2974 1113 3012 habet

135 3030 298 3069 sibillam
314 3031 523 3068 launculam
540 3041 608 3079 pro
627 3027 838 3080 cymbulam.
898 3025 1043 3066 Dubito
1062 3023 1116 3064 sa-

2000 627 2121 661 l‘Usst.

1143 755 1193 784 ne
1214 747 1225 791 3
1266 757 1337 784 nec
1362 744 1471 795 plane
1496 744 1627 794 rejicio
1655 754 1738 781 eam
1765 740 1967 781 leuionem
1988 768 1999 785 ,
2035 751 2124 780 cum

1146 808 1237 834 mox
1254 798 1303 834 illi
1321 797 1457 835 tribuat
1473 809 1589 833 'reram
1610 797 1761 842 fatorum
1775 793 2031 843 praediffionem
2043 818 2054 836 ‚
2083 793 2124 831 ὃς

1147 847 1244 883 dicat
1263 846 1333 884 esse
1352 858 1524 895 receptam.
1555 846 1612 882 Sic
1633 845 1731 882 enim
1755 845 1926 881 MS.non
1944 853 2122 891 acceptam.

1124 923 1127 925 >
1147 896 1259 932 Forte
1269 897 1339 933 fuit
1349 895 1581 933 meretricula
1591 895 1647 932 illa
1663 924 1672 939 ‚
1683 896 1839 932 nomine
1853 895 1989 943 Sibylla.
2004 894 2122 942 Quod

1148 956 1293 982 nomen
1317 946 1356 982 in
1384 958 1499 983 omen
1526 953 1717 982 verterunt
1742 945 1973 988 Prienenses,
2009 952 2122 994 atque

1148 995 1210 1032 ista
1230 996 1443 1033 futurorum
1466 996 1622 1045 praescia
1642 996 1738 1033 forte
1761 995 1842 1032 fuit.
1872 995 2053 1044 Alioquin
2073 995 2125 1032 le-

1148 1046 1313 1094 gendum
1342 1047 1463 1084 forsan
1491 1047 1558 1084 erit
1586 1047 1805 1083 Lenunculum
1824 1046 1844 1082 i.
1875 1057 1906 1083 e.
1934 1046 2125 1093 navigium

1150 1097 1417 1145 piscatorium:
1454 1098 1619 1135 maxime
1642 1126 1651 1140 ‚
1698 1109 1783 1134 cum
1822 1098 1859 1133 ὅ(
1897 1095 1973 1133 duo
2007 1096 2123 1144 Pighii

1152 1148 1444 1186 COdd.habeant
1461 1148 1721 1191 lembuncqum,
1734 1147 1837 1196 quod
1858 1159 1902 1184 ex
1921 1149 2127 1183 lenunculum

1152 1208 1367 1248 corruptum
1396 1200 1444 1237 est
1465 1228 1475 1243 ,
1512 1207 1551 1242 ut
1579 1199 1691 1236 etiam
1719 1198 1816 1246 apud
1844 1198 2050 1235 Caesarem.
2088 1200 2127 1235 ὅ(

1152 1249 1299 1288 (1061101
1325 1250 1498 1299 ρῑοῑεέὶο
1526 1261 1568 1287 ac
1596 1250 1708 1286 rarior
1736 1249 1784 1285 est
1812 1261 1887 1286 vox
1913 1249 2127 1290 lenunculus,

1152 1313 1265 1350 quam
1288 1309 1329 1339 ut
1358 1299 1524 1338 Gloffam
1551 1300 1683 1349 sapiat;
1712 1300 1803 1349 quin
1830 1299 1952 1347 potius
1978 1298 2130 1346 cymbula.

1148 1350 1262 1400 glossa
1283 1353 1350 1389 erit
1369 1351 1399 1391 ξ’
1416 1353 1582 1387 lenunculi
1599 1379 1607 1394 ‚
1635 1363 1680 1387 ex
1699 1350 1847 1399 cymbula
1875 1349 2014 1385 fanum
2043 1348 2129 1385 dein

1150 1411 1241 1450 puto
1269 1403 1401 1440 Sibilla.
1423 1402 1668 1439 PERIZON.
1742 1400 1841 1436 Cum
1869 1399 1965 1435 Cod.
1994 1398 2127 1446 Copes.

1150 1453 1331 1491 consentit
1357 1453 1462 1491 Med.
1490 1453 1649 1502 quintus.
1712 1450 1860 1499 Reliqui
1883 1458 2042 1498 quatuor
2070 1449 2131 1486 vel

1142 1504 1289 1551 fibulam
1322 1505 1459 1542 habent
1494 1516 1580 1540 cum
1617 1501 1760 1539 duobus
1788 1501 1960 1538 Remcns.
1989 1502 2027 1537 ὅ(
2055 1512 2131 1536 11110

1155 1555 1262 1594 Leid.
1283 1555 1344 1592 vel
1370 1555 1548 1597 Sibillam,
1586 1565 1671 1590 cum
1692 1552 1802 1590 tribus
1832 1551 1939 1588 Leid.
1968 1552 2005 1587 &
2032 1558 2139 1587 utro-

1161 1619 1235 1656 que
1272 1606 1384 1644 Bitur.
1458 1606 1502 1643 In
1548 1604 1685 1641 oecavo
1722 1602 1829 1640 Leid.
1874 1602 1921 1639 est
1955 1600 2139 1639 sibullam.

1157 1659 1197 1694 ὅ(
1222 1658 1261 1694 111
1289 1657 1455 1705 margine
1483 1663 1635 1693 notatur
1660 1653 1797 1704 aliquid
1822 1654 1893 1689 vile
1912 1682 1922 1695 ‚
1964 1653 2022 1687 mel
2044 1651 2137 1697 film-

1155 1710 1246 1752 lam,
1270 1710 1326 1744 vel
1338 1711 1409 1754 fnit
1431 1708 1562 1743 mulier.
1619 1704 1726 1742 Leid.
1753 1712 1836 1741 tert.
1864 1715 1909 1740 ex
1939 1702 2141 1739 cori-edito„

1156 1770 1204 1795 ne
1231 1758 1483 1796 lembunculam.
1563 1756 1747 1804 Septimus
1774 1754 1978 1791 Lemhulam.
2015 1753 2144 1790 Heins.

1158 1807 1264 1858 prim.
1291 1808 1447 1846 SilnIIam
1473 1834 1484 1850 ,
1516 1808 1585 1845 sec.
1612 1807 1656 1844 ab
1684 1807 1751 1844 alia
1779 1817 1893 1843 mann
1921 1804 2080 1852 cymbam
2104 1805 2143 1840 in

1158 1872 1272 1909 marg.
1301 1860 1492 1897 lembulam.
1522 1857 1624 1896 Harl.
1653 1857 1801 1894 Sibulam
1822 1857 2036 1891 lenonculam.
2073 1854 2145 1891 Ul-

1158 1913 1238 1961 traj.
1259 1912 1364 1960 prim.
1391 1910 1623 1947 Lembuculam
1643 1908 1745 1958 quod
1772 1905 1872 1955 gloff.
1893 1906 2046 1954 exponit
2062 1917 2146 1955 par-

1157 1977 1237 1998 vam
1256 1965 1385 1999 navim.
1410 1962 1500 1998 alter
1520 1959 1728 1996 Lembucula.
1790 1959 1845 1995 Ex
1867 1957 1995 2006 quibus
2017 1956 2142 1993 omni-

1156 2012 1221 2050 bus
1235 2042 1244 2058 ,
1261 2013 1362 2063 ,quid
1380 2013 1471 2049 certi
1498 2012 1651 2049 statuam
1674 2021 1753 2047 non
1775 2008 1939 2045 invenio.
1983 2007 2139 2044 Inclinat

1158 2073 1287 2102 tamen
1313 2064 1457 2101 animus
1483 2070 1523 2099 ut
1551 2061 1699 2098 credam
1729 2060 1773 2097 ab
1799 2059 1952 2096 auetore
1972 2057 2010 2093 τά
2034 2057 2139 2105 Sibyl-

1160 2117 1253 2159 lam,
1277 2113 1348 2152 effe
1375 2112 1585 2164 profectum
1602 2141 1612 2156 ,
1648 2112 1670 2148 i.
1694 2123 1726 2148 e.
1757 2110 1953 2147 mulierem
1974 2108 2138 2158 aliquam·

1161 2166 1373 2209 fatidicam,
1402 2164 1526 2214 quales
1556 2174 1687 2200 omnes
1715 2161 1860 2209 sibyllas
1884 2167 2033 2197 vocatas
2054 2159 2141 2195 fuis»

1158 2217 1216 2261 se,
1252 2217 1332 2254 satis
1360 2216 1510 2253 constat.
1531 2222 1571 2251 ut
1598 2213 1711 2250 Samii
1738 2210 2015 2260 propemodum
2037 2209 2143 2246 idem.

1160 2275 1250 2303 tunc
1277 2266 1433 2302 fecerint
1456 2293 1466 2308 ,
1511 2264 1615 2313 quod
1642 2264 1679 2310 in
1705 2262 1802 2298 bello
1829 2259 2058 2298 Messeni-aco
2086 2261 2141 2296 A-

1160 2316 1365 2351 thenienses
1385 2343 1396 2359 ,
1433 2315 1622 2350 mittentes
1659 2312 1795 2349 ducem
1828 2311 2140 2348 Lacedaemoniis

1163 2365 1377 2412 Tyrtaeum
1410 2363 1582 2401 claudum
1612 2366 1790 2412 poetam,
1816 2362 1853 2399 in
1881 2369 2141 2409 contemptum

1164 2415 1339 2452 videlicet
1356 2415 1530 2463 ipsorum.
1547 2454 1559 2465 ,
1581 2414 1666 2461 Just.
1687 2414 1731 2449 L.
1757 2424 1836 2450 111.
1859 2425 1889 2460 5.
1912 2425 1943 2460 ς.
1962 2412 2010 2449 Et
2036 2411 2141 2448 vide-

1163 2474 1223 2503 tur
1248 2478 1327 2503 non
1361 2465 1480 2502 solum
1506 2465 1582 2501 hoc
1610 2464 1726 2512 magis
1754 2465 1956 2500 convenire
1991 2476 2058 2497 cum
2082 2463 2142 2506 fiz-

1166 2527 1273 2553 torum
1288 2515 1534 2563 praediffinite,
1559 2526 1671 2564 quam
1694 2510 2140 2553 commemoratAut‘tors.

1162 2567 1227 2605 sed
1246 2568 1358 2604 etiam
1383 2578 1468 2603 cum
1498 2578 1568 2610 eo,
1595 2565 1700 2614 quod
1727 2564 1837 2608 dicit,
1873 2560 2030 2600 habuiffe
2057 2561 2138 2598 illos

1160 2631 1233 2654 eam
1261 2618 1421 2654 viHoriae
1448 2616 1581 2659 ducem,
1619 2615 1708 2653 dum
1736 2616 1805 2652 scil.
1836 2613 2017 2660 utriusque
2044 2622 2141 2658 gen-

1161 2670 1206 2706 tis
1235 2669 1308 2706 fata
1335 2667 1511 2717 praedicit
1534 2696 1546 2712 ,
1590 2668 1627 2704 &
1655 2667 1848 2704 vic‘toriam
1886 2660 2134 2699 Prienensibus

1163 2719 1406 2768 spondendo,
1434 2719 1582 2756 illorum
1602 2718 1747 2754 animos
1767 2716 1812 2753 ad
1838 2724 2000 2761 pugnam
2029 2712 2145 2749 forti-⁷

1163 2779 1220 2807 ter
1248 2768 1501 2819 capeffendam
1540 2768 1719 2806 accendit.
1749 2803 1751 2806 ,
1797 2761 2136 2812 Quemadmodum

1165 2821 1313 2859 excitati
1339 2832 1491 2870 quoque
1519 2820 1667 2856 fuerunt
1701 2818 1750 2854 ita
1778 2813 2023 2852 Locrensium
2061 2814 2146 2849 ani-

1165 2873 1217 2908 mi
1245 2871 1265 2909 a
1294 2870 1604 2909 Lacedaemoniis
1631 2896 1641 2911 ,
1673 2878 1835 2917 quorum
1864 2864 2039 2902 auxilium
2067 2864 2147 2899 im-

1164 2922 1399 2971 ploraverant
1418 2951 1429 2966 ,
1466 2932 1579 2969 opem
1605 2927 1731 2967 petere
1762 2916 1844 2967 juffi
1871 2915 1891 2952 {i
1920 2915 2069 2951 Castore
2098 2915 2137 2951 ὅ(

1164 2971 1325 3010 Polluce.
1378 2972 1477 3010 Vide
1501 2971 1586 3018 Just.
1616 2970 1660 3006 L.
1688 2981 1746 3006 xx.
1773 2980 1808 3005 2.
1845 2970 2012 3021 Receptafn
2035 2963 2144 3013 quod?

1164 3023 1342 3073 personae
1369 3023 1515 3073 egregie
1553 3020 1729 3061 convenit
1748 3044 1764 3065 2
1802 3018 1955 3055 invenio
1983 3026 2019 3053 in
2046 3026 2145 3063 qua-

2031 3072 2148 3103 tue&
