2516 3509
526 136 666 196 DE

790 134 1705 193 SPECTACULIS.

2019 150 2129 209 147

115 255 131 277 ²
156 245 506 311 excogitataque
542 248 559 280 3
584 239 735 289 cultus
757 239 973 300 deorum,
1009 239 1057 287 &
1078 240 1320 287 hominum
1339 238 1646 287 deleCmtioniS
1669 239 1838 301 caussa,
1874 247 1894 276 ⁴
1916 256 2008 288 non
2027 239 2119 289 fine

110 327 262 388 aliquo
287 322 408 388 pacis
429 321 597 369 rubore
612 319 902 384 voluptatem
926 317 974 365 8<
994 317 1262 384 religionem
1281 316 1406 384 civili
1425 316 1689 382 sanguine‚5
1705 317 1989 367 scenicorum
2011 335 2121 384 por-

110 417 345 452 tentorum
364 401 532 466 gratia,
569 398 865 447 macularunt.

177 481 312 542 Qae
334 480 546 527 inchoata
570 478 755 543 quidem
777 478 877 526 sunt
900 478 925 526 a
949 478 1178 540 Messalla,
1214 479 1263 526 δε
1287 477 1435 526 Cassio
1453 477 1734 536 censoribu33
1774 492 1976 530 ceterum
2000 483 2018 511 ⁶
2039 499 2116 531 au=

108 563 237 612 &ore
258 563 311 609 P.
337 561 555 626 Scipione
577 559 748 608 Nasica
779 577 962 608 omnem
990 573 1254 626 apparatum
1286 560 1434 624 operis
1465 575 1626 607 eorum
1664 567 1682 599 7
1704 558 1955 623 subjeetum
1976 563 2120 611 hastae
2140 596 2207 621 599,
2223 585 2335 617 Livius

109 643 260 691 venire
279 641 467 707 placuit.

2208 504 2231 530 2

2136 544 2219 574 Ann.
2235 541 2311 574 uer

536 640 692 704 Atque
713 641 848 687 etiam
871 642 915 689 S.
938 640 996 686 C.
1020 651 1208 686 cautum
1229 638 1318 698 est,
1352 653 1400 684 ne
1424 641 1515 700 quis
1549 641 1592 685 iu
1619 638 1759 697 Urbe,
1788 639 2005 700 propiusve
2026 644 2121 704 pos-

97 718 175 782 sus
195 722 330 780 mille,
368 719 386 747 8
426 719 598 783 ubfillio
611 717 809 782 posuiffi’‚
830 717 1027 780 fi‘denfiie
1049 716 1361 781 ludosspeffz‘ure
1381 720 1535 777 vellet,
1572 722 1590 750 ⁹
1611 729 1665 764 ut
1689 715 1859 765 scilicet
1879 717 2123 766 remiffioni

113 938 193 968 rant
214 931 412 980 Excogitata
440 940 592 977 namque.
646 925 697 964 At
719 925 866 973 Pighius
893 935 939 960 ex
961 931 1089 961 vetere

49 1005 53 1007 >
114 982 198 1019 eod.
218 981 418 1029 legendum
439 979 560 1015 censet
583 980 844 1026 excogitataque.
896 975 1024 1023 Atque
1042 976 1092 1012 ita

111 1033 194 1069 sane
222 1034 259 1069 δε
288 1030 394 1068 codd.
422 1029 530 1067 MSS.
555 1027 686 1065 Brand.
717 1026 866 1063 habent.
920 1026 1018 1063 Mihi
1039 1034 1093 1063 ta-

114 1094 202 1120 men
221 1084 409 1130 excogitata
429 1093 570 1129 namque
603 1078 717 1126 magis
739 1077 870 1125 placet.
897 1076 1094 1115 VORST.

116 1134 207 1170 Non
240 1143 331 1180 opus
363 1130 410 1168 est
437 1134 578 1180 namque
601 1158 611 1174 ,
648 1128 751 1179 quod
782 1139 860 1165 non
891 1128 1096 1176 agnoscunt

116 1182 223 1220 MSS.
252 1184 289 1220 &
310 1183 449 1230 primus
464 1211 474 1227 ‚
498 1180 635 1225 credo,
663 1179 764 1217 dedit
786 1179 984 1217 Oliverius.
1015 1179 1096 1217 Co-

114 1235 292 1277 haerent,
321 1235 486 1283 Qoniam
507 1232 637 1270 theatra
664 1234 887 1280 instruxerunt
902 1260 912 1276 ,
937 1239 982 1266 Cf
1003 1246 1097 1268 exco-

108 1288 225 1335 gitata
247 1293 318 1321 &a
347 1287 565 1321 macularunt.

169 1348 202 1385 3.
231 1338 349 1372 Cultus
381 1338 522 1373 Deorum
553 1333 679 1384 cauffiz]
712 1332 812 1370 Ludi
830 1333 876 1370 ad
897 1332 1096 1377 xri-(storiam

116 1395 179 1424 aut
202 1386 338 1436 aliquid
358 1386 456 1424 aliud
478 1386 753 1436 adipiscendum
774 1385 855 1422 Diis
877 1384 977 1422 voti:
992 1396 1098 1422 cum-

118 1450 191 1486 que
213 1439 294 1487 voti
314 1436 428 1475 essent
450 1437 614 1476 damnati
630 1466 639 1481 ,
660 1438 696 1474 in
719 1437 907 1473 honorem
922 1436 1096 1474 Deorum

117 1498 253 1526 votum
299 1491 337 1527 ὃς
385 1489 621 1527 exsolvebant
642 1516 652 1532 ‚
705 1487 884 1536 ludosque
930 1486 1096 1525 edebant.

114 1540 311 1578 VORST.
364 1542 481 1578 Cultus
517 1543 655 1576 Deorum
686 1547 731 1573 (7
761 1538 926 1574 bominum
955 1536 1096 1575 deleth-

114 1593 215 1626 tionis
236 1592 356 1640 cauffiz.
384 1592 464 1629 MS.
500 1592 586 1629 Sine
617 1590 751 1639 copula
781 1602 845 1638 per
867 1589 1095 1638 asyndeton,

113 1642 237 1731 {naha
275 1643 379 1692 saepe
411 1642 509 1692 apud
538 1650 681 1680 veteres
717 1641 896 1679 invenies.
930 1641 1098 1679 PERI-

161 1756 196 1791 4.
236 1745 315 1779 Non
337 1743 411 1791 fine
440 1744 556 1793 aliquo
584 1742 675 1794 pacis
705 1741 836 1792 rubore]
867 1744 958 1780 Nou
993 1744 1095 1781 enim

112 1796 343 1833 conveniens
376 1803 452 1832 erat
483 1796 580 1843 pacis
607 1803 779 1843 tempore
804 1794 957 1831 alterum
982 1794 1097 1832 insur-

111 1856 199 1894 gere
218 1846 254 1884 in
280 1846 460 1892 alterum,
489 1857 652 1895 eumque
674 1845 871 1883 conficere.
898 1845 1094 1884 VORST.

165 1911 196 1946 ς,
232 1900 435 1934 Scenirorum
462 1907 690 1946 portentorum
713 1895 851 1948 gratia]
882 1897 938 1934 Ut
959 1896 1097 1944 speeta-

113 1948 238 1986 culum
250 1950 379 1986 &rem
390 1948 577 1998 quandam
589 1949 720 1986 miram
732 1947 1039 1986 ederent.VORS
1046 1949 1095 1987 T.

115 1999 217 2037 Nihil
235 1999 403 2048 inteiligit
420 2000 481 2037 hic
502 1999 680 2037 Vorstius.
732 2002 894 2037 Portenta
917 1999 1017 2037 enim
1026 2002 1098 2048 ste-

114 2051 188 2085 nica
207 2059 317 2087 vocat
348 2051 494 2089 Autitor
520 2051 716 2099 histriones,
744 2051 875 2101 quibus
905 2050 994 2089 dum
1022 2051 1097 2089 aliis

116 2100 174 2136 alii
198 2100 390 2145 favebant,
413 2102 608 2150 graviffimi
628 2103 731 2151 saepe
753 2102 932 2140 tumultus
959 2103 998 2140 ὃς
1016 2101 1095 2140 san-

112 2151 327 2198 guinolenta
358 2154 560 2190 certamina
591 2153 628 2190 in
650 2154 800 2191 theatris
829 2153 1093 2192 excitabantur.

114 2203 242 2250 Quam
272 2201 459 2241 licentiam
493 2213 540 2240 eo
578 2205 723 2251 gravius
757 2201 906 2241 fortaffe
947 2204 1094 2252 castigat

114 2252 260 2296 noster,
287 2252 390 2301 quod
406 2254 466 2290 sub
486 2253 641 2291 Tiberio
674 2255 840 2291 maxime
863 2255 983 2302 erupit
999 2255 1094 2291 haec

112 2304 246 2341 theatri
265 2302 424 2340 licentia.
460 2305 554 2341 Tac.
578 2304 624 2340 L.
650 2317 680 2341 1.
697 2305 797 2340 Ann.
823 2317 878 2349 17.
906 2310 977 2342 ait
999 2304 1093 2340 thea-

110 2357 157 2391 tri
187 2357 319 2390 licentia
345 2356 498 2402 proximo
521 2354 632 2403 priore
658 2369 742 2390 anno
771 2363 881 2402 coepta
902 2381 912 2397 ‚
943 2356 1092 2402 graevius

113 2417 185 2442 tum
204 2408 331 2454 erupit,
351 2406 455 2452 och'fis
475 2420 538 2441 non
553 2401 644 2440 modo
667 2403 683 2440 ἒ
700 2403 793 2453 plebe
807 2432 816 2448 ,
836 2403 897 2453 secl
915 2404 1092 2450 militibus,

114 2465 160 2492 ω’
179 2458 362 2492 centurione
376 2484 386 2499 ‚
408 2458 583 2492 ‘vulnerato
605 2455 735 2491 tribuno
751 2455 889 2492 cohortis
903 2483 913 2499 ‚
925 2454 1001 2492 dum
1015 2466 1094 2506 pro-

114 2507 174 2543 bra
203 2510 237 2543 in
268 2510 507 2558 magistratus,
534 2515 580 2542 <9⁵
603 2504 823 2555 distensionem
853 2508 950 2556 ‘vulgi
978 2508 1094 2556 probi-

113 2558 199 2595 bent.
254 2561 412 2594 Portenta
441 2570 532 2596 vero
563 2556 622 2594 illa
653 2557 847 2601 nominat,
888 2566 930 2595 ut
955 2559 1094 2607 saepius

116 2608 165 2647 fic
188 2609 360 2646 dicuntur
380 2610 553 2647 homines
574 2608 746 2646 omnibus
766 2607 907 2657 flagitiis
928 2609 1032 2647 foedi
1054 2610 1092 2648 ὃς

117 2660 239 2698 obruti
253 2661 331 2704 ,vel
350 2660 387 2697 in
411 2661 539 2711 quibus
559 2667 703 2708 praeter
723 2659 887 2697 formam
906 2661 968 2698 vix
987 2661 1094 2710 quid-

114 2723 229 2761 quam
255 2711 419 2749 hominis
450 2710 520 2749 effe
546 2710 736 2749 existimes.
805 2710 864 2749 Sic
892 2711 1092 2751 Claudium

109 2771 299 2811 portentum
326 2763 467 2799 bominis
501 2761 703 2811 appellabat
732 2761 927 2810 Augustus.
990 2764 1090 2802 Suet.

114 2814 154 2850 in
176 2813 305 2852 Claud.
324 2813 368 2851 C.
393 2826 424 2863 3.
449 2815 487 2852 ὃς
507 2813 640 2851 Noster
659 2813 778 2851 L.x1t.
792 2813 825 2850 8.
849 2814 882 2850 6.
904 2816 1089 2865 Equitium,

113 2864 180 2913 qui
210 2863 274 2901 fibi
305 2865 544 2914 Semproniae
575 2865 692 2913 gentis
712 2863 838 2902 falsum
857 2865 916 2914 jus
935 2878 1092 2915 quaere-

115 2915 187 2953 bat.
215 2916 268 2950 Tu
298 2926 408 2952 tamen
436 2918 554 2961 illum,
582 2918 682 2965 neftio
710 2914 827 2966 quibus
859 2917 996 2954 tenebris
1016 2929 1096 2968 pro-

118 2966 261 3004 trabium
277 2975 466 3015 portentum
479 2997 489 3012 ‚
517 2967 691 3004 execrabili
709 2965 850 3003 audacia
871 2966 916 3004 ad
935 2970 1097 3019 usurpan-

117 3017 197 3056 dam
214 3020 360 3054 alienam
374 3021 657 3069 propinquitatem
674 3017 857 3056 tendentem
873 3021 1029 3068 repulisti.

2032 813 2127 844 am·-

1141 925 1218 961 hoc
1250 924 1337 962 loco
1358 925 1499 963 incidit.
1551 927 1697 963 Omnes
1730 927 1830 963 enim
1851 925 1897 963 de
1918 928 1959 963 P.
1982 927 2133 976 Scipione

1148 976 1270 1023 Nasica
1295 975 1503 1024 intelligunt
1526 1005 1537 1020 ‚
1572 978 1636 1026 qui
1665 976 1762 1014 bello
1794 977 1936 1015 Punico
1965 977 2131 1017 secundo

1144 1036 1245 1063 anno
1266 1026 1309 1063 ab
1334 1027 1383 1063 U.
1406 1028 1450 1064 C.
1465 1041 1548 1076 550.
1575 1028 1652 1076 ejus
1676 1028 1758 1064 belli
1780 1028 2130 1077 ann015.Matrem

1145 1077 1274 1116 Deum
1309 1077 1461 1116 Idaeam
1492 1078 1512 1116 a
1541 1078 1750 1116 Peffinunte
1782 1078 1928 1116 allatam
1967 1078 2130 1129 suscepit.

1146 1129 1229 1178 Ego
1252 1135 1377 1166 autem
1407 1129 1452 1167 de
1475 1130 1551 1179 ejus
1580 1128 1656 1168 filio
1671 1158 1681 1174 ,
1709 1130 1772 1181 qui
1795 1132 1966 1167 Corculum
1988 1129 2103 1169 dicius
2117 1160 2130 1177 ,

1147 1180 1184 1217 ἃ
1205 1180 1255 1218 bis
1278 1180 1418 1218 Consul
1445 1181 1484 1218 δε
1501 1181 1630 1218 censor
1657 1181 1750 1225 fuit,
1778 1189 1820 1218 ut
1846 1182 1965 1231 inquit
1983 1181 2061 1218 Cic.
2088 1183 2128 1221 in

1146 1230 1274 1269 Bruto.
1308 1232 1461 1281 Quique
1485 1243 1572 1269 cum
1595 1233 1650 1268 M.
1672 1232 1818 1269 Catone
1839 1231 1885 1270 de
1905 1233 2129 1281 Carthagine

1147 1294 1226 1319 non
1258 1282 1437 1320 diruenda
1464 1283 1667 1321 contendit.
1720 1280 1871 1321 Meffala
1903 1284 2004 1321 enim
2040 1285 2130 1322 Cos.

1149 1334 1219 1371 fuit
1250 1346 1351 1372 anno
1381 1333 1425 1371 ab
1453 1335 1504 1371 U.
1532 1335 1575 1371 C.
1606 1347 1690 1384 593.
1725 1334 1860 1372 Caffius
1890 1342 2022 1384 quarto
2045 1343 2131 1373 ante

1150 1396 1262 1422 annO.
1298 1386 1376 1434 Qui
1397 1385 1522 1434 postea
1545 1387 1710 1423 censores
1733 1385 1856 1423 ambo.
1909 1386 1984 1422 Hic
2002 1393 2129 1424 autem

1149 1438 1256 1486 Scipio
1279 1438 1451 1473 Corculum
1475 1436 1614 1474 Consul
1642 1448 1742 1475 anno
1774 1448 1856 1485 592.
1884 1436 2019 1474 iterum
2045 1450 2132 1485 599.

1149 1486 1296 1526 Poffem
1317 1488 1393 1526 hoc
1411 1487 1501 1526 loco
1523 1488 1716 1526 ostendere
1731 1516 1741 1532 ,
1764 1499 1878 1537 quam
1901 1487 2008 1525 multi
2030 1487 2129 1526 doffl

1150 1539 1219 1577 viri
1250 1540 1287 1576 in
1317 1540 1371 1577 his
1405 1540 1567 1576 errarint.
1621 1539 1692 1577 Sed
1722 1539 1797 1576 hoc
1821 1538 1998 1576 debemus
2016 1539 2132 1587 negli-

1145 1591 1292 1639 gentiae
1312 1592 1577 1629 Romanorum
1594 1590 1852 1629 historicorum
1866 1617 1876 1634 ,
1889 1590 1953 1640 qui
1970 1589 2049 1627 satis
2068 1591 2135 1628 ha-

1147 1642 1306 1680 buerunt
1332 1641 1464 1679 dicere.
1515 1645 1592 1678 Hoc
1620 1644 1688 1692 egit
1716 1642 1757 1689 Ω.
1787 1641 1911 1678 Fabius
1934 1643 2133 1679 Maximus..

1148 1696 1225 1730 Hoc
1247 1696 1289 1731 P.
1307 1695 1416 1743 Scipio
1442 1693 1576 1740 Nasica.
1632 1693 1732 1730 Cum
1754 1699 1813 1730 tot
1833 1691 1932 1728 Fabii
1955 1694 2107 1728 Maximi
2121 1720 2133 1736 ‚,

1148 1752 1208 1782 tot
1239 1745 1353 1782 etiam
1389 1744 1530 1790 Naficae
1554 1744 1701 1781 fuerint.
1754 1743 1790 1780 Si
1812 1744 1892 1793 quis
1916 1743 2054 1780 otiosus
2073 1744 2135 1781 hic

1149 1795 1364 1833 rhetoricari
1396 1794 1530 1839 vellet,
1566 1795 1717 1832 haberet
1746 1793 2017 1838 debacchandi,
2051 1795 2133 1835 imo

1144 1846 1238 1896 juste
1256 1846 1431 1884 irascendi
1460 1845 1559 1883 haud
1581 1858 1732 1895 parvam
1761 1845 1995 1883 occasionem
2018 1846 2057 1883 in
2076 1846 2132 1883 su«

1148 1898 1315 1947 perbiam
1348 1897 1509 1935 illorum.
1538 1896 1864 1936 GLAREAN.
1924 1899 1965 1933 P.
1984 1899 2133 1947 Scipione

1150 1950 1286 1997 Nasica.
1315 1949 1452 1987 Plinius
1471 1948 1530 1986 lib.
1553 1962 1681 1986 xxxvr.
1709 1959 1785 1996 cap.
1811 1961 1866 1996 15.
1894 1947 2023 1985 Florus
2045 1950 2133 1997 epit„

1151 2012 1287 2039 vam.
1316 2000 1540 2049 Augustinus
1563 1999 1607 2037 de
1628 2000 1789 2038 Civitate
1811 1999 1884 2037 Dei
1904 1998 1963 2036 lib.
1991 2011 2021 2036 1.
2052 2010 2133 2048 cap..

1149 2064 1208 2102 31.
1238 2052 1488 2090 Tertullianus
1506 2050 1550 2088 dc
1572 2051 1723 2099 spectac.
1757 2062 1835 2100 cap.
1856 2050 1890 2086 6.
1919 2051 2013 2086 Nam
2032 2052 2131 2099 fizepe

1144 2103 1285 2153 censores
1308 2106 1510 2153 renascentia
1541 2117 1609 2138 cum
1651 2104 1795 2139 maxime
1827 2101 1957 2137 theatra
1991 2099 2133 2148 destrue—

1144 2154 1224 2191 bant
1238 2183 1248 2199 ‚
1276 2156 1418 2192 moribus
1439 2155 1648 2202 confidentes.
1676 2154 1753 2191 Ubi
1772 2151 1891 2190 obiter
1907 2151 2128 2199 legendum:

1144 2220 1222 2242 rena
1241 2208 1346 2242 centia
1378 2218 1448 2242 tum
1477 2208 1630 2241 maxime.
1668 2213 1709 2243 ut
1737 2204 1834 2252 apud
1858 2203 2050 2241 Valerium
2069 2204 2128 2241 lib..

1150 2268 1181 2292 Ι.
1203 2267 1280 2303 cap.
1297 2267 1328 2301 7.
1348 2258 1472 2303 Corpus
1493 2257 1578 2290 enim
1591 2258 1689 2303 finem
1710 2254 1729 2290 ἂ
1752 2265 1891 2305 caupone
1913 2252 2128 2299 trucidatum,

1145 2316 1216 2340 tum
1233 2308 1376 2341 maxime
1394 2307 1541 2354 plaustro
1562 2305 1606 2340 ad
1619 2310 1755 2354 portam
1767 2308 1865 2351 ferri.
1894 2305 1974 2342 CO
1992 2306 2067 2343 LE
2082 2308 2126 2344 R.

1146 2356 1308 2396 2Aut‘iore
1325 2359 1366 2393 P.
1389 2359 1474 2405 stip.
1499 2357 1636 2404 Nafica.
1664 2357 1842 2405 Epitome
1862 2355 2036 2394 lxivxrx.
2061 2358 2127 2393 Li-

1144 2406 1217 2444 vii:
1246 2410 1335 2443 Cum'
1355 2409 1495 2444 locatum
1512 2403 1532 2442 ἆ
1553 2407 1734 2456 censoribus
1761 2407 1927 2443 theatrum
1959 2419 2121 2444 extruere‹

1142 2468 1223 2502 tur,
1259 2461 1297 2495 P.
1321 2461 1417 2496 Corn.
1442 2458 1566 2505 Nasica
1584 2458 1716 2495 aut-‘bore
1744 2469 1905 2508 tanquam
1935 2459 2053 2494 inutile
2074 2466 2120 2492 (Γ

1141 2512 1326 2545 nociturum
1339 2509 1479 2558 publicis
1499 2509 1642 2546 moribus
1661 2525 1701 2546 ex·
1731 2514 1766 2546 S.
1790 2512 1821 2546 C
1821 2539 1827 2546 .
1845 2508 2035 2557 destruam
2053 2511 2117 2555 est,

1137 2562 1341 2610 popu-lusique
1370 2559 1582 2610 aliquamdiu
1599 2564 1694 2608 stans
1718 2559 1811 2597 ludos
1834 2561 2005 2609 speszvit.
2057 2558 2117 2595 Ad

1143 2610 1247 2660 quod
1276 2612 1372 2649 inter
1397 2612 1464 2650 alia
1493 2611 1618 2649 alludit
1652 2611 1901 2650 Tertullianus
1931 2621 1958 2646 c.
1979 2608 2011 2645 6.
2038 2607 2118 2647 libri

1144 2662 1190 2700 de
1209 2662 1316 2712 spCCl.
1347 2665 1439 2700 Nam
1455 2666 1553 2713 fizepe
1570 2667 1708 2713 censores
1733 2664 1930 2710 renzscentia
1955 2673 2023 2695 cum
2048 2675 2121 2696 ma.-

1143 2716 1233 2750 xime
1279 2715 1412 2753 theatra
1456 2713 1661 2764 destruebant
1682 2743 1693 2761 ‚
1739 2712 1878 2751 moribus
1914 2712 2124 2758 consulentes.

1144 2765 1344 2805 VORST.

1195 2828 1229 2864 7.
1265 2815 1452 2862 Subjeflum
1481 2818 1591 2866 bastae
1617 2812 1746 2861 venire]
1783 2812 1977 2862 Pigebatur
2004 2811 2126 2856 hafflig

1147 2866 1173 2904 fi
1194 2867 1361 2907 facienda
1383 2867 1506 2907 auctio
1526 2866 1621 2906 esset.
1649 2865 1842 2904 VORST.
1884 2864 1987 2912 Lege
2004 2865 2123 2900 wem}

1143 2933 1178 2955 re
1193 2920 1332 2967 placuit.
1360 2919 1575 2957 GUDIUS.
1626 2917 1775 2955 Deinde
1797 2919 1910 2965 itaque
1933 2916 2034 2950 etiam
2054 2913 2124 2950 Ul·-

1145 2970 1225 3019 traj.
1245 2969 1311 3008 sec.
1337 2972 1439 3006 etiam
1467 2969 1573 3007 eodem
1593 2973 1736 3005 senatus
1765 2969 1905 3015 consulto
1928 2964 2030 3001 Harl.
2046 2974 2125 3013 pro-

1147 3023 1223 3071 pius
1236 3023 1298 3069 sex
1316 3021 1428 3071 paffiis
1450 3024 1551 3060 mille.
1578 3021 1647 3058 Bit.
1669 3020 1776 3070 prim.
1803 3033 1843 3055 νε
1873 3016 1968 3055 delet
1991 3015 2124 3065 Ultraj.

168 3070 203 3108 6.
236 3070 403 3110 Auctore
421 3073 463 3109 P.
486 3072 638 3123 Scipione
667 3069 809 3121 Nasica]
840 3069 947 3108 idem
969 3072 1101 3111 erroris
1153 3083 1259 3122 prim.
1285 3082 1370 3111 cum
1393 3081 1553 3122 quatuor
1571 3072 1657 3109 aliis.

1663 3120 1701 3159 T
1729 3131 1751 3157 2
1982 3117 2018 3156 8.
2043 3115 2130 3156 Sidſs

2137 637 2272 658 vaut.

2138 670 2274 706 Velleius
2294 679 2333 701 ιι,

2139 713 2274 751 Appiam.

2142 761 2172 793 p.
2196 763 2266 791 172,
