2516 3509
416 105 521 160 310
633 71 1034 138 VALERII
1111 63 1798 128 MAXIM1L113.111.
1842 71 1986 130 CAp.
2033 71 2195 131 Vm.

418 189 504 245 est,
540 197 617 242 ut,
653 179 849 246 quisquis
873 176 914 223 se
933 173 1104 240 aliquid
1141 180 1156 211 3
1184 171 1342 220 ordine
1362 187 1414 219 ac
1441 171 1561 221 reete
1581 188 1736 223 mente
1770 176 2070 240 complexum
2103 175 2323 237 confidit,
2357 176 2429 225 vel

414 270 507 330 jam
531 261 736 328 gestum,
774 258 804 305 fi
825 255 1136 312 obtrectetur,
1170 253 1335 299 acriter
1359 263 1558 299 tueatur:
1585 254 1669 302 -vel
1687 254 1893 302 nondum
1923 256 2126 316 editum,
2161 255 2194 303 fi
2215 256 2427 320 interpel-

419 346 565 402 letur,
601 341 690 388 fine
714 340 804 387 ulla
822 337 1111 386 cun&atione
1134 333 1189 380 ad
1210 330 1428 379 effectum
1453 332 1686 395 perducat.
2163 402 2167 404 .

300 458 331 484 1·
486 429 508 459 4
541 421 629 470 Sed
665 420 775 466 dum
805 417 1014 482 exempla
1041 412 1303 480 propositae
1338 413 1401 458 rei
1433 409 1700 474 persequor,
1735 412 1866 459 latius
1902 414 2015 460 mihi
2045 413 2428 480 circumspicienti

210 494 403 575 {sffffiffis
421 512 524 547 ante
545 500 698 547 omnia
715 497 755 545 se
780 497 933 545 Fulvii
958 496 1112 544 Flacci
1147 491 1399 541 constantia
1433 488 1584 537 offert.
1657 498 1671 527 5
1697 490 1905 556 Capuam
1939 493 2169 542 fallacibus
2192 495 2430 542 Annibalis

210 572 303 615 ΧΨ·
419 578 640 645 promissis
662 577 816 625 Italiae
841 592 1033 640 regnum
1057 573 1221 620 nefaria
1242 570 1499 618 desectione
1519 566 1683 632 pacisci
1706 569 1975 632 persuasam,
2010 573 2141 619 armis
2172 590 2430 639 occupave-

420 676 502 710 rat.
571 658 592 686 0
616 660 738 706 Tam
764 658 925 704 deinde
945 655 1105 719 culpae
1129 652 1329 701 hostium
1342 651 1488 715 justus
1513 649 1797 708 aestimator,
1833 666 1970 713 quam
2001 649 2221 714 speciosus
2251 653 2429 716 vietor,

423 751 441 779 ⁷
467 741 755 803 Campanum
775 736 974 784 senatum
996 734 1126 798 impii
1145 732 1317 780 decreti
1340 729 1574 778 auctorem
1604 726 1808 775 funditus
1839 728 1985 775 delere
2017 729 2268 778 constituit.
2338 733 2431 779 Ita-

2344 823 2434 871 que

425 944 504 980 cine
531 943 606 980 hoc
637 941 827 991 proprium
862 940 932 985 est,
960 938 1050 977 nihil
1069 937 1242 984 subdole,
1268 937 1329 976 vel
1355 949 1401 975 ex
1453 937 1785 986 circumspicio,&
1807 946 1937 977 mente
1959 938 2144 989 conquiro
2165 938 2334 989 exempla
2347 953 2435 991 pro-

431 1004 536 1032 metu
566 993 716 1030 sollicite
745 1001 894 1040 tegere,
921 991 982 1029 sed
1009 991 1139 1028 omnia
1166 991 1227 1028 sua
1254 989 1402 1028 confilia
1452 988 1592 1037 positae
1624 989 1700 1033 rei,
1729 997 1768 1027 ut
1799 990 1902 1038 supra
1933 990 1976 1028 C.
2008 1001 2040 1037 7.
2072 1002 2104 1040 3.
2141 993 2183 1027 In
2209 1005 2434 1042 quamcunque

427 1054 552 1093 aperte
576 1056 659 1081 cum
680 1050 899 1091 contemptu
919 1041 1205 1080 obtreaantium
1229 1041 1404 1079 enuncia·
1456 1038 1716 1077 memorabilium
1744 1043 1964 1090 exemplorum
1981 1051 2111 1090 partem
2130 1054 2236 1078 mente
2252 1056 2436 1082 convertor.

429 1108 480 1133 re.
533 1095 637 1143 Quid
667 1094 689 1131 sl
723 1095 818 1142 legas
848 1095 1048 1141 constantiae
1078 1093 1405 1142 repraesentationem

429 1161 552 1185 curare,
579 1158 701 1182 natura
721 1144 834 1181 enxm?
864 1146 935 1181 δίς.
961 1144 1204 1182 PERIZON.
1249 1144 1304 1180 Ut
1326 1143 1405 1180 CO-

432 1197 503 1246 pes.
534 1198 581 1234 ita
611 1207 764 1246 quoque
788 1195 919 1244 Ultraj.
949 1195 1017 1232 see.
1049 1196 1087 1232 ὃ(
1113 1194 1181 1232 Ed.
1211 1195 1319 1243 Mog.
1346 1194 1405 1231 alii

433 1249 536 1285 Harl.
564 1250 774 1295 Constantiae
795 1248 1001 1295 reputatione
1015 1273 1024 1289 ‚
1051 1260 1128 1282 cura
1154 1247 1239 1281 enim
1251 1246 1300 1293 fic
1320 1260 1405 1281 com-

423 1310 584 1349 paratum
603 1302 658 1346 est.
684 1299 753 1335 Bit.
768 1297 860 1334 Uitr.
875 1297 982 1345 prim.
1004 1296 1107 1334 Barb.
1129 1306 1284 1346 uterque
1300 1295 1405 1333 Leid.

428 1352 537 1399 prim.
556 1350 643 1398 sept.
662 1361 754 1386 unus
775 1349 883 1385 Rem.
905 1351 1113 1396 Constantiae
1133 1349 1406 1397 repraesentatio-

427 1416 466 1437 ne
484 1415 559 1437 cura
580 1402 662 1436 enim
682 1401 730 1447 fic
756 1408 978 1448 comparatum
1005 1402 1060 1446 est.
1089 1399 1196 1437 Leid.
1223 1407 1305 1436 tert.
1324 1413 1401 1435 cura

428 1454 465 1497 l,
493 1463 628 1487 natura.
656 1450 762 1487 Idem
783 1460 933 1499 apertum
953 1451 975 1485 l'
999 1459 1179 1499 expertum.
1206 1449 1315 1487 Leid.
1334 1450 1402 1488 sec.

429 1515 552 1539 natura
571 1503 713 1538 al'cura.
725 1501 810 1538 sext.
824 1503 1117 1551 repraesentatione
1134 1513 1268 1539 natura.
1285 1501 1403 1551 quint.

408 1556 671 1603 -repraesentare
698 1564 874 1597 naturam,
913 1567 984 1588 cum
1014 1554 1110 1590 enim.
1136 1552 1240 1591 Barb.
1270 1552 1338 1590 sec.
1367 1553 1406 1590 &

434 1617 528 1642 uuus
553 1606 660 1642 Rem.
686 1614 877 1652 compertum
905 1606 959 1651 est.
984 1603 1052 1641 Bit.
1074 1604 1181 1652 prim.
1209 1605 1407 1654 comparium

430 1659 486 1704 est.
514 1655 617 1693 Toll.
643 1657 842 1702 constantiae
860 1657 1156 1705 repraesentatione
1173 1667 1309 1692 natura.
1339 1655 1408 1692 Pe·-

428 1708 547 1745 rizon..
578 1706 719 1755 prorsus
740 1713 779 1743 ut
799 1705 1020 1743 emendabat
1042 1705 1195 1754 Lipfius.
1248 1708 1408 1753 Constan-

428 1760 499 1795 tiae
528 1759 780 1806 repraesentatio
798 1784 809 1801 ,
845 1767 970 1793 namra
997 1758 1082 1792 enim
1105 1757 1153 1804 fic
1183 1765 1407 1805 comparatum

427 1813 483 1857 effi
538 1808 654 1858 Quod
683 1809 842 1845 omnino
871 1808 909 1845 ὃς
930 1818 1000 1855 ego
1019 1806 1267 1856 probaverim.
1319 1808 1409 1845 Huc

428 1862 530 1898 euim
560 1859 667 1897 MSS.
706 1858 879 1895 videntur
906 1859 1069 1906 aurigare
1093 1886 1103 1902 ‚
1140 1860 1178 1896 &
1209 1857 1326 1896 sensus
1359 1859 1409 1896 est

430 1911 765 1949 commodiffimus.
791 1915 970 1958 wipertum
982 1921 1134 1958 quoque
1151 1908 1292 1958 placet,
1305 1909 1408 1959 quod

429 1962 523 2000 solet
549 1962 648 1999 scribi
673 1970 810 2010 aptum,
836 1961 933 1998 linea
956 1960 1154 1998 transversa
1183 1972 1248 2009 per
1272 1970 1308 2010 p.
1341 1960 1409 1998 du-

435 2012 504 2050 ἂτι.
542 2014 589 2050 Et
613 2025 654 2050 ea
669 2024 745 2049 vox
765 2012 859 2049 bene
875 2012 948 2049 huc
970 2011 1163 2049 convenit.
1198 2011 1283 2060 Egit
1306 2012 1407 2049 enim

434 2064 480 2101 de
500 2064 564 2101 illis
579 2093 587 2108 ‚
616 2064 678 2114 qui
707 2071 830 2111 aperte
853 2064 890 2100 δε
912 2074 1050 2110 magno
1078 2063 1206 2100 animo
1229 2071 1406 2111 quantam

434 2116 485 2152 sui
519 2115 692 2152 fiduciam
725 2115 762 2151 in
794 2113 945 2162 pectore
963 2113 1141 2150 haberent
1168 2113 1408 2151 declararunt.

433 2165 574 2203 Addidi
606 2174 729 2203 autem
751 2165 823 2212 fic,
851 2163 956 2213 quod
984 2164 1022 2200 in
1054 2164 1190 2212 scriptis
1221 2166 1259 2202 &
1292 2164 1409 2202 Editis

434 2217 605 2261 extabat,
633 2217 670 2254 ὃς
700 2215 953 2265 imprudenter
986 2214 1006 2252 a
1028 2214 1161 2263 Pighio
1193 2223 1270 2252 erat
1298 2215 1409 2252 omis—

431 2269 524 2305 sum.

486 2331 521 2368 3.
565 2316 687 2354 Ordine
717 2331 754 2353 ac
784 2316 866 2353 rec‘ffe
894 2327 997 2352 mente
1023 2319 1222 2368 complexum
1256 2313 1407 2365 confidit]

437 2368 562 2406 Antea
581 2368 778 2411 edebatur,
805 2366 928 2403 Ordine
956 2381 994 2403 ac
1011 2369 1098 2405 retia
1123 2380 1238 2405 mente.
1291 2367 1410 2416 Quod

441 2420 491 2457 est
510 2421 621 2457 etiam
652 2420 689 2456 in
709 2418 840 2466 Copes.
871 2417 979 2454 Leid.
999 2418 1066 2455 sec.
1090 2420 1207 2469 quint.
1228 2419 1315 2455 sext.
1336 2418 1408 2455 Pe-

439 2470 557 2508 rizon.
577 2470 672 2507 Ultr.
692 2479 852 2518 utroque
869 2468 973 2505 Toll.
992 2470 1101 2507 Rem.
1123 2481 1225 2507 unus.
1244 2467 1354 2504 ordine
1374 2483 1412 2504 ac

437 2524 576 2559 ratione.
606 2520 713 2559 Leid.
730 2521 838 2570 prim.
864 2518 984 2556 Ordine
1005 2534 1042 2556 ac
1063 2520 1145 2557 refi‘e
1172 2534 1247 2556 cura
1277 2521 1413 2569 comple-

437 2588 529 2610 xum.

487 2637 520 2671 4.
557 2623 622 2660 sed
646 2621 722 2659 dum
751 2623 914 2672 exemplar
938 2622 1121 2671 propositae
1148 2621 1195 2657 rei
1217 2620 1408 2671 persequor]

439 2674 483 2712 In
506 2675 612 2712 MSS.
640 2674 778 2722 septem
806 2673 959 2711 invenio
991 2674 1149 2722 exempla.
1178 2671 1281 2708 Harl.
1304 2687 1411 2709 exem—

434 2729 539 2776 plum.
557 2727 593 2763 in
614 2726 743 2762 decern
764 2725 855 2762 item
874 2725 1050 2774 prosequor
1060 2733 1099 2761 ut
1117 2730 1194 2761 erat
1212 2730 1298 2760 ante
1309 2724 1413 2773 Pigh.

436 2780 475 2815 in
507 2777 678 2815 omnibus
708 2775 940 2814 editionibus.
1001 2775 1149 2824 Saepius
1170 2777 1348 2824 prosequor
1374 2777 1413 2814 δέ

432 2832 629 2878 persequor,
657 2827 754 2875 apud
784 2826 945 2865 nOstt··..tlil
972 2828 1009 2864 ὅ(
1030 2828 1120 2865 alios
1141 2827 1222 2864 sunt
1249 2834 1411 2864 mutata:

431 2883 608 2929 prosc-«Iuor
636 2891 727 2915 vero
755 2879 868 2927 magis
900 2879 1011 2915 utitur
1036 2908 1045 2922 „
1082 2890 1167 2916 cum
1198 2876 1323 2914 laudat
1349 2878 1409 2915 vel

437 2940 579 2968 enarrat
598 2942 675 2968 rem
690 2959 698 2973 ,
727 2942 805 2967 non
827 2941 913 2967 cum
935 2930 1085 2978 inquirit
1104 2931 1142 2967 ὃς
1165 2929 1410 2978 circumspicit

437 2983 618 3032 exempla.
656 2982 746 3019 Hoc
768 2982 869 3019 enim
888 2981 950 3019 hic
970 2980 1167 3030 fignificat,
1196 2980 1285 3019 dum
1302 2979 1408 3020 latius

1458 1092 1513 1128 Ut
1534 1093 1682 1141 exempla
1697 1095 1873 1142 persequor
1887 1121 1897 1137 ‚
1929 1093 1989 1130 hic
2009 1093 2225 1141 praeferam.

1510 1155 1541 1190 ς.
1570 1145 1718 1192 Capuam
1738 1146 1862 1180 Italiae
1880 1158 2013 1193 regnum
2036 1147 2163 1191 nefaria
2179 1143 2356 1192 defeflione
2370 1156 2435 1196 pa-

1456 1193 1527 1239 cisci
1543 1193 1753 1243 persuasam]
1784 1195 1864 1232 ROES.
1893 1198 2071 1246 Regimen,
2099 1207 2172 1244 qua
2201 1207 2298 1234 voce
2321 1199 2360 1234 &
2381 1199 2436 1235 su-

1455 1255 1519 1292 pra
1552 1244 1632 1281 usus
1665 1246 1713 1282 est
1743 1245 1948 1295 aliquoties.
1984 1247 2227 1284 PERIZON.
2282 1250 2437 1298 Regmmz

1456 1294 1568 1331 nostri
1588 1294 1759 1340 servant,
1781 1298 1818 1334 ὃ(
1841 1297 1890 1334 est
1909 1309 2052 1335 nomen
2069 1296 2294 1335 invidiosius.

1506 1345 1541 1382 6.
1568 1343 1715 1382 Tandem
1730 1348 1841 1397 culpae
1859 1348 1994 1396 hostium
2014 1360 2084 1384 tam
2099 1351 2209 1397 justus
2227 1349 2433 1399 aestimator]

1457 1395 1501 1433 In
1524 1396 1778 1447 manuscriptis
1808 1398 1962 1444 melius,
1990 1402 2075 1436 Tam
2101 1397 2216 1435 deinde
2243 1402 2357 1449 culpae
2379 1402 2439 1438 bo-

1447 1450 1551 1496 stium
1576 1451 1686 1498 justus
1714 1450 1914 1498 aestimator.
1967 1452 2063 1488 Mox
2092 1449 2197 1498 lege,
2233 1454 2438 1500 Campanum

1448 1501 1628 1548 senatum,
1657 1512 1702 1537 ex
1728 1513 1763 1539 v.
1785 1512 1816 1538 c.
1854 1501 1908 1539 Ita
1937 1502 2048 1539 etiam
2083 1501 2218 1539 Cicero
2250 1503 2288 1540 &
2308 1504 2438 1541 Livius

1459 1551 1672 1601 frequenter
1695 1554 1869 1602 Capuanos
1901 1554 2085 1602 Campanos
2115 1560 2275 1598 vocant,
2304 1555 2438 1603 &ipse

1459 1603 1629 1640 Valerius
1662 1605 1835 1652 Capuam,
1862 1605 2070 1656 Campanam
2100 1603 2211 1642 urbem
2232 1632 2243 1649 ,
2276 1604 2337 1643 lib.
2368 1618 2440 1646 vn.

1462 1664 1540 1702 cap.
1561 1654 1596 1691 6.
1622 1653 1763 1692 PIGH.

1512 1715 1546 1750 7.
1574 1707 1779 1754 Campanum
1797 1704 1970 1755 senatum]
2001 1705 2057 1743 Ita
2080 1705 2188 1744 codd.
2210 1704 2344 1743 Brand.
2371 1707 2440 1746 Al-

1460 1753 1549 1799 dus,
1576 1758 1772 1804 Capuanum
1791 1759 1956 1806 senatum.
2008 1757 2056 1793 Et
2085 1757 2167 1793 sane
2196 1757 2337 1795 senatus
2364 1759 2439 1797 Ca-

1459 1817 1602 1854 puanus
1621 1807 1691 1844 fuit
1704 1835 1713 1852 ‚
1743 1808 1788 1846 de
1807 1820 1885 1857 quo
1906 1808 1966 1844 hic
1986 1808 2114 1855 agitur.
2168 1807 2239 1845 Sed
2256 1808 2357 1847 idem
2381 1818 2437 1848 ta·

1462 1868 1550 1894 men
1576 1859 1764 1907 Campanus
1795 1858 1910 1896 dietus
1937 1857 2083 1895 videtur
2109 1857 2130 1894 a
2160 1858 2284 1896 nostro
2302 1886 2312 1903 ,
2340 1872 2439 1908 quo-

1460 1907 1582 1945 modo
1606 1909 1741 1947 Cicero
1773 1910 1812 1946 δε
1844 1909 1996 1952 Livius,
2024 1909 2078 1945 uti
2105 1908 2252 1957 Pighius
2281 1921 2438 1956 monet,

1463 1959 1663 2007 Capuanos
1686 1963 1870 2010 Campanos
1892 1967 2029 1998 vocant
2043 1987 2053 2003 ,
2065 1961 2102 1996 ὃς
2115 1959 2236 1997 noster
2254 1961 2348 1998 infra
2366 1974 2439 2007 vn,

1461 2010 1495 2046 6.
1525 2010 1693 2059 Capuam
1717 2014 1920 2061 Campanam
1942 2011 2051 2047 urbem
2064 2024 2074 2052 ;
2105 2009 2204 2060 quasi
2223 2011 2261 2048 ὃς
2279 2015 2440 2060 gen8,&

1461 2060 1567 2105 urbs,
1595 2063 1634 2099 ὃ(
1661 2062 1803 2100 senatus
1823 2062 1900 2099 nav*
1919 2062 2037 2109 ἐξοχῆν
2064 2062 2114 2099 ita
2147 2070 2314 2099 vocetur.
2367 2064 2439 2103 Sed

1462 2113 1501 2149 ὃς
1519 2123 1612 2150 mox
1631 2112 1706 2150 hoc
1727 2113 1804 2161 ipso
1828 2125 1906 2162 cap.
1925 2113 1973 2150 ait
1996 2112 2116 2150 noster
2130 2141 2140 2155 ,
2155 2114 2289 2150 Literas
2308 2118 2444 2165 nequic-

1460 2176 1562 2212 quam
1589 2166 1768 2213 Campanis
1797 2167 1980 2212 salutares.
2017 2163 2214 2202 VORST.
2283 2165 2446 2216 Utrique

1462 2213 1719 2252 emendationi
1736 2215 1936 2263 Pighianae
1958 2215 2086 2252 favent
2108 2215 2220 2252 nostri
2241 2216 2348 2256 MSS.
2372 2219 2443 2255 So-

1461 2263 1515 2301 lus
1528 2293 1539 2308 ‚
1561 2273 1745 2315 quantum
1766 2266 1880 2304 video
1894 2266 2084 2312 ‚Perizon
2104 2265 2215 2304 habet
2233 2270 2441 2319 Capuanum.

1462 2315 1563 2353 Vide
1584 2317 1622 2354 δε
1645 2317 1690 2354 L.
1713 2330 1783 2355 vn.
1803 2318 1841 2355 6.
1859 2329 1893 2356 2.

1515 2367 1548 2404 8.
1562 2371 1601 2404 In
1621 2366 1705 2405 duas
1725 2367 1884 2417 custodias
1907 2368 2074 2404 Tbeanam
2094 2369 2332 2420 Calenamque]
2359 2372 2442 2410 No-

1463 2418 1564 2456 mina
1585 2419 1810 2469 oppidorum
1841 2420 1887 2458 ad
1906 2431 2001 2469 quae
2021 2419 2113 2457 miffi
2130 2421 2210 2458 sunt
2231 2421 2441 2470 Campani,

1462 2469 1636 2507 Theanum
1666 2472 1703 2509 &
1733 2473 1841 2508 Cales.
1893 2472 1930 2508 A
1959 2471 2115 2508 nomine
2143 2471 2244 2510 subst.
2271 2473 2443 2511 Theanum

1465 2529 1590 2559 autem
1622 2521 1823 2572 quomodo
1850 2522 2004 2559 formari
2025 2523 2189 2569 potuerit
2213 2522 2440 2571 adjectivum

1462 2571 1654 2618 Tloeeanam,
1672 2573 1735 2610 Vix
1756 2582 1915 2623 apparet.
1938 2572 2043 2622 Quid
2063 2572 2087 2609 fi
2107 2572 2205 2622 legas
2217 2574 2440 2620 Theanaeam,

1464 2632 1526 2661 aut
1556 2626 1589 2660 T
1587 2625 1764 2662 beaninam
1779 2653 1789 2670 ,
1816 2632 1880 2663 aut
1909 2624 2144 2673 Tbeaniensem
2158 2624 2173 2663 Ρ
2206 2626 2244 2663 V
2258 2627 2295 2663 O
2308 2627 2340 2663 R
2354 2626 2375 2663 S
2389 2628 2441 2666 T.

1463 2673 1632 2714 Primum
1662 2676 1760 2724 apud
1790 2684 1934 2714 ceteros
1960 2675 2145 2714 Auuores
2172 2676 2332 2713 scribitur
2353 2679 2440 2715 Tea-

1464 2739 1543 2763 num
1563 2726 1637 2765 fine
1657 2727 1900 2777 adspiratione
1915 2756 1925 2771 ‚
1938 2735 1978 2765 ut
1996 2728 2034 2765 &
2053 2726 2152 2775 apud
2171 2727 2446 2766 GraecosTs'a-

1464 2792 1531 2821 von,
1555 2787 1707 2828 eratque
1732 2778 1814 2816 urbs
1846 2777 2102 2827 magnitudine
2122 2777 2142 2815 a
2166 2777 2294 2826 Capua
2310 2778 2439 2818 secun-

1463 2825 1519 2864 da.
1572 2829 1700 2868 Strabo
1722 2830 1768 2868 L.
1788 2843 1822 2868 v.
1840 2843 1876 2879 p.
1899 2829 1982 2876 248.
2010 2828 2158 2865 Deinde
2184 2828 2330 2868 incolae
2360 2832 2437 2880 ejus

1462 2877 1664 2918 dicuntur-:1
1681 2881 1815 2931 Polyb.
1836 2883 1882 2919 L.
1902 2892 1964 2917 111.
1984 2879 2027 2916 C.
2048 2892 2108 2924 or.
2131 2881 2317 2924 Tsun'oesq,
2347 2894 2436 2921 nam

1463 2929 1560 2967 male
1579 2932 1618 2969 in
1634 2932 1702 2970 Ed.
1724 2933 1843 2971 Amst.
1863 2931 2029 2970 Tvoeu'vcu
2050 2930 2194 2979 legitur.
2239 2931 2310 2970 Sed
2328 2933 2366 2970 in
2387 2933 2440 2971 la-

1460 2980 1601 3030 pidibus
1629 2983 1729 3032 apud
1757 2985 1961 3023 Gruterum
1992 2982 2105 3021 etiam
2135 2984 2169 3019 T
2172 2982 2344 3032 heanenses
2375 2996 2440 3023 eos

2367 3035 2439 3074 dici
