2516 3509
322 154 437 228 902³
578 136 2123 202 ANTONIISCHULTINGII

324 251 444 296 illam
465 282 480 306 ,
524 246 599 292 cui
643 242 868 291 tollendae
908 237 1032 307 pares
1067 237 1161 290 non
1194 240 1296 290 sunt
1316 276 1332 301 ,
1377 256 1458 304 per
1492 240 1699 290 fiffiones
1731 242 1779 291 ὃς
1815 258 2077 294 commenta
2107 243 2322 309 eludere,

325 311 518 374 aliquid,
553 309 680 374 quod
714 308 813 355 fieri
847 307 1031 372 quidem
1067 309 1249 371 potuit,
1284 319 1330 353 at
1364 306 1535 353 factum
1569 325 1663 354 non
1689 308 1781 368 est,
1815 327 1897 374 pro
1931 311 2051 358 fausto
2088 312 2322 360 habentes:

328 393 461 439 quam
505 377 551 421 in
595 391 690 420 rem
723 373 866 421 videri
900 386 1120 437 poterunt
1161 387 1273 436 quae
1318 370 1456 418 habet
1487 384 1592 418 ante
1622 373 1824 431 laudatus
1860 376 1972 421 Ger.
2009 377 2180 423 Noodt
2217 381 2320 424 Pro-

327 443 452 486 babil.
487 442 560 486 lib.
599 443 685 485 III.
721 453 810 499 cap.
845 442 924 485 ult.
959 437 1114 502 &ego
1145 436 1316 500 aliquid
1341 435 1503 483 eodem
1536 439 1764 500 pertinens
1799 439 1952 486 notavi
1986 442 2228 502 ad'Ulpian.
2251 448 2319 488 tit.

322 520 401 550 xx.
444 519 487 563 p.
525 520 626 564 592.
668 503 951 561 Adhibitus,
993 502 1192 561 scssicet,
1226 502 1290 548 est
1323 501 1479 561 color,
1512 501 1634 564 quafi
1670 502 1857 549 testator
1889 502 2010 549 sanae
2044 521 2138 552 non
2169 506 2320 554 fuisset

281 592 295 604 ·
325 569 488 614 mentis
515 602 529 627 ,
576 568 757 632 quando
794 567 1113 614 testamentum
1149 566 1376 612 ordinavit
1411 579 1479 626 pr.
1529 567 1630 627 last.
1672 568 1720 613 de
1751 566 1953 627 inofficios.
1988 569 2216 626 testament.
2252 574 2322 617 uhi

320 634 410 679 vid.
444 634 552 695 Jan.
587 650 613 678 a
651 634 799 694 Costa,
833 636 861 678 l.
885 649 924 677 2.
955 634 984 677 l.
1013 646 1050 692 5.
1083 635 1110 678 l.
1138 649 1207 692 13.
1242 635 1304 677 D.
1336 632 1422 677 eod.
1444 633 1527 677 tit.
1571 647 1621 677 ac
1653 632 1845 694 proinde
1877 633 2130 680 testamenti
2155 634 2316 682 fafffio-

252 729 259 737 -
324 713 428 743 nem
463 714 556 743 non
591 698 810 744 habuisset
853 699 881 743 l.
913 713 983 754 17.
1027 705 1064 752 ς’.
1095 713 1130 741 1.
1168 697 1234 742 D.
1267 697 1350 742 eod.
1389 698 1458 740 tit.
1494 694 1802 759 hereditasque
1833 697 1895 743 ita
1929 697 1984 743 ab
2018 697 2230 745 intestato
2266 701 2320 746 ad

322 762 521 808 actorem
557 765 816 825 pertineret.
886 760 1000 818 Quo
1037 761 1236 807 circuitu
1256 775 1371 824 opus
1393 776 1486 806 non
1512 758 1687 819 fuisset,
1715 760 1747 806 fi
1773 761 1846 808 lex
1869 760 1960 824 ipsa
1983 762 2070 807 tale
2097 763 2317 825 prodidis-

324 826 385 872 set
422 828 697 873 remedium:
736 825 854 873 unde
883 826 968 873 viri
1002 824 1240 872 doctissimi
1271 824 1391 871 recte
1412 824 1670 871 existimant
1693 825 1937 872 oriundum
1961 825 2006 871 id
2029 827 2113 872 effe
2133 843 2191 874 ex
2217 845 2318 874 mo-

323 891 470 949 rilmS,
507 891 598 937 sive
623 895 726 955 jure
754 907 846 937 non
878 890 1073 953 scripto,
1109 891 1176 935 uti
1211 902 1406 937 vocatur
1439 890 1746 952 aPomponio
1778 893 1807 936 l.
1833 905 1875 936 2.
1913 897 1948 945 §.
1977 905 2017 951 ς.
2053 893 2118 937 D.
2152 893 2200 938 de
2235 897 2319 940 ori-

314 960 402 1017 gin.
427 956 519 1015 jur.
551 969 686 1018 atque
709 957 799 1002 hoc
823 955 943 1001 sensu
966 955 1057 1001 dici
1092 955 1176 1000 effe
1212 954 1451 1001 inductum
1478 969 1549 1015 pr.
1574 953 1676 1011 Inst.
1710 965 1743 1000 t.
1765 965 1797 1000 t.
1829 956 1938 1014 Jure
1961 954 2198 1002 novissimo
2223 960 2318 1004 No-

317 1024 450 1066 velltze
484 1036 587 1067 cxv.
623 1037 716 1083 quo
750 1020 1298 1083 ImperatorJustinianus
1332 1031 1501 1065 certam
1536 1018 1645 1064 huic
1680 1019 1743 1064 rei
1778 1020 1972 1065 formam
2008 1019 2321 1085 praescripsit,

295 1077 406 1147 'qua
452 1101 545 1130 non
578 1084 744 1131 servata
778 1085 866 1130 sola
901 1085 1074 1131 heredis
1110 1085 1335 1131 institutio
1370 1100 1451 1147 per
1485 1081 1727 1129 inofficiosi
1761 1080 1986 1147 querelam
2022 1085 2316 1147 rescinditur,

321 1150 431 1195 haec
468 1149 596 1195 ficffio
633 1150 815 1195 videtur
848 1149 933 1195 effe
967 1149 1252 1212 supervacua.

392 1219 436 1258 A
468 1214 683 1274 Suffenate
712 1217 913 1260 avemculo
934 1215 1177 1276 asloptatus]
1216 1213 1337 1260 Illud
1370 1214 1603 1278 explicatu
1638 1211 1824 1258 difficile
1858 1212 1948 1271 est,
1985 1230 2076 1276 quo
2102 1215 2235 1278 pacto
2259 1216 2316 1262 fi-

319 1279 402 1324 lius
438 1279 485 1324 in
521 1278 817 1342 adoptionem
853 1279 980 1324 datus
1015 1278 1336 1325 testamentum
1382 1280 1518 1342 patris
1554 1278 1763 1323 naturalis
1788 1311 1803 1336 ,
1852 1278 1897 1323 in
1931 1296 2022 1341 quo
2058 1295 2152 1326 erat
2187 1297 2313 1344 prae-

319 1343 506 1400 teritus,
552 1343 858 1389 inofficiosum
893 1343 1042 1389 dicere
1076 1344 1316 1407 potuerit:
1361 1343 1425 1389 est
1460 1343 1581 1388 enim
1618 1342 1797 1404 querela
1830 1342 1942 1388 nihil
1976 1344 2095 1389 aliud
2121 1378 2135 1403 ,
2180 1362 2316 1407 quam

317 1407 533 1469 quaedam
567 1408 826 1454 hereditatis
862 1409 1026 1470 petitio
1061 1411 1088 1455 l.
1115 1424 1185 1453 zo.
1222 1411 1248 1454 l.
1275 1424 1344 1453 21.
1378 1417 1413 1465 ᾗ.
1443 1410 1518 1453 ult.
1555 1410 1582 1451 l.
1611 1422 1682 1464 27.
1721 1416 1757 1463 ᾗ.
1789 1421 1878 1466 pen.
1923 1409 1987 1453 D.
2021 1412 2049 1454 l.
2078 1424 2146 1470 34.
2186 1414 2232 1456 C.
2268 1413 2315 1456 de

316 1471 523 1532 inofficioss
553 1474 778 1533 tqstszment.
812 1476 839 1518 l.
863 1488 898 1531 3.
937 1478 982 1518 C.
1017 1474 1065 1518 de
1089 1477 1279 1532 petjtion.
1314 1473 1534 1518 hereditat.
1571 1471 1695 1533 quod
1731 1472 1904 1533 plenius
1938 1471 2146 1518 ostendit.
2170 1474 2233 1520 V.
2256 1475 2315 1522 C.

318 1537 431 1582 Arn.
470 1538 666 1584 Vinnius
702 1541 893 1584 Selec‘i‘ar.
914 1538 1170 1603 'Qtaeslz'om
1203 1539 1276 1583 lib.
1305 1554 1342 1582 ε.
1376 1551 1462 1598 cap.
1494 1554 1560 1592 19.
1596 1552 1785 1599 nempe,
1821 1535 1876 1582 ab
1913 1537 2146 1584 intestato:
2182 1538 2316 1585 adeo-

319 1616 407 1663 que
439 1603 516 1663 qui
553 1602 673 1648 illam
710 1602 829 1648 Γεξὶε
864 1602 1094 1660 movebit,
1133 1600 1215 1647 nisi
1251 1600 1306 1647 fit
1341 1600 1440 1647 suus
1476 1600 1524 1647 ὃς
1561 1600 1653 1664 ipso
1683 1605 1785 1664 jure
1819 1602 1945 1647 heres
1969 1635 1983 1659 ,
2032 1602 2202 1648 necesse
2235 1605 2314 1650 ha-

317 1665 396 1710 bet
430 1667 552 1727 prius
589 1667 883 1713 hereditatem
919 1666 973 1712 ab
1009 1667 1218 1713 intestato
1243 1666 1390 1725 adire,
1424 1666 1496 1712 vel
1520 1666 1750 1712 bonorum
1776 1665 2086 1730 poffeffionem
2124 1667 2213 1713 litis
2241 1685 2314 1715 or-

318 1730 532 1776 dinandae
565 1732 706 1795 gratia
739 1734 943 1795 accipere
978 1735 1004 1778 l.
1027 1738 1071 1777 6.
1106 1740 1143 1787 §.
1178 1734 1254 1776 ult.
1292 1733 1317 1776 l.
1340 1747 1387 1790 7.
1424 1734 1451 1776 l.
1478 1729 1520 1776 8.
1551 1744 1616 1791 pr.
1652 1730 1939 1792 vjsequente,
1977 1732 2041 1776 D.
2074 1734 2101 1777 l.
2131 1748 2170 1777 2.
2196 1738 2241 1777 C.
2266 1735 2314 1779 de

313 1793 519 1855 imfficioſs
562 1796 789 1854 testament.
819 1809 970 1858 *atque
1014 1797 1075 1842 ita
1113 1793 1316 1841 adversus
1360 1794 1679 1840 testamentum
1717 1796 1944 1858 querelam
1988 1812 2194 1853 movere,
2231 1813 2312 1858 per

316 1874 449 1919 quam
487 1858 518 1905 fi
554 1859 832 1917 obtinuerit,
868 1873 979 1905 tunc
1014 1859 1197 1904 demum
1234 1857 1454 1904 hereditas
1488 1858 1775 1905 bonorumve
1813 1859 2015 1922 posseffio
2046 1859 2186 1906 stabili
2209 1864 2314 1924 jure

314 1922 368 1968 ad
399 1922 543 1985 ipsum
577 1923 825 1986 pertinebit
870 1927 897 1969 l.
926 1923 968 1969 8.
1016 1932 1053 1979 ᾗ.
1082 1928 1154 1969 16.
1194 1926 1251 1967 D.
1274 1923 1314 1967 d.
1347 1933 1378 1968 t.
1415 1921 1561 1980 Qiod
1596 1922 1627 1968 fi
1659 1925 1756 1985 quis
1790 1925 1845 1970 ab
1872 1924 2083 1969 intestato
2114 1941 2206 1971 non
2229 1928 2311 1972 vo‘-

322 2000 446 2033 catus
483 1990 627 2051 egerit
649 2022 663 2046 ,
707 2004 759 2034 ac
790 2004 868 2051 per
898 2003 1094 2033 errorem
1142 1986 1260 2032 forte
1297 1985 1529 2033 adversarii
1560 1987 1631 2033 vel
1666 1987 1834 2048 judicis
1875 1987 2022 2034 victor
2062 1989 2309 2050 exstiterit,

322 2053 355 2097 is
386 2052 480 2097 aliis
511 2056 712 2116 leporem
739 2087 753 2111 ,
800 2065 851 2099 ut
886 2052 947 2098 ita
977 2051 1152 2110 dicam,
1187 2051 1481 2110 excitaverit,
1526 2051 1791 2098 successores
1825 2054 1947 2098 enim
1982 2052 2035 2098 ab
2071 2053 2312 2115 intestam,

324 2114 497 2162 rescisso
533 2117 827 2176 testamento,
868 2132 961 2162 rem
997 2116 1259 2175 habebunt,
1305 2119 1334 2162 l.
1359 2122 1400 2161 6.
1439 2121 1477 2170 §.
1510 2132 1546 2161 1.
1584 2120 1645 2162 D.
1680 2118 1719 2161 cl.
1756 2127 1793 2162 t.
1850 2117 1947 2162 Hic
1979 2117 2078 2164 v‘ero
2113 2118 2233 2166 filius
2268 2122 2315 2167 in

322 2180 616 2242 adoptionem
665 2180 791 2227 datus
834 2181 1020 2227 naturali
1057 2183 1172 2243 patri
1218 2193 1312 2226 erat
1345 2192 1607 2237 extraneus,
1647 2190 1682 2237 §.
1712 2195 1756 2241 4.
1794 2181 1890 2241 Inst.
1928 2182 1976 2227 de
2009 2182 2315 2234 exheredation.

323 2248 485 2292 liberor.
521 2262 572 2291 ac
607 2245 818 2291 familiam
854 2248 947 2308 ejus
983 2245 1265 2292 abdicaverat
1300 2246 1347 2291 in
1380 2245 1509 2291 aliam
1543 2245 1840 2304 transeundo,
1876 2258 1928 2292 ut
1963 2245 2116 2292 scribit
2139 2249 2319 2297 Servius

325 2311 384 2356 ad
415 2313 566 2371 Virgil.
593 2313 761 2356 Aeneid.
795 2313 865 2356 lib.
888 2327 938 2356 11.
973 2329 1016 2357 v.
1038 2317 1143 2373 156.
1179 2315 1221 2356 in
1245 2311 1432 2372 schedis:
1466 2311 1617 2372 itaque
1662 2310 1787 2356 alteri
1833 2311 1949 2373 patri
1986 2312 2081 2374 jam
2116 2312 2318 2378 adsigna-

326 2388 396 2420 tus
429 2375 457 2418 l.
478 2390 546 2428 17.
571 2377 625 2418 D.
661 2374 712 2418 de
745 2377 881 2420 bonor.
909 2377 1164 2436 peffi’ffiom'b.
1198 2391 1382 2420 omnem
1415 2374 1536 2438 spem
1570 2376 1618 2421 in
1651 2375 1742 2420 hoc
1776 2374 1966 2421 debebat
2005 2391 2200 2438 ponere,
2233 2395 2320 2426 nec

329 2439 611 2484 voluntatem
647 2438 855 2485 ultimam
890 2440 1100 2486 naturalis
1136 2441 1271 2503 patris
1307 2440 1529 2498 turbare,
1570 2439 1812 2485 secundum
1851 2455 1927 2495 ea,
1965 2456 2075 2502 quae
2110 2441 2158 2488 ὃ(
2194 2444 2313 2508 Imp.

330 2502 601 2562 Justinianus
637 2502 790 2549 statuit
825 2506 852 2548 l.
873 2519 942 2548 10.
965 2509 1009 2549 C.
1045 2506 1093 2549 de
1127 2507 1374 2564 adoptionih.
1406 2504 1633 2567 querelam
1668 2502 1844 2566 prorsus
1879 2503 2101 2568 denegans
2130 2507 2205 2564 ei,
2239 2510 2318 2571 qui

332 2569 378 2613 in
411 2567 615 2630 adoptivi
651 2569 787 2629 patris
819 2567 1087 2628 potestatem
1120 2568 1319 2627 transiit,
1357 2568 1512 2631 (quod
1546 2569 1657 2614 olim
1692 2568 1996 2626 ordinarium,
2031 2569 2168 2615 hodie
2201 2584 2315 2620 tunc

332 2645 512 2679 tantum
548 2631 752 2690 obtinet,
787 2647 894 2677 cum
928 2633 1026 2694 quis
1058 2631 1112 2677 ab
1146 2633 1438 2679 adscendente
1473 2633 1537 2678 est
1567 2633 1833 2695 adoptatus)
1880 2632 2068 2696 probata
2102 2633 2318 2685 sententia

333 2697 594 2758 Papiniani,
628 2696 979 2760 improbatoque
1003 2696 1168 2755 Paulo,
1205 2698 1282 2759 qui
1317 2699 1438 2744 illam
1465 2696 1554 2744 fine
1578 2697 1744 2744 este&u
1769 2697 2076 2761 relinquebat,
2111 2716 2162 2745 ac
2188 2703 2317 2748 Mar·

333 2762 492 2819 ciano,
528 2763 606 2824 qui
639 2760 926 2807 distinctione
961 2776 1054 2805 rem
1089 2761 1380 2823 temperabat.
1417 2763 1494 2809 Sic
1527 2779 1638 2828 ergo
1670 2777 1900 2825 tamquam
1937 2761 2057 2809 filius
2091 2764 2318 2828 querelam

335 2840 426 2871 non
449 2825 608 2871 habuit
635 2827 930 2872 M.Annaeus
954 2841 978 2870 a
999 2826 1187 2871 naturali
1222 2838 1348 2888 pati-e
1381 2829 1659 2890 praeteritus.
1695 2827 1785 2874 Sed
1808 2835 1890 2874 ne‘c
1923 2827 2068 2874 eidem
2103 2830 2196 2875 dari
2231 2848 2316 2895 po·

335 2891 425 2935 tuit
456 2889 684 2936 bonorum
722 2888 923 2954 poffeffio
960 2902 1120 2935 contra
1154 2890 1348 2950 tabulas,
1393 2908 1528 2954 quam
1551 2894 1739 2939 Praetor
1772 2891 1848 2939 dat
1882 2891 2031 2938 liberis
2062 2897 2316 2959 emancipa-

333 2953 389 2998 tis
424 2956 700 3015 praeteritis,
751 2956 887 3019 patris
913 2953 1141 3018 judicium
1178 2955 1421 3002 rescindens
1464 2961 1492 3004 l.
1531 2963 1601 3003 16.
1638 2967 1672 3014 §.
1703 2973 1741 3003 1.
1778 2960 1837 3004 D.
1872 2958 1921 3003 de
1954 2956 2156 3020 inofficlos.
2191 2961 2314 3021 testa-

334 3030 457 3065 ment.
493 3021 511 3065 l
543 3033 579 3065 1.
608 3034 673 3079 pr.
698 3022 757 3066 D.
791 3021 840 3067 de
871 3023 994 3083 legat.
1017 3019 1278 3082 praest.&c.
1316 3037 1411 3068 non
1444 3035 1539 3068 tam
1574 3021 1634 3068 ob
1671 3021 1824 3068 fistam
1860 3021 2159 3082 dementiam,
2185 3038 2319 3086 quam

2268 3099 2322 3132 Ut
