2516 3509
157 1017 242 1045 Anu.
264 1014 330 1044 urb.

162 1066 227 1085 (120.
244 1059 352 1087 Front.

162 1107 208 1132 lv,
235 1108 259 1129 r.

368 151 472 205 190
618 102 1022 178 VALERII
1093 108 1463 166 ΜΑΧῙΜΙ
1505 108 1634 167 ιη.
1670 106 1742 163 11.
1787 107 1933 166 CAP.
1971 104 2106 165 vn.

365 240 413 284 in
433 234 526 281 acie
545 237 848 289 exceptorum
867 219 1111 269 vulnerum
1133 215 1315 265 nodosis
1338 216 1502 265 ictibus
1520 231 1683 265 cruore
1704 229 1922 264 renovato
1935 250 1951 277 ,
1986 221 2033 256 47
2057 211 2370 273 victoriarum,

363 329 468 376 quas
491 306 633 355 modo
654 301 987 369 speciosisiimas
1009 299 1199 362 adeptus
1221 309 1344 356 erat,
1371 296 1531 345 titulos
1550 295 1840 362 respergeret.
1910 296 1951 332 ⁴3
1973 293 2190 343 Precibus
2213 292 2376 340 deinde

362 389 446 437 suis
466 387 691 435 exercitus
723 380 1011 430 occasionem
1033 378 1174 427 Fabio
1209 374 1513 440 confugiendi
1533 376 1582 421 in
1601 375 1763 423 urbem
1785 375 1936 432 dedit,
1971 375 2052 422 ubi
2072 373 2232 421 frustra
2254 371 2375 421 sena·

363 482 436 515 tus
472 465 695 513 auxilium
727 461 1004 527 imploravit.
1075 455 1246 505 Nihilo
1277 455 1429 503 minus
1461 454 1583 500 enim
1618 459 1660 489 ⁴⁹
1682 455 1887 519 Papirius
1918 455 1967 502 in
1985 454 2208 519 exigenda
2226 468 2374 517 poena

365 543 676 612 perseveravit.
713 544 874 607 Itaque
896 538 1080 587 coactus
1104 536 1169 584 est
1188 549 1315 603 pater
1337 525 1463 600 ejus,
1498 531 1600 597 post
1617 532 1917 593 dictaturam,
1952 536 2232 599 tertiumque
2262 549 2372 581 con-

366 623 587 683 sulatum,
622 639 718 670 rem
740 621 796 669 ad
814 620 1040 685 populum
1065 615 1309 674 devocare,
1344 611 1657 673 auxiliumque
1685 608 1975 655 tribunorum
2007 608 2149 672 plebis
2182 608 2371 672 supplex

367 717 453 764 pro
478 700 575 746 filio
595 713 761 762 petere.
798 699 971 760 Neque
992 695 1075 740 hac
1097 708 1143 740 re
1168 689 1371 737 severitas
1392 687 1561 753 Papirii
1582 684 1793 734 refrenari
1813 684 1991 747 potuit:
2011 696 2241 744 ceterum,
2266 701 2373 731 cum

369 777 424 823 ab
448 773 662 822 universis
685 773 884 831 civibus,
919 770 967 816 δε
987 767 1092 832 ipsis
1113 764 1307 813 tribunis
1325 762 1469 826 plebis
1489 773 1752 826 rogaretur,
1777 759 1963 806 testatus
1985 759 2077 819 est,
2111 777 2187 807 non
2203 776 2377 822 poenam

371 859 488 902 illam
505 855 554 918 fi?
576 857 728 913 Fabio,
769 859 810 892 50
826 852 907 915 sed
919 853 1065 912 populo
1088 850 1214 895 Rom.
1239 845 1292 897 ξφ)
1318 845 1563 890 tribunitiae
1586 841 1794 888 concedere
1813 838 2022 900 potestati.

438 936 496 981 L.
521 950 705 998 quoque
728 931 1002 996 Calpurnius
1024 926 1126 975 Piso
1147 923 1328 982 consul,
1364 939 1470 969 cum
1491 923 1539 968 in
1561 922 1716 969 Sicilia
1735 918 1907 966 belluni
1931 915 2135 964 adversus
2157 916 2383 982 fugitivos

370 1027 576 1081 gereret,
615 1021 651 1052 5¹
679 1013 727 1060 &
750 1012 808 1059 C.
834 1011 992 1058 Titius
1016 1007 1224 1071 equitum
1246 1001 1521 1069 p1·aefe<{l:u3‚
1560 1008 1598 1038 52
1626 999 1930 1065 fugitivorum
1966 996 2263 1044 multitudine
2294 997 2379 1042 ho—

2245 1073 2382 1120 stium

1405 1220 1490 1243 rum.
1540 1205 1711 1255 Plerique
1745 1205 1857 1242 etiam
1880 1203 1954 1241 hoc
1977 1201 2108 1240 ordine
2129 1203 2166 1251 [ὲ
2180 1212 2320 1251 poenam
2338 1204 2381 1239 il-

374 1218 556 1267 ciofifflmas
577 1228 649 1254 erat
669 1216 806 1266 adeptus
821 1242 831 1259 ‚
858 1214 977 1251 titulos
1004 1213 1209 1263 respergeret.
1239 1207 1355 1246 nihilo

1406 1259 1474 1292 lam
1491 1272 1556 1292 non
1575 1256 1688 1293 Fabio.
1737 1256 1930 1294 Praeterea
1960 1253 2158 1291 duodecim
2181 1254 2286 1292 MSS.
2315 1259 2383 1301 [(ου

378 1272 492 1319 pejus.
530 1270 555 1305 P
569 1269 599 1305 E
610 1271 643 1306 R
658 1269 672 1305 Ι
686 1270 715 1305 Z
729 1268 765 1304 O
779 1266 826 1302 N.
891 1266 977 1302 Irno
1010 1263 1249 1301 confirmatur
1280 1260 1356 1296 hoc

379 1321 509 1369 viginti
522 1320 627 1357 MSS.
638 1318 858 1356 auctoritate
870 1345 880 1361 ,
894 1318 931 1354 &
943 1315 1168 1352 vetustarum
1181 1311 1354 1366 oninium

378 1371 601 1458 editionum(i
653 1373 747 1422 Quos
769 1367 1005 1418 speciqliffimos
1025 1365 1137 1403 video
1166 1372 1288 1400 extare
1320 1373 1356 1397 in

375 1423 478 1460 sexto
505 1423 575 1459 Lei
605 1450 612 1457 .

423 1486 483 1533 48.
512 1486 666 1522 Precibus
688 1482 801 1521 deinde
823 1485 880 1533 fici
900 1479 1078 1531 exercitus]
1107 1480 1245 1519 Melius
1258 1478 1354 1526 ficis,

375 1546 419 1574 ut
435 1537 481 1574 est
501 1537 538 1573 in
558 1535 797 1574 Atrebatenfi.
849 1534 1040 1572 Exercitus
1059 1533 1158 1569 enim
1186 1528 1356 1567 interces-

378 1588 440 1633 sit,
464 1588 722 1637 precibusque,
751 1586 840 1623 dum
863 1585 896 1622 se
916 1584 1092 1634 supplici-o
1121 1589 1354 1631 opponeret,

379 1638 614 1676 occasionem
648 1637 812 1685 fugiendi
846 1636 959 1674 Fabio
993 1634 1103 1673 dedit.
1158 1632 1256 1670 Vide
1289 1631 1355 1668 Li-

378 1691 483 1727 vium
507 1689 598 1726 libro
617 1702 703 1725 vm.
731 1689 794 1737 qui
815 1689 906 1725 haec
927 1685 1186 1735 pulcherrime.
1212 1682 1354 1721 PIGH.

379 1741 530 1778 Precibus
552 1739 666 1776 deinde
681 1742 755 1788 fiffl
774 1741 945 1775 exercitus.
968 1737 1023 1775 Ita
1044 1736 1191 1784 Pighius
1212 1747 1256 1771 ex
1273 1733 1353 1770 cod.

380 1791 611 1830 Atrebatcnsi
625 1807 634 1834 ;
665 1802 750 1828 cum
773 1790 834 1827 alii
859 1789 1005 1826 codices
1026 1797 1219 1836 perperam
1244 1783 1356 1822 habe-

380 1852 483 1886 rent,
512 1842 660 1879 Precibus
691 1839 805 1876 deinde
831 1842 885 1888 fiai
914 1853 1016 1875 exerc.
1068 1837 1259 1875 Exercitus
1290 1835 1357 1871 suis

379 1894 546 1943 precibus
557 1893 670 1930 Fabio
690 1891 929 1930 occasionem
952 1889 1053 1927 dedit
1064 1889 1100 1925 in
1123 1887 1254 1924 urbem
1268 1897 1359 1922 con-

379 1944 556 1993 fugiendi.
585 1943 781 1982 VORST.
831 1944 894 1978 Sus·
926 1941 1099 1978 omnium
1130 1939 1208 1975 fere
1233 1936 1357 1974 MSS.

381 1996 599 2033 auctoritate
623 1994 843 2032 defenditur.
865 1994 938 2042 fitis
958 2000 1084 2029 tamen
1106 1989 1235 2038 probo.

430 2070 490 2107 49.
528 2060 684 2106 Papirius
714 2059 749 2093 in
776 2055 955 2107 exigenda]
996 2057 1110 2095 Addo
1139 2067 1183 2092 CX
1212 2056 1360 2105 optimo

383 2109 466 2145 cod.
500 2108 686 2146 Danielis:
724 2111 883 2158 Papirius
908 2116 964 2157 jros
996 2111 1031 2143 in
1062 2105 1219 2157 exigenda
1246 2118 1361 2156 poena.

383 2159 475 2196 Non
504 2160 553 2196 est
574 2159 593 2196 ὲ
612 2159 723 2196 trivio
753 2159 896 2196 locutio
929 2159 1009 2196 illa:
1039 2165 1097 2208 jus
1125 2161 1361 2207 perftveravit.

382 2209 547 2258 ideoque
576 2221 619 2247 ea
650 2209 669 2247 a
700 2210 816 2247 sciolis
845 2211 1043 2247 exturbata.
1108 2209 1250 2246 Notavi
1277 2221 1361 2246 eam

384 2261 481 2308 apud
494 2261 719 2297 Ciceronem
739 2262 776 2298 &
796 2261 988 2307 Justinum.
1007 2259 1200 2297 COLER.
1229 2260 1363 2308 Agno-

380 2310 447 2349 scit
470 2311 588 2349 nullus
606 2311 827 2349 nostrorum.

435 2391 496 2426 50.
524 2377 741 2413 Tribunorum
772 2375 933 2413 concedere
957 2373 1133 2425 potestati]
1165 2375 1207 2412 In
1231 2385 1363 2412 manu-

385 2428 521 2476 scriptis
544 2428 776 2471 Tribunitiae,
804 2428 954 2476 antiqua
979 2426 1160 2476 loquendi
1189 2425 1363 2463 formula.

386 2479 527 2517 PIGH.
574 2477 638 2515 Sed
652 2480 770 2527 populo
789 2482 943 2514 Romano.
971 2478 1062 2515 Vox
1080 2476 1208 2514 ultima
1229 2476 1364 2513 tollen-

391 2530 462 2575 da,
488 2527 705 2567 auctoritare
727 2529 783 2565 lib.
808 2529 903 2565 Dan.
933 2529 1124 2565 COLER.
1175 2525 1239 2563 Sed
1260 2537 1365 2576 popu-

391 2583 424 2617 lo
449 2585 545 2630 Rom.
567 2589 611 2616 0⁹
632 2579 825 2616 tribuniciae
845 2578 1005 2616 comedere
1023 2580 1189 2629 potestati.
1216 2578 1363 2625 Pighius

395 2644 442 2669 ex
462 2633 569 2669 MSS.
597 2631 778 2668 restituere
804 2631 839 2668 se
871 2632 919 2667 ait
948 2630 1151 2667 tribuniciae.
1203 2628 1280 2666 Alii
1299 2640 1364 2666 co-

395 2683 493 2720 dices
507 2711 516 2727 ,
544 2684 712 2731 interque
730 2682 799 2719 hos
819 2680 1153 2730 Brandeburgenses
1172 2679 1278 2717 MSS.
1300 2680 1365 2717 ha-

395 2733 483 2771 bent
504 2733 705 2770 tribunorum
722 2734 887 2782 potestati.
915 2731 1033 2779 Quod
1056 2732 1212 2770 Colerus
1233 2738 1363 2776 notat,

394 2783 416 2822 ὲ
440 2784 523 2822 cod.
545 2785 584 2821 P.
608 2784 772 2822 Danielis
797 2781 914 2820 abesse
939 2785 1109 2829 Romano,
1136 2782 1172 2820 id
1193 2782 1231 2819 in
1255 2780 1363 2819 codd.

391 2847 546 2885 quoque
565 2834 697 2872 Brand.
723 2834 888 2872 observo.
942 2833 1119 2870 Ceterum
1144 2833 1272 2870 Livius
1290 2832 1369 2880 ipse

389 2898 482 2931 vm,
500 2899 558 2934 ις.
586 2886 832 2934 pulcherrime
851 2883 982 2922 eadem
1012 2883 1057 2920 de
1086 2895 1123 2920 re
1151 2895 1260 2932 agens
1282 2883 1365 2920 scri-

388 2936 457 2974 bit:
490 2939 650 2972 Donatur
668 2939 783 2985 populo
811 2940 832 2972 l<
845 2950 957 2972 emano
972 2964 981 2979 ‚
1008 2933 1150 2971 donatur
1170 2935 1363 2971 tribuniciae

382 2991 549 3036 potestati.
577 2988 771 3026 VORST.
822 2987 1032 3024 Tribuniciae
1054 2985 1263 3022 corre<stum
1288 2994 1365 3024 erat

390 3040 428 3076 in
452 3039 559 3078 Leid.
583 3039 700 3087 quint.
725 3040 762 3077 &
782 3040 870 3088 sept.
896 3037 1026 3088 reliqui
1051 3036 1186 3075 habent
1213 3037 1368 3077 tribuno-

1408 1323 1502 1343 mano
1530 1307 1676 1351 delent,
1700 1317 1786 1343 Cum
1819 1305 1887 1343 Ed.
1917 1306 2025 1353 Mog.
2052 1302 2227 1341 Concedere
2254 1313 2382 1342 autem

1410 1359 1471 1396 hic
1490 1358 1640 1406 ponitur
1660 1368 1728 1405 pro
1746 1358 1956 1401 remittere,
1987 1355 2223 1399 condonare,
2250 1367 2383 1404 quern-

1412 1408 1620 1447 admodum
1642 1409 1688 1444 L.
1705 1419 1749 1445 11.
1773 1421 1829 1446 10.
1851 1408 1933 1445 Ext.
1958 1419 1990 1444 2.
2010 1407 2204 1443 Sinceritati
2222 1412 2292 1455 ejus
2311 1421 2383 1442 con—

1410 1458 1581 1497 cedendum
1602 1460 1854 1506 existimarunt,
1881 1465 2037 1496 notante
2054 1457 2264 1495 Perizonio.

1464 1525 1521 1561 51.
1548 1514 1591 1547 Et
1619 1513 1655 1547 C.
1679 1508 1807 1558 Titius]
1836 1509 2071 1546 Praenomen
2096 1509 2133 1545 in
2162 1506 2387 1557 quatuorde-

1406 1562 1480 1600 cim
1500 1562 1635 1610 scriptis
1658 1561 1696 1598 &
1717 1560 1875 1609 antiquis
1898 1559 1991 1596 Edd.
2012 1570 2091 1596 non
2113 1567 2317 1607 comparet.

1459 1626 1515 1663 52.
1544 1614 1779 1663 fugitivorum
1799 1609 2011 1647 multitudine
2031 1610 2167 1656 bostium
2187 1612 2387 1646 circumven-

1406 1675 1482 1709 tus,
1510 1680 1604 1701 arma
1632 1664 1683 1699 bis
1712 1660 1928 1710 tradidisset]
1968 1663 2126 1708 Hostium
2150 1659 2169 1697 ὲ
2190 1660 2387 1709 ludimagi*

1406 1716 1464 1752 stri
1487 1715 1628 1752 dietatis
1646 1711 1804 1751 affutum
1828 1713 1900 1756 est,
1929 1713 2021 1749 &in
2045 1710 2196 1748 Sufiano
2219 1723 2298 1749 non
2318 1712 2383 1749 ha-

1407 1765 1522 1803 betur.
1550 1764 1756 1802 Deindein
1780 1762 1978 1812 Campenfi
1996 1765 2193 1803 <Armatam
2208 1765 2281 1811 suis
2297 1790 2308 1806 ‚
2334 1762 2387 1799 le·

1407 1827 1453 1865 ge
1473 1831 1568 1854 arma
1589 1830 1658 1852 cum
1674 1817 1759 1863 fias.
1811 1817 1897 1864 Qua
1924 1814 2086 1852 lee'tione
2112 1814 2248 1851 vitatur
2267 1813 2387 1862 dupli-

1409 1868 1506 1905 catio
1526 1865 1723 1916 particulae
1751 1867 1802 1902 bis
1824 1878 1952 1902 turmae
1972 1879 2099 1915 quoque
2121 1870 2212 1914 ejus,
2239 1878 2324 1914 quae
2337 1864 2389 1912 fi-

1413 1920 1480 1955 mul
1502 1932 1597 1956 arma
1616 1914 1823 1954 tradiderant
1836 1927 1973 1965 poenam
1988 1916 2127 1963 subiere.
2153 1915 2294 1953 PIGH.
2321 1918 2389 1952 fu-

1408 1972 1597 2019 gitivorum
1618 1965 1831 2004 multitudine
1850 1970 2096 2003 circumventus.
2124 1965 2312 2013 Expunxit
2330 1966 2390 2002 Pi-

1414 2020 1518 2068 ghius
1546 2020 1706 2068 bostium,
1735 2029 1821 2055 cum
1843 2018 1880 2054 in
1910 2017 1993 2055 cod.
2017 2015 2171 2053 Susiano
2190 2027 2269 2052 non
2285 2027 2390 2064 repe-

1413 2069 1521 2108 risset.
1581 2069 1698 2108 Aldus
1727 2068 1889 2107 ediderat
1911 2097 1922 2114 ,
1960 2070 2070 2118 Fugit.
2099 2068 2225 2103 multit.
2252 2067 2391 2114 hostium

1413 2125 1565 2158 circumit.
1609 2121 1836 2170 Habentque
1866 2121 1914 2157 ita
1945 2120 1983 2156 ὃς
2017 2118 2129 2155 ceteri
2164 2116 2392 2167 antiquiores

1414 2174 1511 2222 typis
1531 2172 1681 2221 expreffi
1696 2200 1705 2215 ‚
1726 2170 1881 2209 &MSS
1895 2172 1987 2207 item
2005 2167 2183 2207 Brandeb.
2196 2168 2390 2207 VORSTe

1416 2225 1464 2261 Et
1486 2223 1596 2261 nostri
1616 2222 1872 2271 undeviginti,
1898 2220 1959 2259 sed
1980 2221 2018 2258 in
2049 2218 2158 2257 Leid.
2180 2220 2314 2270 quinto
2330 2222 2391 2268 fu-

1408 2276 1599 2325 gitivorum
1621 2273 1669 2311 est
1687 2275 1781 2311 inter
1799 2273 1921 2310 lineas.
1936 2312 1942 2316 ,

1469 2337 1528 2375 53.
1555 2331 1680 2366 firma
1708 2338 1778 2361 cum
1795 2325 1869 2372 suis
1900 2320 2104 2371 tradidiffi‘t]
2136 2321 2191 2358 ita
2221 2332 2266 2358 ex
2290 2332 2391 2359 mera

1416 2375 1631 2425 conjectura
1649 2376 1819 2424 Pighius,
1847 2386 1933 2412 cum
1955 2374 1993 2412 in
2014 2372 2096 2410 cod.
2120 2372 2319 2421 Campenfi
2338 2372 2393 2409 le-

1416 2425 1518 2476 gisset
1542 2456 1552 2471 ,
1589 2430 1787 2469 eArmatam
1811 2427 1896 2474 suis.
1958 2425 2010 2462 At
2038 2422 2266 2472 antiquiores
2294 2424 2393 2472 typis

1418 2479 1569 2528 expreffi
1589 2482 1716 2517 Arma
1738 2478 1787 2513 ln's
1806 2473 2001 2523 tradidiffit⁸
2040 2474 2123 2511 Nec
2144 2473 2246 2511 aliter
2258 2473 2394 2513 Brand.

1419 2530 1525 2567 MSS.
1553 2528 1749 2567 VORST.
1799 2527 1901 2574 Quid
1930 2524 2107 2563 attinebat
2126 2524 2236 2572 igitur
2257 2524 2393 2563 diutius

1417 2582 1567 2619 retineri
1594 2578 1848 2629 conjecturam
1869 2578 1987 2627 Pigliii
2002 2605 2012 2620 ‚
2040 2588 2125 2613 cum
2146 2575 2259 2625 longe
2281 2575 2393 2624 pluri-

1417 2643 1483 2669 um
1504 2631 1612 2670 MSS.
1639 2629 1857 2668 auctoritate
1877 2630 2055 2666 niteretur
2073 2627 2219 2676 vulgata
2245 2625 2388 2664 leetio?

1419 2682 1468 2719 Et
1485 2696 1562 2732 quo
1592 2682 1679 2719 loco
1707 2680 1917 2729 probaverit
1948 2679 2120 2728 Pighius,
2146 2677 2251 2714 illum
2278 2677 2391 2714 etiam

1418 2735 1559 2783 equites
1578 2733 1660 2770 suos
1681 2732 1721 2770 iis
1738 2730 1922 2768 tradidiffe
1936 2746 1945 2773 ;
1960 2741 2077 2780 quum
2097 2728 2292 2765 Frontinus
2305 2727 2392 2765 fim-

1416 2784 1558 2831 pliciter
1577 2783 1673 2821 dicat
1694 2783 1811 2832 ipsum
1833 2781 1898 2819 illis
1923 2781 2012 2818 loco
2045 2777 2177 2816 ceffiffe
2191 2807 2201 2823 ,
2227 2778 2391 2823 traditis,

1418 2842 1460 2872 ut
1486 2847 1531 2872 ex
1561 2835 1685 2872 nostro
1717 2834 1803 2871 licet
1828 2832 2053 2880 intelligere,
2088 2830 2222 2873 armis,
2256 2837 2297 2866 ut
2329 2828 2393 2867 fibi

1417 2896 1503 2923 curn
1522 2886 1589 2923 suis
1611 2885 1791 2923 incolumi
1812 2883 1938 2921 liceret
1956 2883 2063 2920 abire.
2091 2881 2197 2918 MSS.
2225 2880 2391 2929 plerique

1415 2936 1480 2972 hiis
1491 2949 1559 2984 pro
1570 2938 1623 2973 iis.
1644 2936 1813 2974 nonnulli
1831 2934 1951 2972 Codd.
1970 2933 2054 2979 affici
2078 2931 2264 2978 suffit,Bit.
2282 2932 2390 2979 prim.

1416 2988 1521 3036 affligi
1545 2988 1648 3036 juffit.
1684 2988 1785 3025 Prius
1808 2986 1856 3023 est
1878 2986 1916 3022 in
1938 2985 2040 3023 Vett.
2061 2982 2152 3022 Edd.
2183 2982 2244 3021 sed
2265 2981 2341 3019 MS
2356 2980 2393 3019 S„

1416 3038 1552 3077 habent
1577 3046 1764 3088 praeterea
1786 3051 1854 3074 cum
1875 3047 1965 3086 roga.
2322 3086 2351 3120 L

2240 3094 2298 3134 54·
2355 3095 2395 3120 ⁴·

2511 233 2516 258 2-
2507 143 2516 224 ...ιι-
