2516 3509
435 88 590 143 DE
686 89 1788 150 CRUDELITATE.

2016 102 2121 159 801

116 197 265 233 tentus
298 184 346 230 in
380 196 455 230 eos
489 182 677 244 saevire,
714 188 791 249 qui
826 190 958 236 armis
995 190 1020 237 a
1041 190 1081 237 se
1115 190 1424 252 dissenserant,
1461 193 1596 239 etiam
1631 194 1775 256 quieti
1810 195 1946 242 animi
1975 198 2119 258 cive3‚

115 276 304 330 propter
337 262 556 326 pecuniae
591 266 983 328 magnitudinem,
1017 285 1097 332 per
1138 275 1176 306 ι3
1215 270 1600 316 nomenclatorem
1637 274 1918 337 conquisitos
1942 310 1956 335 ,
2002 293 2109 340 pro-

113 344 386 406 scriptorum
422 358 610 388 numero
644 343 824 402 adiecit.

893 347 1115 394 Adversus
1159 347 1364 394 mulieres
1408 365 1590 411 quoque
1631 351 1802 412 gladios
1838 352 2103 412 destrinxit3

116 420 238 484 quasi
274 436 432 483 parum
472 421 680 468 caedibus
716 423 918 469 virorum
955 424 1145 472 satiatus.

1214 425 1267 471 Id
1303 441 1487 488 quoque
1524 432 1566 463 ’ἢ
1601 426 1882 490 inexplebilis
1919 432 2103 478 feritatis

111 503 333 552 indicium
366 500 444 546 est.
496 508 532 538 ¹5
561 500 741 548 Abscisa
777 502 1038 551 miserorum
1076 505 1251 568 capita,
1290 504 1430 550 modo
1465 520 1557 550 non
1592 507 1771 552 vultum
1807 525 1859 554 ac
1894 509 2099 573 spiritum

111 580 378 638 retinentia,
414 580 460 626 in
482 579 774 643 conspectum
809 580 936 628 suum
971 582 1117 629 afferri
1148 583 1319 630 voluit:
1358 596 1409 629 ut
1435 583 1577 629 oculis
1603 583 1700 642 illa,
1735 587 1840 648 quia
1875 603 1952 632 ore
1986 591 2102 638 nefas

110 671 231 718 erat,
266 656 510 703 manderet.
544 657 700 719 Qam
735 675 874 721 porro
910 662 1152 708 crudeliter
1182 659 1222 706 se
1263 658 1304 687 ¹⁶
1340 662 1388 707 in
1420 663 1493 708 Μ.
1522 663 1672 708 Mario
1709 679 1915 726 praetore
1947 669 2100 732 gestit?

113 753 250 800 quem
286 751 365 799 per
390 751 468 781 ora
491 736 620 799 vulgi
660 742 699 774 ¹7
723 735 775 781 ad
810 734 1064 798 sepulcrum
1089 738 1301 784 Lutatiae
1335 738 1484 802 gentis
1522 739 1826 810 pertrafitum,
1862 757 1954 787 non
1982 745 2103 805 prius

111 815 205 861 vita
240 813 458 876 privavit,
498 808 538 839 ¹8
572 829 707 875 quam
744 813 902 859 oculos
937 814 1128 861 infelicis
1162 830 1368 875 erueret,
1407 816 1453 863 ὃς
1490 816 1679 881 singulas
1716 822 1920 882 corporis
1956 835 2099 884 partes

42 884 50 887 “
106 891 433 954 confringeret.
473 890 518 936 V
523 891 569 935 ix
604 890 718 936 mihi
755 891 1009 939 verisimilia
1044 909 1218 940 narrare
1253 895 1422 941 videor.
1461 895 1525 940 At
1560 896 1634 941 ille
1667 897 1802 942 etiam
1831 898 2101 946 ix‹11.Plact0-

97 970 253 1028 rium,
294 977 334 1006 ¹9
359 968 482 1031 quod
506 968 560 1014 ad
583 971 677 1032 ejus
702 968 975 1032 supplicium
1001 974 1216 1020 exanimis
1239 974 1486 1034 ceciderat,
1523 977 1748 1022 continuo
1772 977 1836 1022 ibi
1860 976 2095 1023 mactavit:

110 1061 255 1092 novus
280 1046 467 1108 punitor
488 1044 841 1103 misericordiae3
865 1053 908 1073 ²0
926 1048 1043 1111 apud
1065 1066 1200 1112 quem
1223 1051 1380 1114 iniquo
1404 1053 1554 1097 animo
1581 1051 1718 1098 scelus
1745 1053 1938 1112 intueri,
1962 1052 2099 1099 scelus

110 1121 350 1168 admittere
374 1122 475 1167 fuit.
513 1120 600 1168 Sed
627 1135 918 1169 mortuorum
946 1124 1115 1171 umbris
1138 1125 1288 1172 saltem
1314 1131 1517 1191 pepercit
1533 1128 1549 1174 ?
1565 1130 1776 1175 Minime.
1798 1147 1899 1176 nam
1918 1132 1976 1178 C.
1992 1135 2094 1179 Ma·
2114 1151 2180 1182 cic.
2204 1152 2244 1182 de

110 1205 196 1262 rii,
230 1205 385 1265 cujus,
421 1201 498 1248 ets]
527 1202 678 1265 postea
703 1203 865 1262 hostis,
902 1206 1110 1268 quaestor
1131 1220 1281 1254 tamen
1302 1208 1542 1273 aliquando
1565 1208 1734 1267 fuerat,
1759 1223 1910 1257 erutos
1932 1196 2191 1258 cineresLeg'
2220 1204 2269 1224 Μ’

114 1420 274 1446 numero
296 1408 355 1445 vel
377 1407 609 1454 dissentiunt,
637 1410 695 1447 vel
717 1410 806 1448 nihil
830 1411 989 1450 scribunt
1011 1412 1080 1450 alii.

115 1460 354 1497 CORRAD.

163 1523 218 1548 12.
245 1516 303 1546 Ne
325 1511 480 1546 memoria
502 1522 573 1547 tam
590 1513 781 1556 praeclarae
808 1514 855 1548 rei
877 1512 1078 1563 dilueretur]

112 1560 181 1598 Bit.
195 1562 301 1609 prim.
323 1564 516 1598 Deles-etur.
542 1562 755 1612 Perhonius
777 1563 978 1613 adscripsit,
1006 1566 1080 1602 an?

114 1614 340 1648 Dilaleretar.
365 1611 482 1659 Quod
510 1613 600 1649 mihi
630 1614 708 1651 satis
739 1614 883 1652 arridet.

167 1675 223 1711 13.
251 1663 559 1712 Nomenclatorem]
590 1664 700 1700 Liber
719 1665 904 1702 Danielis:
932 1668 1080 1702 Nomen-

112 1714 289 1748 culatorem
304 1742 314 1756 ‚
344 1713 398 1749 Ita
418 1715 512 1761 apud
534 1714 752 1752 Suetonium
778 1716 813 1751 in
833 1715 928 1752 libris
948 1718 1081 1753 veteri-

111 1763 189 1801 bus.
222 1763 415 1801 COLER.
454 1764 566 1801 Varie
594 1766 666 1802 hoc
693 1777 833 1803 nomen
864 1775 1078 1814 corruptum

110 1814 160 1852 est
200 1815 237 1852 in
274 1814 382 1852 MSS.
444 1817 752 1853 Nomenculatorem
797 1816 925 1853 diserte
972 1818 1080 1855 Leid.

109 1866 226 1913 quint.
273 1867 582 1901 Novimculatorem
626 1866 695 1903 Bit.
746 1869 852 1915 prim.
898 1868 1080 1906 Nonnulli

106 1916 388 1959 Nomenclarum,
409 1916 498 1953 item
519 1918 652 1953 nomina
672 1919 870 1954 clariorum:
895 1918 943 1956 est
964 1920 1077 1957 etiam

110 1966 175 2014 qui
202 1969 487 2003 Numuncularios
509 1996 519 2012 ‚
563 1969 601 2005 &
630 1968 761 2005 Nomen
793 1968 978 2006 delatorum
1013 1970 1079 2008 ha-

110 2016 183 2053 bet.

165 2079 223 2113 14.
251 2066 468 2117 Inexplebilis
489 2068 644 2113 feritatis
674 2068 831 2105 indicium
861 2069 923 2119 est]
969 2070 1077 2109 Paris:

109 2118 178 2154 sec.
222 2118 328 2155 Leid.
362 2117 470 2166 prim.
514 2117 599 2154 sext.
637 2118 769 2166 Copes.
812 2121 1076 2170 Inexplicabilis.

111 2167 220 2205 Leid.
240 2169 311 2205 sec.
338 2167 554 2216 Irzexplebilis
576 2167 619 2204 al'
647 2170 905 2217 inexplicabilis.
940 2172 1075 2217 Forte,

106 2218 568 2266 Inexpiabtlis.QuomOd0
589 2219 808 2266 implacabilis
831 2222 870 2258 &
886 2222 1075 2270 inexpiabi-

116 2273 161 2306 lis
187 2271 354 2318 jungitur
380 2268 474 2317 apud
503 2268 581 2305 Cic.
609 2270 646 2305 in
674 2270 794 2308 Pison.
821 2282 899 2320 cap.
929 2284 989 2322 33.

164 2334 218 2367 15.
248 2320 413 2367 „Abscissa
442 2320 539 2366 (MS.
564 2318 681 2366 abfixa
708 2321 795 2358 idest
823 2322 948 2370 abcisa)
976 2325 1070 2372 mise-

113 2386 221 2408 rorum
241 2383 350 2420 capita
371 2373 462 2406 modo
480 2385 545 2406 non
563 2371 697 2406 vultum
709 2373 910 2420 &spiritum
930 2377 1073 2411 retinen-

109 2422 180 2471 tia]
219 2422 321 2470 Quid
351 2421 484 2458 mirum
507 2449 518 2464 ,
557 2422 689 2457 vultum
714 2436 752 2457 ea
779 2424 946 2472 retinuiff}
968 2453 978 2470 ,
1013 2425 1074 2463 sed

109 2474 253 2510 vultum
271 2501 280 2516 ‚
303 2484 415 2522 quem
435 2471 597 2509 viventia
618 2483 696 2509 non
716 2474 954 2512 retinuerunt.
981 2477 1072 2514 Non

112 2524 272 2561 multum
296 2524 356 2560 hic
374 2522 485 2560 ausim
512 2530 641 2560 contra
661 2523 768 2561 codd.
792 2525 947 2563 Timide
964 2527 1073 2574 igitur

113 2574 298 2623 conjicio,
333 2573 392 2611 vel
417 2588 526 2610 vocem
555 2573 615 2610 vel
639 2575 761 2612 vitam.
794 2575 890 2614 Flor.
927 2577 1009 2615 Lib.
1040 2592 1072 2616 1.

115 2626 173 2665 18.
206 2636 262 2670 17.
298 2626 452 2673 ReliHae
479 2626 516 2660 in
541 2624 692 2660 vultibus
724 2627 852 2671 minae,
879 2635 925 2662 (φ’
944 2628 979 2665 in
1001 2630 1073 2679 ipsa

113 2687 216 2713 morte
244 2677 296 2711 ira
329 2675 479 2712 vivebat.
518 2675 764 2713 PERIZON.
813 2679 946 2717 Vultum
976 2680 1074 2719 nulla

112 2726 322 2765 mutatione
348 2737 480 2763 omnes
506 2726 675 2763 retinent.

169 2778 223 2816 16.
263 2779 304 2812 In
334 2780 390 2813 M.
420 2778 541 2812 Mario
562 2776 732 2826 Praetore]
764 2777 845 2816 Sen.
871 2779 915 2817 L.
938 2793 999 2819 111.
1029 2782 1075 2820 de

115 2829 173 2866 Ira
203 2840 233 2864 e.
261 2827 316 2864 18.
342 2828 484 2864 Lucan.
515 2827 559 2863 L.
581 2839 625 2865 11.
656 2840 737 2876 ης.
760 2829 926 2868 Orofius.
949 2832 995 2870 L.
1013 2845 1076 2870 111.

111 2893 172 2917 21.
198 2878 444 2915 PERIZON.

164 2941 220 2976 17.
246 2928 321 2969 <Ad
333 2930 517 2978 sepulcrum
539 2928 697 2965 Lutatiae
714 2930 829 2981 gentis
852 2933 1072 2984 pertraflum]

111 2981 212 3019 Suet.
249 2980 345 3029 Aug.
374 2990 451 3028 cap.
484 2992 539 3028 15.
577 2978 727 3017 Scribant
754 2980 893 3031 quidam
920 2995 1075 3023 trecentos

1970 1299 2008 1319 ²¹
2051 1295 2097 1341 in

1133 1427 1174 1448 ex
1194 1413 1360 1451 dedititiis
1384 1416 1500 1452 eleflos
1521 1417 1691 1465 utriusque
1711 1415 1836 1453 ordinis
1855 1419 1899 1456 ad
1927 1435 2021 1458 aram
2047 1422 2102 1459 di-

1132 1478 1174 1499 ’νο
1200 1466 1300 1509 Julio
1327 1468 1525 1513 exstruft'am
1549 1493 1559 1508 ‚
1603 1467 1716 1503 Idibus
1743 1472 1893 1505 Marciis
1921 1472 2098 1518 hostiarum

1133 1529 1219 1551 more
1246 1518 1420 1554 manases.
1443 1518 1502 1556 ubi
1527 1517 1611 1556 vide
1641 1519 1799 1558 omnino
1821 1519 2094 1561 casaubonum.

1132 1566 1376 1605 PERIZON.

1187 1619 1243 1655 18.
1279 1620 1388 1666 Quam
1419 1621 1524 1656 oculos
1550 1620 1693 1666 infelicis
1723 1620 1864 1670 erueret]
1914 1623 2008 1672 Cop.
2044 1626 2100 1660 In-

1123 1671 1254 1714 felices.
1283 1668 1330 1707 fic
1359 1670 1454 1707 infra
1481 1671 1565 1708 Ext.
1591 1684 1646 1709 11.
1676 1672 1756 1707 Cibo
1789 1681 1833 1707 <9¹
1863 1675 1991 1717 potione
2016 1676 2099 1721 infe-

1130 1721 1223 1754 luem
1243 1722 1401 1766 spiritum
1429 1724 1617 1772 prorogare.
1661 1723 1698 1758 &
1737 1722 1818 1759 Lib.
1851 1735 1937 1759 V11.
1971 1737 2003 1774 3.
2041 1739 2097 1763 10.

1133 1771 1280 1815 Infelicis
1310 1773 1415 1806 animi
1444 1773 1611 1821 impetum.
1647 1780 1688 1808 ut
1713 1772 1823 1810 habet
1851 1773 1982 1822 Copel.
2018 1776 2097 1813 PE-

1132 1820 1312 1857 RIZON.
1358 1823 1509 1866 Infelices
1548 1822 1658 1859 habet
1698 1823 1808 1860 etiarn
1846 1824 1977 1874 Ultraj.
2024 1828 2093 1865 sec.

1131 1871 1235 1908 Harl.
1262 1871 1367 1909 Paris.
1394 1873 1462 1909 sec.
1491 1874 1528 1910 &
1549 1873 1657 1910 Leid.
1684 1873 1772 1910 duo.

1183 1935 1239 1970 19.
1276 1923 1373 1969 Quod
1398 1922 1443 1958 ad
1472 1929 1543 1972 ejus
1566 1925 1763 1973 supplicium
1791 1927 1954 1962 exanimis
1980 1928 2093 1964 cecide-

1127 1972 1200 2022 rat]
1228 1973 1340 2009 Liber
1360 1974 1592 2012 Cauchianus
1613 1975 1731 2012 habet.
1784 1975 1879 2024 Quod
1908 1977 1953 2013 ad
1974 1982 2092 2014 Marii

1118 2025 1330 2072 supplicium.
1380 2024 1482 2062 Bene
1518 2037 1560 2063 ac
1597 2027 1711 2073 magis
1745 2025 1915 2074 expresse.
1950 2029 2090 2068 PlGH.

1128 2075 1210 2111 MS.
1251 2074 1382 2122 Copes.
1424 2078 1518 2122 Ejus.
1552 2077 1655 2125 quod
1686 2077 1784 2113 haud
1812 2077 1921 2114 dubie
1949 2081 2090 2119 rectum

1127 2124 1188 2162 est.
1226 2125 1474 2164 PERIZON.
1523 2127 1569 2164 Et
1599 2127 1646 2164 fic
1674 2139 1805 2164 omnes
1833 2129 1941 2165 nostri
1962 2159 1972 2174 ‚
2012 2140 2088 2169 tam

1127 2175 1234 2214 MSS.
1270 2188 1383 2224 quam
1421 2178 1518 2226 typis
1559 2179 1719 2226 expre'fli.
1779 2179 1869 2216 Duo
1908 2189 1971 2218 aut
2007 2191 2090 2221 tres.

1124 2227 1205 2276 quia
1232 2225 1289 2263 ad.
1323 2227 1426 2264 Barb.
1460 2228 1565 2276 prim.
1596 2231 1654 2277 qui
1682 2228 1737 2265 ad.

1176 2289 1237 2315 20.
1263 2277 1382 2326 ‘alpad
1411 2292 1506 2327 quem
1538 2281 1654 2328 iniquo
1677 2281 1790 2315 animo
1811 2282 1918 2326 scelus
1947 2281 2089 2327 intueri,

1086 2372 1089 2375 ἱ
1114 2329 1223 2374 fielus
1251 2326 1428 2364 admittere
1448 2328 1539 2378 suit]
1587 2330 1712 2367 Multo
1744 2331 1942 2379 elegantius
1970 2334 2088 2380 poste-

1125 2378 1223 2415 riore
1261 2378 1349 2415 loco
1385 2380 1421 2415 τό
1447 2381 1554 2427 scelus
1589 2381 1800 2429 intelligitur
1823 2410 1833 2425 ,
1880 2394 1990 2431 quare
2023 2385 2083 2420 vix

1125 2427 1254 2466 dubito
1284 2429 1506 2477 ejiciendum
1544 2430 1614 2468 effe
1644 2443 1730 2468 cum
1760 2433 1797 2470 &
1822 2434 1864 2470 M
1929 2433 2084 2471 omittat.

1123 2478 1210 2516 vide
1238 2481 1398 2525 omnino
1428 2481 1547 2519 Gron.
1590 2481 1635 2520 ad
1667 2483 1750 2521 Sen.
1792 2484 1855 2521 To
1901 2512 1907 2519 .
1939 2496 1968 2520 1.
2007 2484 2081 2520 PE·

1123 2530 1304 2569 RIZON.

1171 2593 1231 2619 21.
1257 2585 1299 2619 In
1317 2583 1482 2621 „AnIenis
1510 2583 1663 2633 alveum]
1712 2582 1887 2621 Nonnulli
1910 2584 1945 2618 in
1975 2585 2084 2621 amnis

1123 2632 1257 2669 alveum
1278 2634 1417 2682 spat-fit.

1174 2696 1234 2721 22..
1266 2687 1318 2721 En
1348 2685 1467 2734 quibus
1496 2686 1580 2721 aclis
1600 2684 1780 2731 felicitatis
1806 2697 1920 2718 nomen
1943 2686 2085 2731 afferen-

1126 2731 1204 2769 dum
1230 2735 1389 2785 putavit]
1421 2737 1463 2773 In
1490 2736 1582 2772 libris
1607 2735 1761 2781 scriptis,
1791 2736 1838 2767 En
1858 2733 1973 2782 quibu·
1997 2738 2082 2772 aslis

1127 2786 1246 2821 Felicis
1273 2800 1444 2836 cognomen
1463 2784 1689 2834 assequendum
1704 2786 1855 2831 puta-vit.
1879 2785 2003 2823 Refle.
2035 2788 2079 2825 L.

1128 2835 1225 2873 Sulla
1257 2839 1355 2873 felix
1383 2838 1481 2874 enim
1506 2834 1701 2884 appellatus
1723 2844 1807 2870 cum
1828 2833 1979 2873 deividis
2001 2838 2082 2884 jain

1126 2887 1285 2934 partibus
1311 2887 1524 2926 dietaturam
1558 2886 1643 2932 reip.
1673 2884 1947 2922 constituendae
1978 2899 2084 2925 acce-

1128 2935 1251 2984 pisset,
1289 2947 1400 2988 atque
1428 2938 1553 2974 omnia
1585 2947 1628 2972 ex
1658 2934 1804 2971 arbitrio
1828 2936 1892 2973 suo
1920 2947 2081 2984 gereret;

1130 2986 1193 3028 fibi
1222 2989 1376 3040 quidem
1408 2989 1494 3027 felix
1524 2985 1681 3073 inimilciss
1711 2985 1882 3040 oppressis
1904 3015 1914 3030 ‚
1951 2988 2010 3025 sed
2037 2989 2086 3044 ob

1647 3047 1680 3072 ιι
1713 3047 1747 3073 11
2034 3050 2086 3075 ui-
