2516 3509
516 122 655 179 DE
746 82 1715 178 FoR‘r1Tun1NE.
1997 132 2100 191 ,μ

111 228 286 292 liciter,
311 239 452 290 quam
481 235 681 282 temere,
713 218 956 268 conseruit.
991 218 1155 282 procul
1186 219 1308 266 enim
1341 217 1483 265 dubio
1513 216 1814 281 superabatur.
1883 215 2105 266 Ceterum

112 309 314 373 optimae
330 303 493 351 indolis
520 305 732 366 juventus
752 298 962 347 detraefis
984 313 1208 362 equorum
1232 298 1395 357 frenis,
1429 296 1721 343 vehementer
1755 311 1831 342 eos
1860 296 2107 346 calcaribus

110 384 359 433 stimulatos
392 385 441 430 in
468 380 670 430 adversos
694 379 916 428 Samnites
939 379 1073 442 'egit‚
1109 376 1421 439 obstinataque
1455 379 1497 409 ⁴⁹
1519 373 1658 419 animi
1685 372 1926 435 praesentia
1948 388 2103 423 extor-

109 474 204 509 tam
226 460 429 507 manibus
450 457 652 506 hostium
669 456 932 516 victoriam,
968 455 1016 503 ὅτ,
1036 472 1144 502 cum
1166 471 1217 501 ea
1256 461 1295 488 ⁵0
1316 452 1440 515 spem
1458 450 1647 497 maximi
1667 450 1777 497 civis
1796 451 2001 498 Rulliani
2026 470 2105 517 pa-

110 540 220 587 triae
254 537 464 584 restituit.

177 625 213 656 5¹
243 616 404 678 Qialis
429 615 590 662 deinde
618 615 794 662 roboris
822 616 887 663 illi
918 615 1109 673 milites,
1144 611 1223 676 qui
1243 608 1503 659 vehementi
1537 607 1632 654 ietu
1654 623 1885 654 remorum
1925 616 1965 646 5²
1993 626 2103 656 con-

109 696 293 743 citatam
316 693 451 757 fugae
467 693 690 740 Punicam
710 693 913 753 claffem,
950 699 988 729 ⁵3
1015 703 1165 739 nantes
1189 689 1368 736 lubrico
1386 686 1561 751 pelagi,
1595 684 1718 748 quasi
1740 700 2008 748 camporum
2027 685 2104 732 fir-

2184 634 2241 662 10.

2120 674 2202 704 Anu.
2226 672 2296 706 urb.

2122 724 2134 749 ς
2144 725 2155 748 3
2165 725 2190 750 ς.
2207 716 2297 747 circi-

2122 763 2181 788 tet·

109 773 293 832 mitam,
328 771 500 836 pedites
523 771 570 816 in
592 771 720 818 littus
741 782 1039 817 retraxerunt.

61 980 68 983 “
110 979 287 1024 alibi‚ubi
305 978 468 1017 dubitare
485 989 646 1027 nequeas
668 977 757 1027 quin
776 976 971 1025 Wpro
986 984 1085 1025 prae·
1135 970 1258 1010 Codd.
1284 972 1323 1009 in
1352 981 1471 1008 unum
1503 968 1742 1008 consentiant.

1976 841 2104 905 Ejus-

1802 966 1932 1018 Itaque
1963 975 2005 1006 ut
2031 969 2105 1008 dixi

101 1034 215 1080 sentia
236 1031 430 1073 scribatur,
455 1029 572 1077 idque>
586 1029 646 1065 hic
667 1029 820 1065 invenio
852 1028 888 1064 in
912 1026 1085 1064 omnibus
1135 1030 1350 1071 corruptum
1374 1029 1465 1070 puto
1485 1020 1638 1063 locum;
1667 1018 1770 1070 quod
1791 1019 1879 1056 ideo
1900 1019 2107 1065 admoneo,

112 1082 221 1119 Leid.
254 1081 386 1128 Copes.
416 1081 453 1117 ὃς
476 1079 607 1128 Ultraj.
637 1079 784 1126 primo,
814 1079 852 1114 &
884 1077 952 1115 Ed.
974 1078 1083 1124 Mog.

103 1134 292 1183 praesentia
313 1130 442 1179 probat
463 1130 575 1166 etiam
597 1128 806 1166 Tennulius
823 1126 868 1165 ad
887 1129 1012 1173 Front.
1036 1128 1081 1164 L.

110 1195 154 1219 11.
175 1183 208 1219 8.
228 1194 285 1219 10.
313 1180 411 1218 Vide
433 1181 471 1217 &
490 1179 665 1218 nostrum.
694 1181 739 1217 L.
760 1192 822 1217 111.
845 1192 878 1226 7.
897 1180 932 1217 6.
955 1181 993 1217 ὃς
1014 1179 1083 1216 hu-

105 1235 166 1282 jus
187 1233 276 1280 Cap.
300 1232 367 1268 Ex.
391 1230 447 1268 18.

164 1296 222 1331 50.
250 1287 346 1331 Spem
372 1282 511 1317 maximi
541 1282 625 1318 civis
652 1278 832 1328 Rulliani]
871 1279 1003 1317 Filium
1033 1282 1084 1328 Q.

114 1333 216 1371 Fabii
232 1333 391 1370 Maximi
409 1332 580 1370 Rulliani.
632 1332 748 1368 Hunc
776 1343 867 1369 vero
890 1330 1083 1368 occasione

112 1384 371 1433 cognominis,
399 1383 503 1433 quod
535 1395 580 1420 ex
608 1390 745 1419 eventu
769 1380 933 1432 quodam
957 1381 1082 1419 nastus

111 1436 199 1478 fuit;
228 1434 406 1485 quodque
437 1434 493 1471 vir
519 1435 674 1471 eximius
697 1434 734 1470 ὃς
764 1427 872 1475 esset,
898 1435 1082 1468 maximnm

113 1489 216 1523 civem
245 1494 364 1523 vocat.
400 1486 596 1523 VORST.
661 1485 752 1521 Non
778 1483 968 1532 intelligo,
996 1484 1085 1533 quid

114 1537 203 1574 velit
222 1536 399 1575 Vorstius.
450 1535 609 1573 Videtur
628 1535 790 1573 indicare
808 1535 906 1572 hunc
927 1534 1081 1573 Fabium

116 1588 326 1636 magistrum
357 1587 524 1636 equitum
560 1583 664 1623 fuiffe
693 1597 772 1623 non
800 1586 916 1634 ipsum
945 1586 1082 1624 Rullia-

114 1651 232 1682 num,
270 1638 329 1674 sed
357 1637 473 1675 filium
507 1638 556 1685 Q.
590 1636 690 1674 Fabii
710 1636 870 1674 Rulliani
899 1637 1080 1681 Maximi,

111 1701 229 1739 quum
251 1688 377 1725 diserte
405 1687 425 1725 ὲ
454 1688 591 1731 Livio,
620 1689 658 1724 ὃς
688 1686 763 1725 aliis
788 1687 861 1735 ipse
881 1687 1082 1736 appelletur

111 1741 243 1779 Fabius
265 1739 453 1776 Rullianus
467 1767 477 1782 ‚
504 1746 607 1786 pater
624 1750 716 1775 vero
740 1739 816 1787 ejus
838 1738 907 1775 fuit
938 1740 993 1775 M.
1014 1739 1081 1775 Fa-

113 1791 192 1829 bius
211 1789 407 1828 Ambustus
422 1818 432 1833 ‚
460 1790 522 1838 qui
542 1798 598 1825 ter
615 1788 739 1826 consul
763 1790 801 1825 &
823 1787 979 1826 dietator
1002 1789 1082 1826 fuit.

113 1842 200 1881 dicit
230 1852 322 1879 VCrO
343 1843 434 1890 spem
454 1842 610 1875 Maximi
640 1841 724 1876 civis
749 1842 884 1889 patriae
913 1842 1080 1888 restituit,

113 1893 293 1944 quoniam
315 1892 375 1929 hic
395 1891 467 1940 ipse
497 1890 625 1928 Fabius
646 1890 833 1928 Rullianus
850 1891 974 1939 postea
995 1902 1082 1927 cen-

111 1945 170 1982 sor
202 1943 314 1980 faetus
334 1944 490 1978 Maximi
517 1952 734 1990 cognomen
762 1942 904 1989 peperit
923 1953 1081 1979 omnem

111 1994 298 2032 forensem
314 1994 458 2030 turbam
478 1993 517 2030 in
529 2001 688 2042 quatuor
706 1992 856 2029 urbanas
867 1992 979 2030 tribus
991 2005 1082 2030 con-

110 2043 287 2093 jiciendo.
339 2044 424 2081 Liv.
448 2045 493 2081 L.
524 2056 575 2081 1x.
607 2044 666 2090 46.
692 2043 891 2081 Perizonio
924 2043 1082 2093 suspecta

115 2095 186 2132 fuit
203 2095 262 2131 hic
280 2095 432 2142 repetita
451 2107 527 2131 vox
546 2097 707 2144 Rulliani.

169 2158 226 2194 51.
252 2146 377 2195 Qalis
395 2144 506 2181 deinde
520 2145 662 2194 roboris]
686 2145 776 2182 Hoc
797 2144 1012 2194 exemplum
1027 2146 1084 2183 O·

111 2196 258 2234 liverius
278 2206 321 2230 ex
344 2195 463 2232 Leon.
492 2196 650 2233 Aretino
673 2197 795 2242 primo
824 2196 919 2233 bello
937 2196 1080 2233 Punico

113 2248 176 2284 sub
207 2245 349 2283 Duillio
379 2245 465 2283 Cos.
512 2242 700 2293 contigisse
728 2244 862 2293 prodit.
925 2246 977 2283 At
1008 2247 1081 2293 ipse

115 2298 284 2335 Valerius
302 2296 352 2333 ait
372 2295 511 2333 saelum
533 2296 695 2343 ejusdem
716 2297 893 2343 temporis
915 2297 952 2332 ἃ
969 2304 1081 2332 notae

117 2347 187 2385 effe
210 2376 219 2392 ‚
254 2347 361 2397 quale
390 2346 459 2384 fuit
489 2346 610 2383 militis
639 2345 686 2382 ad
715 2345 859 2382 Cannas
889 2346 1085 2394 pereuntis.

117 2401 211 2448 Quis
240 2406 365 2436 autem
392 2397 502 2434 nescit
530 2405 700 2444 tempore
719 2395 888 2439 secundi,
915 2407 994 2432 non
1014 2396 1086 2444 pri-

118 2452 169 2487 mi
201 2448 285 2486 belli
313 2449 443 2485 Punici
474 2447 569 2484 male
599 2454 804 2495 pugnatum
833 2445 879 2483 ad
910 2445 1085 2483 Cannas?

118 2500 289 2539 Olivcrio
317 2499 394 2536 satis
418 2498 541 2543 Nisum
572 2498 619 2535 est
640 2498 817 2534 eximium
849 2496 1003 2545 allegare
1023 2509 1087 2534 au-

115 2552 276 2589 thorem.
329 2550 407 2597 Qui
427 2558 554 2588 tamen
583 2547 713 2585 eadem
735 2547 821 2584 scire
841 2560 919 2584 non
941 2556 1087 2595 poterat

115 2602 182 2640 nisi
203 2614 247 2639 ex
265 2601 430 2649 antiquis.
484 2594 536 2637 At
564 2598 666 2648 quod
690 2598 791 2635 idem
813 2599 999 2636 Oliverius
1023 2599 1086 2636 Ci-

119 2664 295 2691 ceronem
327 2653 377 2688 ait
404 2652 495 2687 haec
523 2650 569 2687 de
600 2648 783 2686 senectute
803 2650 979 2694 scribere,
1007 2662 1085 2687 non

118 2704 276 2742 memini
296 2714 338 2739 ea
359 2714 420 2739 me
439 2700 576 2738 ibidem
594 2698 724 2748 legiffe.
779 2699 848 2737 Sed
877 2712 998 2750 neque
1025 2701 1085 2737 hic

117 2754 259 2792 Valerii
285 2753 389 2790 locus
419 2753 559 2800 integer
589 2751 744 2788 videtur.
808 2752 940 2788 Nantes
970 2751 1087 2787 lubrici

110 2807 227 2856 pelagi
254 2805 348 2853 quast
374 2813 554 2851 camporum
576 2803 744 2849 firmitate
768 2800 892 2849 pedites
925 2804 958 2837 in
989 2804 1088 2838 littus

119 2866 343 2893 retraxerunt.
398 2855 583 2892 Oliveritss
613 2853 661 2889 ait
694 2851 807 2888 lubrici
830 2852 1088 2890 substantivum

119 2905 201 2950 effe.
254 2904 381 2942 Badius
411 2905 562 2953 exponit
593 2904 706 2939 lubrici
731 2905 839 2952 pelagi
868 2903 916 2940 est
947 2915 1009 2952 per
1036 2903 1091 2940 lu-

118 2958 214 2995 brica
238 2955 368 3004 pelagi.
415 2957 558 2992 Neuter
580 2955 668 2991 mit-‚i
693 2953 881 2997 sat{3f.icit;
905 2954 941 2990 ὃς
963 2961 1091 2991 tamen

114 3020 197 3047 :non
225 3006 344 3046 habeo
382 3006 480 3045 aliud
512 3006 615 3056 quod
655 3005 770 3042 dicam
794 3033 805 3050 ‚
842 3016 927 3042 cuin
959 3016 1092 3044 omnes

1135 1082 1176 1111 ut
1203 1073 1341 1111 vetusta
1369 1072 1592 1120 exemplaria
1616 1083 1662 1108 eo
1686 1071 1894 1118 diligentius
1916 1073 2105 1109 excutian-

1132 1132 1202 1161 tur.
1233 1124 1504 1161 GLAREAN.
1557 1124 1677 1170 Qualis
1697 1120 1810 1158 deinde
1828 1121 1952 1158 roboris
1971 1124 2026 1158 illi
2042 1125 2106 1159 mi-

1129 1178 1218 1212 lites.
1266 1174 1460 1212 Revocavi
1496 1173 1697 1211 leffionem
1728 1179 1894 1211 veterem
1922 1173 1942 1210 a
1972 1174 2104 1222 Pighio

1133 1226 1316 1275 expulsam
1332 1254 1342 1270 ,
1362 1225 1590 1263 substituente
1609 1222 1736 1260 demum
1754 1234 1822 1272 pro
1841 1222 1977 1266 demam
2000 1225 2106 1273 quod

1132 1278 1286 1315 invenio
1321 1277 1358 1314 in
1393 1275 1564 1313 omnibus
1594 1275 1699 1312 Leid.
1730 1274 1859 1322 Ultraj.
1886 1275 1974 1312 Tol.
2007 1276 2105 1325 Cop.

1132 1328 1235 1365 Barb.
1266 1327 1334 1365 Bit.
1348 1327 1471 1375 prim.
1494 1325 1597 1362 Harl.
1616 1325 1663 1362 ad
1682 1325 1785 1374 quod
1805 1324 2107 1365 confirmandum

1134 1379 1370 1416 Cl.Perizon.
1391 1384 1596 1414 notaverat.
1619 1373 1841 1412 L.v11.2.6.
1859 1379 1975 1425 Quam
1994 1374 2110 1413 deinde

1125 1433 1162 1479 se
1176 1428 1352 1478 prudenter
1382 1431 1418 1464 in
1437 1430 1528 1476 Rege
1548 1426 1728 1474 Mafiizr‘ffiz
1742 1425 1847 1476 geffit.
1875 1428 1913 1462 &
1936 1426 1980 1462 L.
2002 1439 2052 1463 IX.
2076 1440 2108 1477 3.

1135 1482 1219 1519 Ext.
1246 1493 1281 1519 2.
1310 1482 1419 1529 Quam
1446 1480 1615 1514 vehemens
1635 1475 1749 1514 deinde
1771 1474 1928 1524 adversus
1952 1479 2110 1527 populum

1135 1536 1325 1582 Qmanum
1354 1531 1555 1570 „simili-aris
1580 1527 1701 1565 odium.
1737 1527 1785 1564 L.
1810 1539 1862 1565 VI.
1897 1527 1931 1564 8.
1963 1541 1996 1577 ς.
2036 1529 2109 1567 Ubi

1135 1582 1232 1622 vide.

1185 1647 1242 1682 52.
1271 1634 1477 1671 Concitatam
1493 1634 1596 1682 flagae
1616 1631 1778 1666 Punicam
1798 1627 1941 1678 classem]
1974 1629 2015 1667 Id
2036 1631 2085 1669 est
2096 1633 2111 1676 ,¹

1131 1686 1358 1722 concitatam
1380 1685 1417 1720 in
1440 1684 1577 1730 fugam.
1630 1680 1789 1728 Intelligi
1808 1689 1935 1717 autem
1962 1681 2107 1720 videtur

1130 1737 1217 1784 fuga
1236 1735 1294 1772 illa
1317 1731 1695 1781 Carthaginiensium,
1722 1731 1761 1767 in
1789 1742 1902 1780 quam
1926 1733 2105 1780 compulfi

1133 1786 1153 1824 ’ὶι
1186 1785 1326 1823 Duillio
1363 1785 1522 1821 fuerunt.
1559 1781 1755 1820 VORST.
1816 1782 1879 1819 An
1907 1780 2107 1830 legendum

1126 1840 1215 1888 fuga
1241 1837 1264 1874 i.
1293 1847 1324 1873 e.
1353 1835 1518 1883 fugiendi
1541 1833 1672 1871 studio.
1725 1833 1783 1870 Sic
1812 1841 1910 1869 certe
1942 1833 2109 1881 placebat

1137 1889 1304 1937 Guyeto.
1333 1885 1547 1923 GUDIUS.
1600 1883 1694 1921 Ultr.
1720 1883 1970 1934 prirnfiigam.

1185 1952 1243 1989 53.
1271 1943 1407 1974 Names
1438 1936 1559 1973 lubrico
1586 1934 1718 1985 pelagi]
1750 1935 1840 1971 Non
1872 1936 1892 1972 ἐι
1923 1934 2107 1984 quibusvis

1131 1989 1345 2028 nominibus
1357 1987 1543 2037 adjeetivis
1556 1987 1763 2023 formantur
1774 1984 1985 2023 substantiva
1997 1999 2004 2023 z
2018 1997 2104 2034 pro-

1134 2053 1208 2090 que
1227 2039 1448 2079 substantivis
1467 2037 1651 2075 interdum
1674 2037 1745 2084 ipsa
1764 2035 1945 2084 adjeftiva
1957 2048 2106 2086 ponun-

1133 2099 1203 2130 tur.
1256 2092 1314 2129 Sic
1333 2103 1412 2128 non
1431 2089 1557 2127 dlcunt
1572 2085 1784 2137 profunditas
1805 2090 1907 2123 maris
1921 2116 1931 2131 ‚
1958 2088 2016 2125 sed
2028 2097 2111 2136 pro-

1128 2142 1271 2190 fundum
1297 2144 1414 2179 maris.
1464 2139 1564 2177 Vide
1588 2137 1752 2178 libellum
1774 2137 1819 2174 de
1843 2138 1994 2175 Latinit.
2018 2150 2109 2176 mer.

1134 2194 1221 2242 susp.
1251 2204 1328 2240 cap.
1360 2205 1393 2237 7.
1430 2191 1465 2227 Si
1494 2190 1666 2226 lubricitas
1683 2191 1798 2239 pelagi
1819 2188 1891 2226 dici
1911 2187 2109 2238 potuisset„

1134 2243 1275 2281 dixisset
1295 2255 1411 2278 nantes
1433 2240 1622 2276 lubricitate
1635 2242 1770 2289 pelagi,
1798 2239 1997 2288 quomodo
2018 2252 2110 2277 mox

1134 2293 1270 2330 deinde
1290 2303 1474 2341 camporum
1485 2290 1663 2337 firmitate.
1690 2289 1885 2327 VORST.
1912 2290 2110 2328 Harlssra-

1133 2343 1276 2379 chiorum
1297 2354 1414 2378 nantes
1433 2341 1550 2377 lubrici
1573 2342 1711 2390 pelagi,
1736 2340 2007 2390 quafifirmitate
2022 2356 2109 2378 cam-

1130 2403 1246 2442 porum
1262 2391 1399 2444 pedites.
1429 2393 1524 2429 Tres
1546 2392 1654 2428 Rem.
1675 2401 1761 2428 cum
1775 2390 1882 2427 Leid.
1902 2391 1969 2429 sec.
1989 2394 2106 2441 quint.

1136 2445 1175 2481 &
1190 2445 1276 2481 sext.
1302 2456 1419 2480 nantes
1440 2442 1571 2479 lubricis
1587 2443 1712 2491 pelagi.
1739 2441 1806 2478 sec.
1828 2443 1942 2491 pelagi
1964 2443 2107 2478 lubricis.

1134 2494 1236 2532 Barb.
1256 2496 1362 2544 prim.
1385 2493 1482 2531 delet
1502 2503 1617 2528 nantes
1641 2491 1756 2527 lubrici
1773 2493 1887 2541 pelagi
1907 2494 2011 2541 quast.
2040 2491 2107 2528 Ul-

1134 2546 1211 2594 traj.
1233 2547 1338 2595 prim.
1360 2545 1505 2592 insuper
1523 2543 1663 2579 omittit
1683 2542 1821 2590 claffem.
1844 2543 2042 2590 Leidsept.
2066 2543 2104 2577 &

1135 2596 1250 2634 Periz.
1282 2598 1438 2632 Punicam
1466 2593 1592 2641 classem
1622 2593 1824 2630 brachiorum
1834 2594 1997 2640 firmitate
2012 2589 2106 2640 pedi-

1134 2659 1204 2692 tes,
1231 2647 1290 2685 sed
1308 2648 1346 2684 in
1367 2645 1473 2683 Leid.
1491 2645 1553 2682 illo
1574 2644 1611 2681 in
1638 2656 1750 2691 marg.
1783 2645 1917 2692 reliqua
1946 2641 2102 2678 secunda

1136 2711 1250 2736 manu
1279 2698 1401 2735 addita
1431 2696 1521 2734 sunt.
1552 2696 1682 2743 Copes.
1713 2695 1826 2737 lubrici
1862 2695 1985 2741 pelagi.
2047 2692 2105 2728 Sic

1138 2749 1346 2797 Mog.A1d.
1362 2748 1444 2786 Asc.
1459 2746 1541 2784 Col.
1561 2746 1701 2794 Gryph.
1722 2747 1765 2782 R.
1787 2744 1906 2790 Steph.
1928 2742 2106 2779 SedVen.

1140 2800 1272 2836 lubricis
1299 2801 1422 2849 pelagi.
1452 2798 1506 2834 Cl.
1526 2797 1695 2834 Perizon.
1716 2794 1867 2843 juvabat
1895 2792 2022 2830 locum
2054 2792 2108 2829 di-

1140 2851 1345 2889 stinc'lione.
1397 2849 1558 2897 Classem,
1584 2858 1699 2882 nantes
1721 2844 1839 2880 lubrico
1853 2845 1967 2893 pelagi
1981 2871 1990 2887 ‚
2018 2844 2111 2893 quast

1143 2912 1326 2950 camporum
1347 2902 1513 2948 firmitate
1538 2896 1681 2946 pedites,
1709 2897 1743 2929 in
1764 2897 1862 2929 littus
1894 2905 2114 2930 retraxerunt.

1146 2953 1215 2990 S?d
1238 2965 1321 2989 cum
1343 2953 1505 3000 plCl‘l<]¹.¹.2
1527 2951 1540 2983 ,³¹
1556 2948 1630 2984 359.
1663 2945 1719 2981 vel
1740 2945 1854 2981 ‚subrisi
1869 2973 1878 2987 ‚
1902 2945 1959 2980 Vt’l
1982 2944 2114 2980 lubricis

1145 3004 1327 3049 habeant,
1356 3002 1530 3052 posterius
1552 2998 1636 3037 mm·
1659 3010 1678 3034 n
1692 3008 1744 3084 an1
1765 2995 2005 3045 spernendum
2030 3006 2115 3082 csen-

1683 3049 1722 3085 H
1745 3060 1757 3084 1
2056 3057 2118 3082 eo.
