2516 3509
393 117 500 185 678
627 109 1034 169 VALERII
1101 109 1486 168 MAX1M1
1550 104 1674 167 Lm.
1715 111 1846 172 vn.
1880 113 2027 176 CAP.
2058 109 2163 177 v1.

193 218 276 246 Ann-
301 215 367 248 urb·
395 213 703 261 dissidentibus

195 262 263 293 671.
724 248 740 274 ‚
796 230 890 278 quo
925 227 1135 280 tempore
1168 231 1263 262 non
1298 217 1407 281 reip.
1443 215 1633 265 vietoria
1667 219 1964 280 quaerebatur
1984 256 2000 281 ‚
2042 220 2115 268 sed
2148 222 2400 286 praemium

395 297 611 350 vi&oi·iae
644 313 710 344 res
745 310 838 344 erat
872 298 1056 363 publica
1081 333 1097 359 ,
1150 298 1320 346 senatus
1365 298 1574 346 consulto
1618 315 1749 347 aurea
1790 300 1924 366 atque
1957 317 2170 369 argentea
2202 304 2403 368 templo-

400 397 503 428 rum
539 391 834 438 ornamenta,
869 395 924 426 ne
959 379 1181 427 militibus
1216 379 1440 445 stipendia
1473 379 1696 440 deessent,
1745 384 1943 430 conflata
1977 383 2094 432 sunt.
2165 381 2210 422 33
2249 386 2402 450 Digna

401 458 521 503 enim
556 471 650 506 erat
683 460 827 506 caussa
849 494 864 520 ‚
925 467 970 498 39
1017 461 1126 529 hine
1168 478 1225 508 an
1258 460 1323 507 illi
1359 460 1674 508 crudelitatem
1709 460 1828 509 suam
1861 463 2192 528 proscriptione
2227 467 2400 513 civium

402 540 636 603 satiarent,
671 557 723 590 ut
759 543 821 590 dii
857 544 1135 593 immortales
1167 544 1478 609 spoliarentur.
1514 546 1634 593 Non
1667 561 1779 610 ergo
1815 560 1997 609 patrum
2034 548 2401 614 conscriptorum

395 619 603 668 voluntas
622 655 637 681 ‚
691 629 736 660 40
772 623 843 669 sed
879 638 957 670 tua
978 658 993 683 ‚
1040 626 1270 672 teterrima
1303 624 1530 674 necessitas
1553 658 1569 684 2
1613 623 1870 673 truculenta
1902 642 2056 673 manus
2090 627 2156 674 illi
2191 629 2398 678 consulto

395 700 559 764 stylum
595 704 826 766 impressit.
1715 693 1719 695 μ

269 804 303 838 5.
459 789 497 820 4¹
540 784 653 831 Divi
684 785 796 844 Julii
833 787 1085 844 exercitUS,
1118 785 1164 832 id
1195 786 1283 845 est,
1319 784 1478 833 inviffi
1512 784 1641 833 ducis
1676 786 1844 834 invffita
1877 786 2090 847 dextera,
2127 805 2234 836 cum
2266 790 2399 836 armis

182 841 358 915 ἶῗζζᾋζξζξ
398 861 627 914 Mundam
676 864 895 911 clausisset
917 900 931 924 ‚
979 871 1021 902 42
1060 866 1306 929 aggerique
1349 865 1606 912 extruendo
1653 867 1838 913 materia
1871 866 2088 914 deficeret
2113 903 2127 927 ,
2184 871 2399 933 congerie

182 926 327 1006 ἓωᾟῖἷ
396 936 631 988 hostilium
676 943 945 990 cadaverum
970 978 986 1003 ,
1034 961 1169 1008 quam
1206 944 1531 992 desideraverat
1578 944 1866 992 altitudinem
1908 945 2157 992 instruxit:
2211 963 2400 1011 eamque

182 1017 302 1041 '³¹¹¹‘
392 1024 579 1086 tragulis
624 1025 671 1071 ἃ
717 1026 818 1088 pilis
840 1061 855 1085 ,
907 1028 1011 1089 quia
1047 1027 1264 1074 roboreae
1299 1026 1422 1074 sudes
1457 1026 1640 1075 deerant
1661 1062 1676 1087 ,
1724 1025 1934 1090 magistra
1967 1042 2110 1074 novae
2147 1028 2398 1076 molitionis

393 1102 648 1150 necessitate
682 1104 779 1151 usus
814 1105 1010 1152 vallavit.

264 1207 297 1244 5·
454 1190 496 1221 ‘³³
538 1184 695 1246 Atque
728 1198 779 1230 ut
815 1185 1016 1231 divinam
1052 1184 1137 1231 filii
1170 1185 1454 1232 mentionem
1491 1184 1695 1232 coelestis
1729 1184 1865 1248 patris
1900 1184 2205 1232 recordationi
2239 1183 2398 1233 subne-

181 1257 367 1334 ξ’ζῑῇῥζξξ
389 1262 535 1322 stam,
572 1280 678 1309 curn
714 1263 933 1311 effusurus
967 1263 1008 1311 se
1041 1265 1093 1325 in
1122 1265 1291 1311 nostras
1327 1267 1586 1330 provincias
1618 1264 1904 1312 Parthorum
1940 1281 2018 1312 rex
2055 1266 2298 1328 Phraartes
2329 1269 2397 1314 vi-

181 1349 238 1373 RUI-

385 1343 594 1403 deretur,
632 1344 896 1408 vicinaeque
931 1345 1125 1407 imperio
1155 1347 1249 1408 ejus
1275 1346 1483 1410 regiones
1519 1344 1663 1392 subita
1698 1344 1858 1392 indi-§ti
1893 1344 2119 1392 tumultus
2155 1344 2395 1392 denuntia-

383 1423 509 1468 tione
544 1435 869 1485 quaterentur:
926 1436 1048 1470 tanta
1093 1425 1142 1470 in
1174 1424 1437 1488 Bosporano
1473 1425 1621 1472 trac⁰tu
1655 1437 1938 1471 commeatus
1982 1425 2170 1488 penuria
2214 1425 2392 1473 inceffit

384 1508 430 1540 Μ
462 1514 514 1546 ut
550 1500 622 1546 sex
657 1501 854 1548 millibus
892 1502 1080 1550 denariis
1116 1502 1290 1568 singula
1323 1504 1421 1552 vasa
1455 1505 1543 1551 olei
1571 1540 1587 1565 ‚
1644 1503 1954 1567 frumentique
1998 1503 2161 1550 modiis
2197 1503 2393 1552 totidem

386 1580 610 1645 mancipia
643 1596 1020 1646 pei-mutarentur.
1081 1583 1168 1632 Sed
1213 1584 1526 1634 amarissimam
1560 1586 1875 1648 tempestatem
1911 1585 2109 1650 Augusti
2145 1601 2278 1645 cura,
2318 1600 2394 1633 tu-

392 1661 505 1707 telae
539 1676 651 1709 tunc
687 1676 906 1711 terrarum
941 1681 1126 1725 vacans,
1160 1663 1359 1727 dispulit.

2287 1744 2393 1790 Ex-

448 1884 506 1920 39.
535 1873 630 1908 Hine
652 1886 697 1909 an
728 1873 783 1909 illi
810 1871 1040 1909 crudelitatem
1072 1871 1190 1922 suam]
1232 1872 1366 1923 Ultraj.

399 1924 507 1970 prim.
530 1935 575 1959 an
604 1925 688 1966 dle,
716 1932 757 1961 ut
776 1924 981 1962 referantur
1002 1923 1047 1960 ad
1070 1923 1228 1970 Sullam,
1259 1936 1365 1962 more

400 1974 538 2011 Valerii
555 2002 565 2018 ‚
591 1976 651 2010 tlle
671 1974 715 2011 ad
735 1975 909 2023 posterius
929 1975 1130 2012 referentis.

445 2038 506 2071 40.
527 2024 589 2061 sed
615 2029 806 2062 teterrimae
825 2025 1016 2074 neceffitatis
1037 2027 1223 2062 truculenta
1248 2040 1366 2062 manns

394 2075 452 2111 illi
477 2077 619 2123 consulto
639 2078 765 2123 stwlum
787 2082 886 2124 suum
913 2076 1082 2126 impreffit]
1110 2077 1151 2115 In
1169 2077 1366 2115 manuscri-

398 2127 468 2174 ptis
493 2127 586 2163 haec
615 2127 741 2165 denuo
770 2140 835 2176 per
864 2128 1109 2177 apostrophen
1131 2156 1141 2172 ,
1178 2141 1257 2165 non
1288 2129 1366 2166 ine-

394 2186 478 2226 ptc;
507 2177 574 2214 Sed
591 2190 649 2214 tua
671 2181 840 2215 teterrima
860 2178 1021 2227 nereffitas
1042 2181 1229 2216 truculenta
1249 2195 1366 2216 manus

394 2230 451 2264 alli
469 2230 612 2274 consulto
623 2231 747 2276 stylum
767 2232 927 2279 impreſjit.
954 2231 1095 2268 PIGH.
1121 2230 1186 2268 Sed
1203 2243 1285 2274 tna,
1317 2244 1366 2268 te-

396 2282 533 2316 terrima
553 2282 711 2328 nereff‘tas
726 2311 735 2326 ,
756 2284 964 2317 trunculenta
983 2296 1111 2318 manus.
1148 2283 1203 2319 Ita
1220 2283 1365 2330 Pighius

400 2342 446 2367 ex
466 2331 573 2368 MSS.
601 2341 640 2368 nt
661 2333 880 2380 apostrophe
906 2334 1021 2370 rursus
1049 2333 1089 2370 sit
1111 2333 1157 2370 ad
1179 2334 1367 2372 necestita-

401 2390 492 2419 teni.
516 2383 598 2418 Nec
617 2383 699 2419 sane
720 2383 905 2430 inelegans
925 2384 972 2420 est
992 2384 1079 2421 illud
1093 2413 1102 2429 ‚
1130 2392 1192 2421 aut
1214 2385 1232 2422 a
1259 2397 1366 2422 more

401 2434 512 2470 nostri
534 2433 744 2470 abhorrens.
782 2435 937 2471 Veteres
959 2443 1085 2471 tamen
1106 2436 1202 2484 typis
1226 2437 1367 2484 expres—

396 2484 446 2528 Ji,
480 2485 518 2522 ὅ(
540 2493 695 2535 uterque
723 2484 901 2522 Brandeb.
934 2486 1015 2522 MS.
1048 2485 1121 2522 fine
1147 2487 1367 2535 apostrophe

399 2535 448 2573 fic
473 2535 629 2578 habent,
656 2536 718 2572 Sed
742 2538 931 2572 teterrimae
958 2536 1148 2583 neceffitatts
1181 2540 1366 2575 truculenta

397 2601 526 2623 manus.
552 2587 747 2625 VORST.
775 2599 861 2624 curn
879 2587 1011 2634 Pighio
1031 2588 1118 2624 facit
1143 2587 1237 2625 solus
1260 2589 1367 2628 Leid.

398 2639 517 2689 quint.
578 2638 736 2687 Aliquot
772 2639 882 2676 etiam
913 2640 1031 2684 stilum
1058 2641 1157 2686 sunm
1205 2640 1366 2688 impreffit.

399 2701 441 2730 ut
470 2689 659 2738 legebatur
689 2698 775 2727 ante
802 2689 985 2738 Pighium.

451 2754 508 2785 ΑΗ.
539 2740 939 2785 Di7›iJuli13exerc1tus‚
965 2738 1000 2775 td
1027 2742 1095 2783 est,
1123 2739 1244 2775 invifli
1274 2740 1367 2778 ducis

399 2793 528 2826 invicia
549 2791 705 2841 dextera]
743 2793 785 2829 In
807 2791 1037 2829 Atrebatenii
1058 2792 1095 2828 ἃ
1109 2791 1366 2830 Gel'ssblacensl

400 2841 619 2885 c()1·rc&ius;
635 2843 718 2879 idem
730 2845 851 2879 inrifsi
861 2842 950 2879 ducis
962 2842 1178 2879 &cPIGI-I.
1190 2845 1283 2878 Divi
1295 2843 1360 2888 Ju-

397 2896 438 2929 liz
458 2896 616 2929 exercitus
632 2923 643 2937 ,
664 2895 698 2929 id
724 2898 789 2938 est,
818 2896 939 2931 invic'li
958 2894 1047 2929 ducis
1067 2895 1197 2930 inmfla
1216 2893 1366 2932 dextera.

398 2944 548 2993 Pighius
566 2957 634 2993 pro
654 2945 689 2980 ιλ
707 2949 751 2991 est
770 2945 904 2995 scripfit
920 2944 1018 2981 ide-m:
1032 2944 1136 2994 quod
1155 2945 1304 2994 quidem
1328 2946 1365 2983 in

401 2995 544 3036 duob-us
567 2996 675 3034 codd.
705 2997 774 3045 ipse
792 2998 945 3037 invenit.
975 2996 1072 3035 Mihi
1091 2997 1205 3046 magis
1219 2997 1367 3047 placent

1418 1872 1577 1912 voculae
1600 1874 1635 1910 id
1654 1877 1718 1922 est.-
1748 1886 1838 1922 quas
1859 1874 1897 1911 δε
1917 1874 1954 1910 in
1977 1880 2137 1922 utroque
2157 1872 2240 1910 MS.
2259 1872 2395 1912 Brand.

1419 1926 1458 1962 ὃ(
1483 1926 1666 1963 veteribus
1695 1921 1792 1974 typis
1822 1924 1991 1973 expreffis
2018 1924 2175 1972 reperio.
2228 1924 2405 1962 Solenne.

1416 1976 1454 2013 id
1470 1976 1702 2021 auctioribus,
1730 1984 1770 2014 ut
1798 1988 1862 2024 per
1880 1975 2032 2013 voculas
2059 1975 2094 2011 id
2124 1978 2168 2024 est
2187 1974 2233 2012 de
2252 1975 2391 2014 eodem

1418 2026 1557 2076 aliquid
1585 2028 1740 2076 amplius
1770 2027 1903 2065 dicant.
1930 2026 2128 2064 VORST.
2153 2025 2188 2062 id
2216 2029 2271 2074 est.
2299 2038 2393 2065 unus

1420 2077 1530 2117 Leid.
1555 2079 1646 2116 item.
1671 2078 1768 2116 delet
1789 2079 1897 2115 Leid.
1924 2078 2041 2127 quint.
2063 2077 2193 2126 reliqui
2217 2077 2315 2114 idem.

1468 2142 1527 2176 42.
1567 2132 1780 2183 „aggerique
1816 2127 2012 2176 exstruendo
2045 2131 2188 2165 materia
2220 2127 2387 2178 deficeret]

1419 2181 1524 2218 Barb.
1551 2182 1659 2230 prim.
1681 2180 1852 2229 defecisset.
1878 2181 1910 2226 J.
1932 2179 2216 2218 &Gronovius
2237 2179 2282 2218 ad
2301 2180 2389 2218 Sen.

1419 2233 1487 2280 Ep.
1528 2245 1587 2282 30.
1629 2244 1675 2269 ex
1709 2232 1776 2269 suis
1806 2232 1914 2269 MSS.
1948 2231 2093 2279 legebat
2120 2231 2320 2278 deficeretur.
2352 2239 2394 2269 ut

1419 2285 1570 2321 monuit
1603 2284 1641 2321 in
1669 2283 1839 2331 margino
1867 2283 1948 2320 libri
1984 2282 2036 2320 sui
2072 2281 2128 2320 Cl.
2150 2282 2395 2320 Drakenbor-

1420 2335 1532 2372 chius.

1469 2397 1530 2435 43.
1557 2389 1692 2434 ,Atque
1707 2396 1744 2422 ut
1765 2384 1921 2422 divinam
1938 2385 2012 2432 filii
2031 2385 2226 2421 mentionem
2248 2384 2395 2432 caelestis

1414 2439 1525 2487 patris
1545 2437 1763 2474 recordationi
1778 2435 1991 2485 subneffam]
2021 2435 2098 2473 Cur
2115 2435 2236 2472 divina
2253 2437 2391 2479 mentio,

1421 2489 1458 2525 δί
1475 2500 1554 2526 non
1586 2489 1707 2536 potius
1733 2487 1869 2524 divinus
1892 2488 2018 2535 filius,
2048 2496 2087 2524 ut
2113 2488 2255 2532 coelestis
2272 2488 2390 2534 pater?

1418 2540 1457 2576 &
1479 2551 1543 2576 cur
1560 2540 1674 2588 magis
1703 2548 1847 2587 patrem
1878 2538 2076 2576 divinitatis
2104 2538 2213 2575 titulo
2242 2537 2390 2586 infigni-

1416 2598 1493 2634 ret,
1517 2602 1629 2640 quam
1658 2589 1774 2628 filium
1789 2619 1799 2633 ,
1826 2590 1907 2638 jam
1928 2600 2046 2638 aeque
2066 2589 2284 2626 coelestem.
2315 2589 2391 2625 Vix

1417 2641 1545 2679 dubito
1570 2639 1738 2689 scripsiffe
1761 2641 1954 2678 Valerium
1974 2647 2116 2677 mutata
2147 2641 2256 2677 unica
2285 2639 2390 2676 litera

1418 2691 1492 2727 divi
1504 2698 1579 2741 jam
1589 2694 1675 2739 filii.
1703 2692 1739 2729 id
1761 2692 1903 2740 estjam
1923 2692 2087 2735 mortui,
2117 2693 2154 2728 δε
2173 2692 2268 2728 inter
2283 2691 2389 2728 Deos

1419 2743 1533 2780 relati.
1587 2744 1689 2780 Hinc
1715 2744 1753 2780 in
1775 2743 1847 2780 fine
1875 2741 2037 2791 exempli
2054 2743 2162 2792 hujus
2182 2742 2242 2780 ait.
2263 2742 2389 2777 tutelae

1419 2804 1495 2829 zum·
1514 2805 1677 2831 terraram
1699 2793 1834 2831 vacans.
1882 2794 2130 2842 Imperatores
2155 2801 2278 2831 autem
2308 2802 2387 2828 non

1419 2844 1483 2880 nisi
1504 2845 1581 2892 post
1603 2854 1766 2883 mortem
1787 2845 2061 2894 appellabantur
2080 2844 2167 2882 divi.
2206 2843 2306 2880 Hinc
2327 2853 2386 2880 ex,

1416 2894 1531 2943 super,
1566 2899 1648 2932 Divi
1673 2897 1781 2943 Julii.
1807 2896 1958 2934 iic.vi1.
1988 2908 2019 2942 7.
2050 2909 2082 2946 3.
2119 2897 2229 2931 Divus
2246 2895 2390 2942 Augu-

1409 2948 1494 2993 stus.
1526 2959 1595 2983 VII.
1625 2948 1658 2985 8.
1685 2948 1719 2986 6.
1747 2947 1795 2986 fic
1813 2949 1909 2985 Divi
1924 2949 2090 2998 „Augusti
2109 2947 2291 2982 etiamnum
2321 2954 2389 2981 ter-

1416 3011 1474 3036 ras
1510 3000 1655 3051 regentis
1692 3012 1745 3039 ix.
1794 3013 1849 3049 15.
1897 3012 1931 3050 3.
2002 2998 2072 3038 Sed
2118 3005 2246 3035 tamen
2292 2993 2388 3034 divi-

2345 3059 2392 3086 rm
