2516 3509
185 303 306 332 Herod.
333 310 356 330 1.

185 346 227 372 C.
251 350 299 372 60.
322 344 378 371 Po-

184 384 280 413 liaen.
296 392 308 411 1
327 391 374 411 21.

182 423 302 456 Athen.

183 468 218 495 L.
236 474 287 493 xri
297 472 323 494 1.

260 517 293 552 3.

182 554 300 585 Hercd.
330 562 356 583 1.

185 601 232 629 σς.
257 594 327 624 Plu-

182 634 280 666 tarch.

181 676 278 707 Sti-ab.
303 686 336 706 L.

179 730 208 749 x.
234 717 309 758 Just.

184 768 328 790 XXXIII.

184 852 299 884 Cic.de
314 851 376 892 leg.

186 903 234 924 11.
253 893 379 926 Aeliam.

182 938 255 965 Var.
282 934 359 966 Hist.

188 986 235 1007 11.
255 976 338 1008 Suid.

192 1671 260 1703 Liv.
276 1679 320 1702 xv.
341 1679 391 1706 30.

278 2175 308 2200 Τ.

200 2220 263 2247 An.
283 2212 351 2245 urb.

204 2265 268 2291 <⁶7-
285 2257 353 2286 Liv-

198 2308 315 2329 xxxix.
350 2302 399 2328 16.

201 2342 269 2371 Cic.
293 2340 332 2370 de

200 2387 304 2424 Legg.
329 2390 375 2413 11.

205 2434 215 2454 r
228 2435 252 2455 r.

396 147 471 220 4e'

619 123 1023 197 VALERII
1098 114 1478 173 MAXIMI
1515 115 1636 172 Lm.
1679 98 1722 170 1.
1764 115 1909 172 σῃ.
1949 115 2023 171 11.
2060 116 2166 173 111.

461 244 704 297 Pisistratus
741 237 758 263 8
778 236 825 280 jn
846 223 1150 293 recuperanda
1167 221 1430 287 tyrannide,
1453 238 1589 286 quam
1605 219 1804 269 amiserat
1816 255 1831 281 ,
1868 220 2152 269 simulatione
2170 222 2385 274 reducen-

394 331 448 375 tis

468 325 507 370 se
526 324 573 367 in
593 332 742 365 arcem
755 314 992 361 Minervae
1010 306 1073 354 est
1093 302 1193 351 usus
1209 320 1218 349 ε
1233 318 1341 348 curn
1360 317 1441 365 per
1460 301 1810 348 ostentationem
1832 302 2017 365 ignotae
2038 300 2262 362 mulieris,
2275 320 2388 367 quae

393 413 414 442 9
434 403 560 463 Phya
575 395 850 452 vocabatur,
884 389 1101 437 formatae
1121 383 1177 431 ad
1198 381 1408 428 habitum
1429 382 1579 439 Deae,
1614 380 1907 427 Athenienses
1927 379 2170 444 deciperet,

456 481 702 541 Lycurgus
739 470 928 519 consilio
964 464 1192 529 Apollinis
1221 458 1499 526 gravissimae
1540 459 2012 521 Lacedaemoniorum
2056 459 2232 506 civitati
2272 459 2392 528 leges

393 555 667 622 compositas
686 553 799 600 ferre
818 549 858 596 se
877 544 1101 611 persuasit.

465 645 503 665 ¹0
538 636 760 683 Zaleucus
803 629 880 676 sub
922 625 1108 672 nomine
1149 624 1389 671 Minervae
1432 618 1553 683 apud
1588 615 1834 665 Locrenses
1868 616 2231 679 prudentissimus
2266 618 2395 667 habi-

399 728 470 764 tus
505 715 582 761 est.

401 836 477 872 Cic.
496 834 533 870 in
550 833 665 870 Bruto
685 830 794 866 etiam
813 825 935 876 legisse
958 836 1021 863 me
1037 830 1143 873 puto.
1184 819 1258 858 Pro
1277 819 1368 856 Mu-

398 899 473 923 ren.
495 885 536 921 C.
556 895 615 932 23.
642 883 911 931 Prorogationem
931 879 1012 926 Iegis
1036 873 1222 910 [islandiae.
1266 871 1369 907 Hinc

398 947 522 974 autem
533 936 661 971 Minos
677 932 808 979 legifer
828 928 1029 978 appellatur
1051 925 1096 963 ab
1109 922 1370 962 Ovid.A1nor.

397 989 443 1024 L.
472 999 531 1023 111.
559 999 593 1034 9.
620 997 678 1031 41.
713 980 957 1019 PERIZON.
1019 975 1223 1026 Prorogabat
1259 973 1306 1010 est
1333 973 1371 1009 in

396 1039 468 1076 Bit.
490 1037 599 1074 ceteri
615 1033 825 1086 perrogabat.
861 1030 966 1081 quod
985 1040 1064 1066 non
1083 1027 1273 1064 damnem.

448 1089 481 1125 8.
509 1091 549 1123 In
569 1082 786 1135 recuperanda
803 1078 992 1130 tyrannide]
1033 1080 1088 1116 Ita
1115 1077 1198 1115 COd.
1220 1087 1373 1126 quoque

396 1138 528 1178 Brund.
556 1137 671 1175 Aldus
692 1139 730 1173 &
748 1136 859 1171 hiart.
878 1131 1032 1179 Herbip.
1060 1132 1096 1166 in
1120 1128 1374 1178 recuperandam

393 1188 617 1240 tyrannidem.
636 1186 831 1224 VORST.

449 1254 485 1288 9.
516 1237 628 1288 Pla-wa]
659 1237 824 1285 Quidam
842 1234 923 1272 libri
942 1234 1019 1270 Ero.
1071 1230 1142 1267 Sed
1157 1229 1262 1278 Phya
1281 1228 1371 1265 dici-

396 1301 455 1329 tur
475 1291 587 1328 etiam
606 1289 797 1336 Polyaeno
819 1286 923 1323 Strat.
939 1283 999 1320 lib.
1023 1296 1052 1320 1.
1079 1282 1218 1318 PIGH.
1246 1280 1372 1326 Pbyam

403 1345 441 1379 ἃ
475 1340 693 1378 Herodotus
728 1337 884 1386 appellat
904 1349 913 1372 ι
950 1335 1119 1383 itemque
1152 1332 1372 1380 Polyaenus.

405 1392 572 1442 Quidam
592 1390 737 1429 codices
756 1401 823 1438 pro
842 1399 889 1425 eo
907 1386 1045 1425 habent
1065 1388 1150 1428 Ero,
1170 1391 1210 1421 ut
1227 1382 1373 1431 Pighius

1419 815 1566 855 notavit
1582 816 1622 853 in
1641 814 1829 863 margine:
1866 812 2037 862 interque
2065 826 2128 852 eos
2156 818 2240 854 cod.
2261 818 2400 857 Brand.

1421 871 1459 907 ὃς
1480 874 1587 904 vetus
1607 865 1723 903 editio
1742 866 1853 902 Mart.
1875 864 2030 915 Herbip.
2058 867 2252 906 VORST.
2306 871 2401 918 Qae

1420 936 1495 980 afro
1525 931 1719 969 vocabatur.
1772 932 1874 969 Harl.
1897 924 1923 983 cf
1941 936 1997 979 fro
2026 932 2139 970 vocab.
2175 934 2261 983 sept.
2290 934 2398 974 Leid.

1420 998 1509 1035 quae
1525 986 1579 1031 sto
1600 997 1671 1021 voc.
1705 983 1762 1020 Sic
1780 982 1892 1021 Bitur.
1911 987 1950 1022 &
1971 982 2079 1020 Leid.
2096 992 2176 1022 tert.

1477 1048 1533 1073 10.
1561 1036 1729 1071 Zaleucus
1740 1034 1804 1083 suh
1831 1050 1917 1073 nom.
1942 1034 2148 1083 Minervae]
2184 1035 2335 1074 Zaleuci
2362 1038 2401 1075 δί

1422 1087 1518 1124 infra
1537 1098 1592 1130 vx,
1614 1100 1648 1134 ς,
1676 1094 1747 1122 ext.
1777 1097 1809 1135 3.
1838 1087 2072 1124 mentionem
2100 1086 2210 1131 facit,
2238 1087 2402 1138 dicitque

1424 1138 1554 1175 urbem
1582 1135 1828 1176 Locrensium
1870 1136 2110 1174 saluberrimis
2145 1137 2284 1185 legibus
2312 1151 2401 1176 eum

1426 1186 1633 1226 munivisse.
1660 1187 1857 1225 VORST.
1917 1187 2017 1226 Vide
2046 1186 2172 1235 Scalig.
2200 1188 2246 1225 ad
2272 1190 2403 1227 Euseb.

1427 1241 1475 1277 N.
1492 1252 1596 1289 1355.
1618 1240 1656 1276 &
1676 1239 1889 1287 Symmach.
1913 1238 2153 1286 L.x.Ep.18.
2175 1238 2253 1275 Cic.
2266 1239 2405 1277 adAtt.

1427 1292 1473 1327 L.
1486 1303 1538 1328 vr.
1555 1304 1584 1327 1.
1603 1289 1746 1327 Zenob.
1759 1289 1909 1334 Cent.4.
1928 1288 2265 1328 Prov.10.Aelian.
2286 1290 2331 1329 L.
2343 1304 2405 1329 111n

1429 1352 1486 1390 17.
1506 1342 1551 1379 L.
1570 1352 1614 1378 11.
1634 1352 1692 1391 37.
1720 1340 1964 1379 PERIZON.

1141 1531 1499 1588 CAPUT
1588 1529 1693 1585 111.

514 1660 655 1721 DE
751 1608 1390 1719 PEREGRIN

1427 1658 1487 1715 A
1581 1649 2302 1716 RELIGIONE

1065 1756 1756 1843 REJECTA.

417 1953 456 1984 1.
490 1936 541 1979 A
567 1937 716 1978 Senatu
743 1934 938 1977 Romano.

415 2018 459 2046 2.
491 2001 543 2043 A
567 1998 749 2043 Cornelio
761 2006 971 2056 praetore.

1445 1943 1485 1989 3.
1521 1929 1580 1972 A.
1602 1927 1657 1972 L.
1680 1927 1866 1973 Aemilio
1889 1927 2033 1971 Paulo.

1600 1990 1692 2052 C0ſs

451 2156 460 2174 ¹
570 2144 897 2192 Acchanalium
922 2143 1147 2190 sacrorum
1169 2159 1267 2189 mos
1286 2157 1431 2189 novus
1451 2140 1707 2199 institutus5
1740 2145 1763 2166 ⁴²
1786 2154 1894 2186 cum
1912 2137 1966 2185 ad
1985 2136 2279 2203 perniciosam
2299 2138 2416 2189 vesa-

604 2226 724 2272 niam
742 2225 907 2283 iretur,
948 2230 962 2258 ³
983 2221 1178 2270 sublatus
1198 2221 1274 2268 est·

470 2454 500 2480 1.
528 2439 783 2478 Bacchanalium
794 2439 962 2487 sacrorum
986 2438 1071 2484 mos]
1103 2436 1270 2485 Quidam
1291 2434 1396 2473 codi-

420 2504 480 2529 ces
500 2493 593 2529 haec
613 2490 781 2538 exempla
800 2489 975 2537 superiori
992 2488 1101 2536 capiti
1129 2487 1317 2523 simulatae
1338 2498 1396 2523 re-

421 2544 567 2591 ligionis
593 2541 824 2582 anne&unt;
863 2539 922 2576 alii
948 2536 1118 2587 proxime
1156 2537 1321 2585 sequenti
1348 2536 1394 2573 de

423 2594 598 2642 auspiciis.
650 2591 713 2629 Ad
746 2599 920 2629 neutrum
955 2597 1082 2625 tamen
1117 2587 1300 2636 pertinere
1337 2587 1395 2623 vel

425 2656 540 2682 caeco
578 2644 715 2681 clarum
742 2642 801 2680 est.
864 2639 1071 2678 Scholiolae
1098 2637 1314 2686 marginales
1334 2648 1396 2673 ex-

426 2695 596 2743 emplaris
617 2692 830 2742 Campensis
844 2721 854 2737 ‚
872 2703 967 2742 quae
985 2703 1053 2740 pro
1073 2689 1184 2727 titulis
1203 2688 1307 2736 saepe
1328 2688 1398 2724 ser-

426 2747 556 2789 viunt,
582 2746 620 2782 in
646 2745 886 2793 suspicionem
916 2753 978 2780 me
1005 2740 1213 2784 deducunt,
1249 2738 1295 2776 ad
1312 2739 1399 2776 titu-

427 2797 507 2834 lum
534 2796 747 2844 peregrinae
774 2794 958 2842 religionis
984 2791 1141 2841 rejectae
1169 2790 1189 2828 a
1217 2790 1398 2827 Romanis

429 2849 523 2885 haec
551 2846 719 2894 exempla
745 2845 916 2894 speciare.
976 2843 1091 2880 Unde
1128 2841 1263 2888 colligo
1291 2848 1400 2889 caput

428 2898 520 2935 istud
550 2908 635 2934 cum
662 2897 839 2944 proximis
859 2895 1150 2933 consarcinatum
1172 2890 1264 2936 effe,
1291 2899 1402 2941 atque

430 2950 523 2986 haec
543 2948 711 2996 exempla
731 2949 806 2995 ejus
828 2946 898 2983 effe
917 2945 1107 2996 quoddam
1139 2944 1401 2991 fragmentum.

433 3002 671 3048 Quapropter
689 2998 836 3035 titulum
866 2998 921 3035 his
946 2997 1050 3035 suum
1076 2994 1258 3033 restituere
1284 2994 1403 3031 visum

433 3050 525 3099 fuit,
551 3049 721 3101 quamvis
739 3049 925 3099 integrum
955 3055 1064 3099 caput
1094 3045 1312 3086 constituere
1337 3056 1404 3083 ne-

2275 2298 2422 2348 Luta-

1444 2440 1605 2485 queant‚
1633 2444 1719 2470 cum
1740 2431 1856 2469 exhis
1877 2432 2063 2479 quaedam
2092 2429 2305 2474 videantur,
2334 2434 2426 2469 cum'

1446 2485 1604 2523 externis
1623 2483 1797 2521 omnibus
1819 2479 1948 2518 omiffa
1963 2510 1973 2525 ‚
2001 2480 2185 2530 quaedam
2206 2481 2318 2517 etiam
2338 2492 2423 2519 mu-

1445 2537 1508 2574 tila
1527 2544 1638 2584 atque
1657 2535 1695 2572 in
1713 2533 1905 2582 epitomen
1924 2530 2123 2569 contracta.
2145 2531 2285 2568 PIGH.
2313 2532 2425 2570 Haec

1449 2588 1630 2624 &eorum
1648 2596 1742 2635 quae
1761 2583 1959 2632 sequuntur
1980 2582 2158 2620 nonnulla
2178 2582 2299 2620 codex
2310 2581 2425 2620 Bran-

1450 2637 1531 2674 deb.
1558 2638 1596 2674 in
1616 2643 1724 2685 caput
1742 2633 1955 2682 proximum
1974 2634 2133 2682 superius
2163 2633 2332 2682 conjecta
2357 2632 2426 2671 ha-

1450 2687 1523 2724 bet.
1549 2698 1673 2737 neque
1699 2685 1801 2723 aliter
1829 2685 1875 2722 est
1898 2686 1935 2722 in
1957 2684 2120 2722 editione
2135 2685 2248 2721 Mart.
2270 2683 2428 2734 Herbip.

1453 2738 1525 2776 Sed
1552 2739 1589 2775 δε
1616 2736 1732 2774 Aldus
1757 2736 1850 2773 haec
1877 2736 2008 2774 eadem
2046 2735 2092 2773 de
2118 2734 2426 2781 Bacchanalibus,

1450 2789 1511 2826 sed
1528 2788 1602 2826 sola
1621 2796 1748 2825 tamen
1762 2817 1771 2833 ‚
1798 2788 1835 2824 in
1856 2799 1941 2825 eum
1962 2787 2089 2825 locum
2111 2786 2334 2830 coniecerat.
2370 2787 2426 2824 At

1451 2840 1598 2888 Pighius
1614 2851 1758 2877 novum
1776 2839 1836 2875 hic
1853 2847 1962 2887 caput
1991 2836 2187 2874 constituit.
2239 2837 2354 2886 Cujus
2373 2837 2429 2875 rei

1455 2902 1567 2940 quam
1588 2890 1729 2927 causam
1749 2889 1937 2932 habuerit,
1966 2900 2009 2925 ex
2026 2886 2132 2935 ipsius
2159 2887 2197 2923 in
2225 2888 2422 2926 Valerium

1457 2942 1567 2980 Notis
1594 2941 1744 2989 intelligi
1769 2940 1866 2978 licet.
1893 2939 2089 2977 VORST.
2140 2938 2264 2976 Etiam
2290 2939 2329 2977 in
2354 2950 2425 2976 no·

1454 2993 1526 3031 stris
1554 2992 1661 3029 MSS.
1680 2993 1809 3030 omnia
1829 2990 1957 3041 juncia
1985 2990 2185 3027 cohaerent
2203 3017 2213 3034 ,
2250 2989 2325 3028 fine
2350 2989 2430 3028 uHo

1454 3043 1551 3084 tituli
1576 3045 1667 3083 novi
1693 3043 1856 3092 vestigio.
1919 3041 2097 3080 Ceterum
2119 3069 2130 3087 ,
2167 3040 2191 3079 fi
2213 3070 2225 3089 ‚
2262 3040 2428 3085 Lector,

2387 3091 2435 3130 de
