2516 3509
275 507 309 541 7.

183 601 267 630 Anti.
289 594 360 627 urb.
400 567 432 613 ll

185 649 251 677 541.
275 639 344 668 Cic.

180 683 219 711 de
245 680 298 710 fin.
324 690 351 709 v.

399 158 501 229 736
604 133 998 203 VALERII
1071 122 1462 183 MAXIMI
1538 121 2212 181 L12.V111.CA1›.V11.

397 262 679 315 compotem.
750 240 799 279 ⁶4
835 239 991 292 Nam,
1028 231 1060 278 fi
1096 227 1385 294 praediorum
1420 222 1602 287 potius,
1643 239 1779 285 quam
1810 224 1980 289 ingenii
2017 224 2220 272 culturae
2250 223 2398 272 vacas-

395 334 487 390 set,
523 326 734 374 dominus
768 319 833 366 rei
867 311 1095 363 familiaris
1130 309 1247 354 intra
1278 314 1458 369 penates
1494 299 1745 362 mansisset,
1791 319 1886 350 non
1919 315 2070 351 tantus
2106 287 2400 369 Anaxagoras

400 410 455 457 ad
488 423 563 454 eos
596 400 804 450 rediisset.

468 479 756 532 Archimedis
789 484 973 538 quoque
1005 460 1280 513 fruetuofiim
1314 457 1576 505 industriam
1612 457 1740 505 fuisse
1774 457 2006 518 dicerem5
2040 460 2120 508 nifi
2157 461 2311 510 eadem
2347 464 2401 510 il-

468 567 513 613 &
540 562 725 610 dedisset
760 557 930 610 vitam,
967 550 1012 595 ἓξ
1032 543 1290 593 abstuiiffet.
1341 539 1503 602 Captis
1536 540 1657 585 enim
1682 538 1935 602 SyracusiS,
1962 540 2206 589 Marcellus
2233 541 2276 581 ⁶5
2305 562 2398 593 ma-

397 641 734 694 chinationibus
769 637 863 699 ejus
900 629 1098 676 multum
1134 640 1186 670 ac
1220 621 1299 667 diu
1333 617 1571 665 vietoriam
1607 617 1727 663 suam
1763 616 2004 662 inhibitam
2040 617 2238 668 senserat.
2283 623 2398 668 Exi·

182 725 379 754 &Vffivh
400 725 489 771 mia
523 735 673 769 tamen
706 711 903 762 hominis
938 704 1177 772 prudentia
1210 698 1480 756 deleeffitus,
1514 710 1567 743 ut
1591 697 1730 759 capiti
1765 696 1882 742 illius
1917 700 2199 759 parceretur,
2234 701 2398 759 edixit3

182 766 290 796 Livius
306 772 380 795 iix-V.

182 807 263 837 Pllit.
297 808 381 837 Mar-
401 800 449 831 66

178 850 252 880 cell.

485 817 599 866 pene
634 808 812 843 tantum
849 788 1017 853 glori-,ie
1053 786 1098 829 in
1135 776 1413 827 Archimede
1439 774 1638 834 servato,
1670 773 1715 812 ⁶7
1742 788 1961 837 qnantum
1997 777 2042 822 iri
2073 778 2286 841 oppreffis
2312 782 2396 843 Sy-

406 879 601 938 racusis,
635 887 870 939 reponens.
940 869 1005 912 At
1041 866 1099 922 ᾖε,
1148 860 1257 906 dum
1292 854 1338 884 ⁶3
1374 857 1525 902 animo
1562 854 1609 900 ὅτ.
1645 855 1788 901 oculis
1824 856 1870 900 iri
1906 867 2068 902 terram
2104 858 2266 906 defixis
2301 861 2394 909 for-

401 978 493 1009 mas
528 956 764 1012 describit,
786 949 949 1005 militi,
972 946 1049 1008 qui
1085 937 1324 1006 praedandi
1359 935 1504 1001 gratia
1536 934 1723 980 domum
1763 935 2009 998 irruperat,
2046 936 2292 1001 strkstoque
2325 941 2394 989 su-

397 1055 478 1104 pel.
512 1048 651 1100 caput
685 1030 863 1095 gladio,
898 1023 1084 1087 quisnam
1119 1022 1240 1082 eſjet,
1275 1013 1607 1077 interrogabat,
1650 1026 1839 1075 propter
1872 1013 2057 1059 nimiam
2093 1015 2393 1079 cupiditat‘em

400 1110 696 1178 investigandi
729 1104 854 1170 qUOd
889 1099 1169 1164 requirebat,
1217 1108 1387 1139 nomen
1420 1089 1549 1136 suum
1584 1090 1780 1136 indicare
1815 1106 1908 1136 non
1943 1092 2097 1153 potuit
2117 1082 2137 1148 5¹
2177 1093 2248 1139 sed
2283 1112 2392 1158 pro-

400 1193 546 1242 trazffto
583 1188 787 1238 manibus
823 1182 1008 1247 pulvere
1027 1212 1041 1237 ,
1071 1178 1109 1210 ⁶⁹
1133 1177 1240 1221 Nola*
1267 1172 1444 1236 inquit,
1467 1169 1646 1233 obsecro,
1680 1169 1803 1231 zstmn
1836 1169 2093 1230 disturbare:
2125 1187 2175 1218 ac
2211 1172 2398 1235 perinde

2286 1272 2395 1318 qua-

402 1422 579 1473 probabat
612 1421 667 1458 Ci.
693 1414 929 1457 Perizonius,
959 1413 995 1450 8<
1016 1409 1221 1448 clanculum
1243 1414 1370 1445 contra
1422 1404 1619 1442 tei-minate
1641 1400 1959 1440 circulos.PIGI-I.
1985 1402 2093 1445 Noli,
2121 1401 2268 1450 obsecro,
2296 1404 2392 1452 istum

404 1475 512 1513 MSS.
548 1473 757 1510 nostrorum
798 1468 836 1504 ἂ
866 1465 956 1520 olim
992 1463 1087 1519 typis
1119 1458 1368 1508 expressorum
1421 1455 1615 1503 disturbare.
1643 1454 1759 1492 Aldus
1782 1453 1967 1497 ediderat,
1994 1455 2079 1488 Noli
2108 1453 2173 1501 obs.
2200 1456 2297 1502 istum
2326 1458 2393 1492 cir-

401 1525 663 1564 minoritatem
704 1523 862 1558 mutarat
902 1514 1060 1562 Pighius.
1092 1513 1224 1560 Ultraj.
1261 1510 1369 1559 prim.
1419 1509 1527 1543 culum
1556 1506 1747 1548 disturbare.
1798 1504 1869 1542 Sed
1898 1504 2045 1552 Pighius
2069 1506 2223 1540 circulum
2251 1517 2392 1553 expun-

401 1575 479 1616 «Λᾶ
517 1590 572 1611 nos
612 1572 753 1621 rediffet.
815 1569 993 1605 Ceterum
1031 1562 1217 1601 Bariiesiiis
1255 1563 1369 1599 citans
1422 1559 1505 1602 xit,
1549 1556 1653 1606 quod
1679 1557 1717 1593 iri
1748 1556 1857 1593 MSS.
1893 1554 1929 1592 id
1957 1566 2035 1592 non
2068 1564 2229 1603 apparet.
2281 1557 2392 1595 Abest

402 1628 503 1664 hunc
533 1626 684 1666 locum,
721 1619 888 1662 exhibet,
918 1616 1057 1662 Namfi
1077 1613 1284 1661 praediorum
1313 1624 1373 1661 po-

404 1689 473 1714 tius
494 1686 567 1713 σε.
596 1677 633 1712 &
653 1676 691 1711 in
720 1671 885 1718 margine
918 1674 1045 1710 notat,
1084 1665 1117 1701 se
1149 1666 1196 1701 ita
1227 1663 1376 1711 legere,

405 1739 485 1765 non
506 1725 743 1777 praefidiorum
765 1750 776 1766 ‚
828 1719 931 1769 quod
958 1717 1054 1755 male
1082 1715 1257 1752 haetenus
1283 1713 1376 1750 obti-

407 1779 500 1815 nuit.
552 1779 607 1814 Ut
632 1773 856 1813 Britannicas
885 1768 1058 1818 quasdam
1092 1765 1273 1802 editiones
1302 1764 1376 1801 hoe

408 1829 578 1866 videatur
608 1823 793 1866 invasiffe3
822 1832 909 1858 nam
930 1831 1018 1869 quas
1039 1828 1109 1865 ego
1133 1815 1207 1851 vidi
1223 1814 1378 1861 praedio-

409 1895 482 1916 rum
501 1878 682 1916 exhibent.
711 1875 795 1914 vide
817 1883 903 1909 eum
921 1870 958 1907 in
981 1869 1054 1908 vita
1078 1865 1258 1914 Euripidis
1278 1877 1375 1914 p.xi.

404 1942 442 1968 n.
474 1943 487 1968 1
522 1959 530 1967 .

458 1942 518 2028 653.
546 1974 860 2016 Machinationibus
881 1971 969 2021 ejus]
992 1971 1140 2008 Praeter
1161 1975 1305 2005 ceteros
1323 1968 1375 2004 vi-

411 2033 456 2070 de
482 2031 574 2068 Plin.
598 2030 657 2067 lib.
680 2041 764 2066 V11.
795 2025 923 2063 Silium
947 2023 1007 2059 lib.
1035 2034 1120 2058 xiv.
1149 2019 1342 2056 COLER.

460 2083 519 2119 66.
548 2084 631 2116 Pene
650 2090 781 2115 tantum
794 2077 925 2125 gloriae
946 2075 980 2109 in
1002 2070 1212 2114 estrdnmede
1224 2072 1377 2117 servato,

411 2144 574 2181 quantum
592 2133 627 2166 in
646 2127 788 2180 oppreffis
810 2125 901 2174 effa]
914 2126 986 2162 Pro
1006 2135 1166 2172 quantum
1186 2121 1267 2157 MS.
1280 2120 1376 2168 Cop.

410 2183 554 2226 scribit,
581 2195 693 2230 quam.
743 2179 790 2216 Et
817 2177 907 2214 solet
932 2176 1007 2212 hoc
1036 2171 1236 2221 aliquando
1265 2172 1302 2209 δε
1324 2182 1378 2207 re-

409 2233 590 2283 spondere
628 2228 860 2268 antecedenti
891 2237 1035 2263 tantum.
1094 2224 1155 2260 De
1185 2234 1261 2272 quo
1292 2221 1377 2259 vide

406 2289 443 2333 J.
471 2285 528 2322 Fr.
556 2282 794 2320 Gronovium
824 2277 870 2316 ad
901 2278 986 2314 Liv.
1016 2276 1061 2312 L.
1091 2287 1201 2311 XXVI.
1234 2287 1264 2311 1.
1293 2277 1377 2308 Non

408 2335 452 2372 ab
479 2337 530 2372 ira
558 2345 712 2375 tantum,
740 2345 823 2382 quae
853 2331 888 2364 in
915 2328 1044 2364 nullam
1072 2339 1230 2374 umquam
1255 2324 1374 2359 civita-

410 2398 477 2423 tem
502 2391 537 2426 iu
569 2387 617 2421 ior
636 2386 708 2430 fuit
724 2410 734 2427 ,
758 2395 858 2431 quam
884 2378 970 2429 quod
996 2376 1072 2414 urbs
1097 2387 1168 2412 tam
1188 2374 1309 2412 nobilis
1331 2383 1375 2410 Θ*

406 2448 523 2486 potens
543 2444 617 2472 (Vc.

463 2487 522 2534 67.
559 2488 731 2534 Quantum
757 2484 792 2517 in
823 2478 966 2530 oppreffis
996 2478 1163 2526 Syracusis
1194 2476 1291 2523 hostii
1326 2490 1378 2512 re·

405 2535 551 2587 ponens]
568 2536 669 2573 Libri
686 2531 921 2578 manuscripti
941 2541 1078 2565 vocem
1102 2528 1200 2573 hostis
1219 2539 1295 2563 non
1312 2527 1378 2563 ha-

412 2589 523 2632 bent,
547 2589 585 2625 &
604 2583 720 2623 abeffe
738 2581 865 2632 potest.
894 2580 1032 2616 PIGH.
1071 2579 1187 2624 Hostis
1216 2576 1311 2613 adest
1340 2577 1378 2613 in

410 2639 493 2677 solis
511 2638 646 2686 Ultraj.
672 2636 779 2685 prim.
807 2631 915 2669 Leid.
942 2630 1011 2667 see.
1039 2630 1077 2666 &
1099 2635 1217 2677 quart.
1244 2639 1287 2664 ac
1307 2627 1376 2664 Bit.

409 2691 519 2739 prim.
543 2687 668 2726 Ceteri
687 2686 867 2724 omittunt
889 2692 975 2719 cum
995 2681 1102 2727 Mog.

463 2742 523 2779 68.
552 2742 696 2779 Animo
718 2745 763 2772 (9·
785 2735 884 2771 oculis
904 2735 939 2769 in
958 2743 1081 2768 terram
1104 2727 1241 2777 defixis]
1272 2728 1381 2765 NISS.

412 2792 501 2830 06ὶο
515 2820 525 2836 ,
552 2795 592 2827 In
609 2802 698 2826 terra
715 2786 834 2833 defixis
855 2785 892 2822 δί
912 2783 959 2820 sic
978 2781 1047 2819 Ed.
1075 2782 1179 2827 Mog.

461 2843 521 2889 69.
551 2843 662 2883 Noli,
701 2840 836 2888 inquit,
865 2834 986 2883 obsecro
1015 2834 1111 2879 istum
1140 2830 1294 2867 circulum
1325 2827 1378 2864 di-

403 2892 576 2940 sturbare]
625 2890 751 2928 Dieiio
788 2888 942 2924 circulum
969 2896 1014 2921 ex
1041 2879 1255 2931 glossemate
1285 2880 1375 2916 item

409 2943 549 2992 irrepsit
570 2944 607 2980 in
629 2948 847 2979 contextum
862 2963 872 2980 ,
900 2944 939 2974 ut
959 2934 1077 2982 scripti
1107 2932 1188 2970 libri
1215 2930 1375 2967 demon-

409 2995 532 3032 strant.
585 2993 738 3029 Formas
767 2989 936 3028 metricas
963 2982 1105 3023 traxisse
1134 2981 1278 3020 eumin
1297 2980 1379 3030 pul-

411 3057 499 3084 vere
527 3043 682 3084 scribunt
713 3043 867 3086 Livius,
891 3040 929 3078 &
947 3035 1180 3080 Plutarchu53
1208 3044 1286 3071 non
1316 3031 1381 3071 de-

1424 1620 1576 1658 quoque
1605 1608 1648 1645 ab
1679 1619 1756 1645 uno
1786 1606 1870 1644 cod.
1897 1606 2027 1643 Brand.
2050 1606 2304 1644 Referendum
2328 1619 2392 1646 au-

1424 1668 1503 1716 tem
1534 1662 1628 1700 isium
1650 1684 1660 1700 ,
1707 1658 1753 1695 ad
1783 1658 1977 1706 pulverem
2008 1657 2054 1694 de
2083 1670 2160 1704 quo
2190 1657 2390 1706 praedixit:

1426 1723 1463 1747 in
1485 1722 1562 1760 quo
1578 1738 1587 1753 ‚
1616 1717 1655 1766 iit
1675 1709 1805 1746 Livius
1826 1708 2089 1746 &Plutarchus
2106 1708 2284 1753 scribunt,
2313 1710 2393 1747 for-

1429 1773 1506 1799 mas
1538 1768 1726 1803 metricaS,
1750 1771 1828 1797 non
1850 1759 2037 1808 speciatim
2068 1758 2244 1801 circulos,
2272 1761 2394 1798 traxit.

1428 1811 1622 1848 VORST.
1651 1811 1731 1847 MS.
1757 1810 1867 1848 habet
1888 1809 2066 1858 prostratio
2092 1808 2178 1846 idest
2204 1813 2394 1857 prostrato,

1426 1874 1495 1911 pro
1515 1861 1668 1909 simplici
1687 1862 1787 1898 enim
1808 1871 1822 1896 t
1840 1859 2041 1908 saepiffime
2058 1859 2229 1907 scriptum
2250 1870 2326 1899 erat
2348 1864 2392 1900 έῖ.

1427 1913 1499 1950 Sed
1518 1913 1705 1960 vulgatam
1731 1911 1925 1960 praefero,
1959 1909 2024 1947 nisi
2047 1910 2173 1954 malis,
2202 1914 2395 1960 Monstrato

1427 1963 1579 2000 manibus
1595 1964 1754 2012 pul-vere,
1769 1964 1805 2000 &
1819 1961 1865 1998 sic
1887 1960 2017 1998 melius
2033 1961 2269 2009 intelligitur,
2289 1964 2393 2013 quod

1427 2014 1589 2052 absolute
1610 2013 1770 2062 sequitur
1790 2014 1912 2058 istum,
1939 2023 2100 2059 nempe,
2121 2014 2308 2060 pulverem.
2337 2026 2396 2054 ex.

1429 2066 1464 2103 8.
1491 2069 1533 2101 Et
1565 2065 1733 2114 quantula
1754 2065 1879 2100 Socrati
1907 2062 2030 2110 acceffio
2057 2065 2123 2104 iffa
2143 2065 2265 2109 futura
2288 2066 2399 2113 scien-

1428 2119 1498 2153 t1'ae
1530 2127 1613 2152 erat.
1668 2114 1802 2152 Malim
1838 2121 1878 2151 ut
1912 2114 1949 2150 in
1992 2113 2104 2150 MStO
2133 2117 2303 2159 Socratis,
2348 2125 2395 2153 <V

1425 2168 1592 2217 quantula
1619 2162 1739 2211 acceffio
1762 2165 1922 2212 scientiae
1942 2166 2086 2200 Socratis
2105 2175 2177 2201 erat
2191 2167 2311 2210 futura
2331 2169 2397 2214 ista

1426 2221 1493 2265 ars.
1536 2217 1646 2265 paulo
1684 2215 1764 2264 post
1799 2215 1879 2253 MS.
1920 2215 2041 2252 habet.
2078 2214 2125 2251 ad
2153 2215 2397 2266 addifi-endnm.

1426 2268 1673 2306 PERIZON.
1699 2267 1873 2303 Protraclo
1899 2273 2049 2303 tuentur
2079 2265 2186 2304 MSS.
2215 2279 2234 2304 e
2263 2269 2394 2317 quibus

1427 2320 1567 2369 septem
1597 2319 1742 2355 servant
1767 2319 1862 2364 istum
1889 2318 2058 2354 circulum.
2093 2318 2196 2354 Harl.
2221 2319 2319 2365 istud.
2356 2328 2398 2358 ut

1429 2371 1541 2420 paulo
1569 2377 1654 2407 ante
1686 2371 1749 2411 ista
1784 2367 1948 2417 periffent.
1996 2379 2075 2405 nor-i
2104 2368 2226 2406 habita
2253 2371 2397 2408 ratione
2453 2389 2461 2396 ·

1430 2421 1593 2460 nominis
1621 2418 1881 2469 praecedentis.
1931 2418 2112 2455 Kiokkius
2138 2418 2305 2468 legebat,
2335 2421 2398 2468 sed

1425 2473 1603 2522 protraflis
1631 2486 1652 2507 a
1678 2472 1817 2520 pulvere
1844 2469 2008 2506 manibus.
2029 2469 2179 2507 Deinde
2200 2470 2268 2507 Bit.
2294 2473 2403 2520 prim.

1428 2526 1598 2576 negligens
1627 2524 1807 2571 imperium.
1831 2518 2006 2568 Qua'tuor
2031 2520 2155 2557 delent
2178 2523 2273 2566 suae.

1472 2587 1530 2621 70.
1547 2576 1589 2610 Et
1609 2573 1775 2622 quantula
1795 2571 1923 2607 Socrati
1942 2569 2062 2618 acceffio
2083 2573 2145 2617 ista
2158 2573 2279 2616 futura
2292 2574 2401 2619 scien-

1429 2628 1500 2662 tiae
1519 2623 1609 2672 erat]
1639 2623 1853 2660 Perizonius
1873 2629 1963 2658 nota
1985 2622 2155 2669 proxima
2178 2620 2197 2658 ὲ
2219 2623 2299 2660 MS.
2321 2624 2400 2661 Co-

1432 2677 1503 2725 pes.
1527 2673 1748 2714 emendabat
1760 2674 1927 2715 Socratis,
1947 2672 2051 2720 quod
2072 2673 2227 2711 invenio
2248 2674 2286 2711 in
2309 2674 2397 2712 odio

1433 2728 1519 2765 aliis.
1574 2725 1645 2764 Sed
1670 2723 1786 2761 nihilo
1809 2723 1966 2760 deterius
1998 2723 2069 2766 est,
2097 2723 2201 2772 quod
2234 2725 2344 2762 exstat
2360 2725 2399 2760 in

1433 2778 1566 2826 Ultraj.
1590 2778 1658 2814 sec.
1684 2777 1721 2812 δε
1750 2773 1816 2811 Ed.
1841 2775 1946 2822 Mog.
1987 2773 2048 2811 Sed
2075 2775 2242 2823 quantula
2273 2775 2402 2811 Socrati

1429 2828 1550 2876 acceffio
1580 2829 1644 2863 illa
1668 2827 1787 2875 futura
1807 2827 1951 2872 fiientia
1979 2827 2080 2861 erat?
2107 2825 2298 2868 nonnulli,
2331 2838 2401 2860 cum

1429 2881 1493 2915 illa
1524 2881 1644 2924 futura
1673 2877 1816 2925 sidentia
1847 2886 1931 2913 erat.
1968 2889 2014 2914 an
2045 2887 2112 2925 pro
2148 2874 2400 2922 tum?nempe

1422 2934 1499 2978 sera
1529 2935 1596 2972 jam
1628 2939 1750 2964 aetate.

1483 2993 1544 3025 71.
1585 2978 1775 3024 Viliffimum
1804 2976 2016 3026 elementum]
2063 2976 2246 3014 Pudendo
2277 2987 2402 3014 errore

1435 3031 1623 3069 Oliverius
1650 3030 1710 3067 liic
1739 3027 1938 3078 Viliffimum
1967 3028 2055 3077 legit
2083 3039 2151 3076 pro
2179 3025 2404 3075 utiliffimum,

2344 3090 2407 3116 ex-
