2387 3421
566 90 1826 158 DEDICATIO.

87 226 446 300 effulserunt
476 272 493 301 ,
544 219 646 286 sed
692 245 833 286 cum
881 220 976 286 his
1008 247 1260 314 quoque
1295 272 1311 300 ,
1361 245 1431 289 ut
1464 246 1592 290 erat
1624 227 1942 295 literarum
1976 230 2303 300 amantissi-

88 346 257 397 mus,
310 317 474 381 laeto
506 318 716 379 animo
747 318 1124 401 conjungere
1157 312 1584 402 pei·fe6tiffima
1617 318 1931 406 singularis
1964 322 2297 391 industriae

88 417 152 479 in
186 404 622 502 promovendis
654 405 1076 468 dostrinarum
1109 403 1319 469 studiis
1350 404 1707 494 specimina.

178 507 334 566 Non
381 492 601 562 sivisset
645 497 854 583 itaque
899 499 1223 559 nominum
1267 494 1608 560 vestrorum
1642 545 1657 573 ,
1710 497 1998 588 Francisce
2028 500 2291 584 Fabrici,

85 604 145 659 δε
178 593 351 658 Petre
380 584 748 659 Burmamze,
810 594 842 649 'x-
869 589 977 663 iri,
1029 586 1364 675 multiplici
1396 587 1747 651 eruditione
1791 588 2295 660 consummatiss-

87 687 172 748 mi
200 731 216 761 ,
268 676 593 745 celebritas
621 673 920 740 Valerium
949 676 1026 739 de
1057 674 1237 742 vobis
1282 675 1590 741 silentium
1623 702 1824 766 agere.
1904 684 2150 747 Meritis
2185 686 2291 751 ille

85 770 368 839 laudibus
414 761 722 831 extulisset
764 764 1129 830 indefessum
1175 767 1329 830 illud
1376 765 1645 832 studium
1680 818 1695 845 ‚
1747 794 1874 861 quo
1922 792 2181 860 uterque
2225 780 2292 841 in

83 863 183 928 sua
225 857 476 949 quisque
522 853 843 942 disciplina
885 859 949 918 in
995 860 1190 940 majus
1238 860 1661 944 promovenda
1694 907 1711 936 ,
1762 866 1885 947 jam
1931 863 2073 946 inde
2105 886 2138 927 a
2170 870 2294 953 pri..

82 977 181 1018 ma
224 950 408 1039 usque
454 965 654 1010 aetate
694 942 890 1008 fuistis
938 943 1152 1009 adnisi.
1262 951 1420 1036 Quo
1462 968 1531 1010 ut
1563 948 1671 1036 ipsi
1706 953 1778 1013 ad
1812 949 2045 1017 summa
2078 977 2298 1042 perve-

82 1040 248 1109 nistis
282 1088 298 1116 ‚
359 1046 419 1100 &
466 1055 701 1099 tantam
757 1032 1112 1099 nominibus
1160 1034 1368 1100 vestris
1429 1035 1656 1103 famam
1718 1041 2093 1107 conciliastis
2142 1093 2159 1122 ,
2222 1066 2294 1110 ut

78 1157 203 1198 non
265 1132 502 1192 minore
555 1126 773 1193 ardore
827 1151 933 1190 vos
991 1126 1278 1191 do6tores
1349 1150 1712 1217 quaerentes
1775 1135 2155 1220 Lugdunum
2213 1159 2292 1201 ex

73 1218 360 1288 omnibus
407 1220 684 1305 Europae
740 1214 1018 1306 partibus
1076 1218 1527 1307 praeclararum
1602 1227 1824 1286 artium
1884 1226 2094 1313 cupidi
2142 1249 2298 1291 con-

81 1314 275 1379 fluant
308 1306 724 1375 adolescentes
758 1355 773 1384 ,
826 1331 1011 1398 quam
1043 1310 1195 1372 olim
1230 1306 1519 1374 Athenae
1556 1318 1838 1376 certatim
1884 1313 2292 1402 petebantur,

76 1424 147 1469 ut
206 1398 564 1466 fertiliffima
625 1398 899 1462 Platonis
960 1399 1243 1463 doctrina
1298 1397 1790 1479 instruerentur3
1859 1407 1945 1469 ita
1993 1403 2140 1469 hinc
2188 1405 2295 1470 sti-

76 1494 276 1557 mulos
321 1487 647 1578 generosae
680 1486 1052 1577 posteritatis
1088 1488 1441 1579 pestoribus
1475 1491 1841 1557 admovisset
1869 1543 1885 1571 ,
1937 1514 2007 1558 ut
2048 1519 2156 1585 per
2187 1520 2294 1561 ve-

76 1582 253 1670 stigia
288 1581 479 1644 vestra
524 1580 871 1665 ingrediens
918 1603 1061 1644 cum
1108 1579 1424 1645 uberrimo
1470 1585 1835 1648 eruditionis
1891 1593 1950 1648 δε
1992 1586 2293 1676 eloquen-

79 1678 198 1738 tiae
246 1672 450 1736 fruetu
495 1693 700 1733 veram
753 1678 812 1734 δε
870 1670 1044 1735 nullo
1090 1690 1373 1762 tempore
1433 1677 1962 1741 intermorituram
2019 1677 2289 1764 gloriam

73 1760 363 1851 consequi
412 1764 733 1824 niteretur.

161 1859 304 1918 Nec
344 1851 611 1915 Valerius
656 1850 846 1914 modo
892 1849 1018 1917 hoc
1060 1849 1413 1940 postulabat
1465 1904 1480 1933 ‚
1547 1852 1648 1920 sed
1695 1853 1986 1945 personae
2033 1882 2286 1949 quoque

71 1968 239 2009 meae
284 1941 438 2006 nihil
487 1945 960 2008 convenientius
1003 1940 1121 2006 effe
1167 1943 1469 2009 ducebam
1507 1994 1522 2022 ‚
1587 1971 1774 2038 quam
1822 1946 1983 2012 hanc
2029 1972 2285 2036 operam

70 2058 268 2098 meam
314 2033 488 2096 vobis
523 2080 539 2107 ‚
590 2034 734 2098 Viri
773 2031 1156 2097 Nobilissimi
1192 2083 1207 2111 ‚
1260 2033 1639 2113 inscribere3
1696 2043 1825 2103 imo
1874 2038 2091 2104 officio
2140 2064 2283 2104 meo

65 2122 318 2189 defuisse
365 2121 593 2188 censeri
641 2121 875 2211 possem
916 2173 934 2202 ,
997 2122 1037 2187 si
1083 2124 1234 2189 alios
1292 2126 1455 2191 illius
1505 2125 1661 2190 mihi
1706 2128 2125 2220 quaesivissem
2172 2153 2277 2219 pa-

67 2232 302 2277 tronos.

153 2308 435 2366 Tantum
479 2305 645 2365 enim
689 2299 865 2363 vobis
913 2326 1053 2364 cum
1098 2303 1389 2368 universis
1439 2354 1457 2383 ,
1525 2326 1658 2370 tum
1716 2307 1965 2396 singulis
2028 2308 2273 2390 debeo3

60 2412 127 2456 ut
159 2394 381 2479 ingrati
412 2394 598 2455 animi
630 2393 888 2455 crimine
928 2388 1175 2455 liberari
1207 2417 1334 2456 non
1365 2393 1599 2484 possem
1635 2446 1651 2475 ‚
1704 2399 1810 2463 nifi
1846 2398 2004 2465 hanc
2035 2424 2268 2490 oppor-

57 2501 204 2546 tune
238 2485 393 2547 adeo
440 2479 594 2544 mihi
641 2477 917 2545 oblatam
961 2481 1347 2548 occafionem
1398 2485 1647 2573 publice
1693 2488 2059 2555 testificandi
2105 2510 2263 2579 quot

52 2580 114 2635 δε
159 2597 344 2660 quam
389 2570 723 2660 insignibus
769 2568 1086 2638 beneficiis
1135 2572 1310 2639 vobis
1359 2574 1469 2641 sim
1514 2576 1839 2646 obstricftus
1886 2581 2062 2646 avide
2109 2584 2261 2645 arri-

48 2661 327 2751 puissem.

142 2753 435 2819 Credidit
464 2749 639 2818 vobis
671 2801 689 2833 ,
739 2756 882 2822 Viri
913 2755 1355 2845 prudentissimi
1403 2765 1731 2825 auetoritas
1765 2760 2014 2851 publica
2047 2761 2254 2851 supre-

55 2865 216 2907 mam
277 2841 592 2931 Gymnafii
641 2892 659 2920 ‚
722 2849 894 2932 cujus
952 2851 1229 2934 regimen
1278 2848 1430 2913 mihi
1480 2853 1773 2927 traditum
1820 2850 1904 2916 est
1937 2901 1953 2929 ‚
2014 2877 2250 2919 curam.

53 2934 234 3023 Quid
286 2957 437 3023 ergo
490 2931 705 3003 officio
761 2960 902 3006 meo
959 2941 1154 3028 magis
1217 2962 1350 3006 erat
1408 2945 1949 3010 accommodatum
1980 2992 1999 3021 ‚
2063 2967 2254 3036 quam

1542 3030 1665 3119 †3
2180 3051 2252 3097 ut
