2387 3421
547 52 1819 172 DssnchTioss

79 250 240 310 enim
276 263 403 308 erat
435 240 747 304 decentius
782 282 798 312 ‚
848 256 1036 323 quam
1083 229 1207 296 hoc
1239 254 1393 319 opus
1428 229 1547 293 illis
1586 224 1916 292 inscribere
1946 231 2118 298 Viris
2151 278 2168 307 ,
2218 234 2284 295 in,

81 358 347 426 quorum
394 325 723 392 virtutibus
773 322 1332 388 commemorandis
1368 370 1383 398 ‚
1436 330 1493 383 ὃς
1528 319 1602 384 ad
1637 316 2009 406 posteritatis
2045 344 2284 383 memo-

82 432 229 488 riam
278 417 606 511 prodendis
641 465 657 494 ,
705 413 827 504 ipse
875 417 1192 502 ingenium
1243 410 1570 499 stilumque
1616 409 1787 471 suurn
1835 410 2020 473 alacri
2070 414 2280 473 animo

83 506 438 578 exercuisset
470 556 486 585 ,
539 516 598 570 &
631 509 908 596 quamvis
944 507 1050 568 diu
1083 503 1472 587 multumque
1505 503 1566 560 in
1613 501 1684 559 iis
1717 495 1982 562 versatus
2015 548 2033 577 ,
2086 499 2286 564 liben-

84 625 175 667 ter
205 622 411 664 tamen
443 595 589 661 esset
622 592 923 660 confessus
946 643 960 671 ‚
1015 592 1160 670 fibi,
1213 595 1765 679 in‘quamcumque
1800 587 1951 651 licet
1984 613 2291 654 memora-

83 692 299 755 bilium
330 709 566 779 partem
599 686 1024 772 exemplorum
1055 699 1556 752 converteretur,
1610 696 1816 739 tamen
1844 679 1906 738 in
1937 679 2291 745 nominibus

84 779 291 845 vestris
339 774 669 842 necessario
714 773 1093 837 haerendum
1138 766 1277 832 effe.
1394 772 1483 830 Ut
1527 764 1762 853 gavisus
1809 763 2015 830 fuiffet
2065 814 2082 843 ‚
2149 769 2293 833 Illu-

80 868 344 958 striffime
372 866 580 952 Bergi,
634 865 826 928 modo
860 861 1224 948 singularem
1261 879 1427 921 tuam
1475 860 1534 919 in
1567 853 1922 943 gravissimis
1957 861 2141 946 Reip.
2179 883 2292 921 no-

67 948 242 1024 ⁰strae
276 961 536 1044 negotiis
569 952 1058 1020 administrandis
1106 949 1497 1038 prudentiam
1542 944 1851 1009 recensere
1884 977 1898 1022 3
1954 951 2145 1012 modo
2178 948 2293 1012 ob-

92 1053 245 1114 latos
280 1071 419 1111 cum
454 1050 731 1109 omnium
765 1043 1071 1108 bonorum
1105 1037 1394 1129 applausu
1424 1086 1441 1114 ,
1493 1045 1551 1099 &
1584 1040 1691 1127 qui
1723 1035 1837 1099 tibi
1885 1060 2028 1125 prae
2073 1043 2292 1103 ceteris

94 1141 402 1230 praecipui
437 1139 833 1222 contigerunt
858 1182 874 1210 ‚
926 1131 1194 1195 honores
1237 1150 1591 1192 enumerare
1625 1152 1638 1189 :
1691 1148 1877 1217 atque
1909 1125 2055 1191 hinc
2088 1127 2294 1193 stilum

94 1237 266 1294 inum
299 1225 624 1291 transferre
657 1225 729 1288 ad
769 1222 1238 1311 praedicandam
1271 1239 1440 1282 tuam
1472 1220 1533 1279 in
1566 1216 1748 1282 rebus
1779 1216 1980 1281 arduis
2014 1217 2298 1282 constan-

95 1324 275 1394 tiam,
327 1321 388 1379 in
423 1312 925 1405 periculosissimis
958 1310 1430 1384 fortitudinem,
1485 1306 1747 1395 publicis
1778 1331 1918 1371 cum
1948 1327 2297 1374 exterarum

95 1413 417 1496 regionum
455 1455 468 1481 ,
523 1426 653 1467 tum
691 1405 1083 1491 Imperatoris
1134 1403 1320 1463 etiam
1354 1417 1600 1485 gratum
1633 1420 1747 1486 pro
1792 1395 1940 1460 forti
1974 1399 2296 1486 prudenti-

95 1523 214 1589 que
248 1520 434 1585 opera
467 1494 574 1558 sibi
608 1514 822 1557 navata
854 1495 1124 1557 animum
1159 1490 1523 1553 declarantis
1559 1535 1574 1563 ,
1628 1492 2046 1551 monumentis
2081 1487 2297 1552 testifi-

95 1609 317 1653 catam.
415 1588 643 1674 Neque
676 1581 797 1646 hoc
830 1580 964 1646 satis
998 1630 1014 1658 ,
1066 1580 1255 1644 credo
1289 1628 1304 1656 ,
1345 1576 1454 1668 ipfi
1496 1575 1701 1640 fuiffet
1732 1607 1746 1653 3
1800 1574 1901 1641 sed
1935 1577 2293 1643 celebrasset

95 1676 338 1765 insuper
382 1676 627 1738 civilem
670 1675 845 1736 illum
891 1676 954 1735 in
993 1670 1225 1734 summa
1268 1667 1518 1732 fortuna
1549 1716 1566 1745 ‚
1619 1677 1677 1731 &
1710 1671 1772 1729 in
1802 1664 2080 1732 affluente
2113 1670 2295 1734 undi-

94 1791 213 1858 que
244 1765 543 1829 felicitate
575 1764 962 1827 moderatum
992 1763 1180 1825 animi
1211 1758 1527 1831 habitum3
1566 1781 1766 1849 neque
1796 1758 2091 1823 indictam
2119 1783 2295 1849 prae-

95 1860 439 1920 termittere
487 1851 779 1942 potuisset
812 1901 828 1929 ‚
881 1851 1243 1941 propensam
1284 1851 1453 1914 illam
1489 1896 1505 1925 ‚
1557 1852 1621 1911 in
1664 1852 1944 1911 omnium
1990 1846 2293 1916 bonarum

92 1950 315 2010 artium
376 1953 433 2008 &
489 1943 833 2007 liberalium
903 1941 1241 2005 studiorum
1313 1940 1582 2004 cultores
1654 1938 2042 2002 voluntatem
2088 1986 2105 2015 ,
2173 1964 2295 2028 qua

91 2039 368 2127 quamvis
415 2032 698 2097 omnibus
732 2031 1056 2098 satisfacias
1091 2079 1109 2109 ‚
1160 2029 1276 2095 tibi
1322 2051 1526 2095 tamen
1571 2026 1914 2092 satisfacere
1955 2052 2294 2118 numquam

89 2127 379 2190 videaris.

180 2221 283 2280 Te
315 2237 563 2303 quoque
597 2261 613 2289 ,
666 2207 1008 2296 Νθῦἰίξβῖφηθ
1041 2208 1337 2296 Willegeni
1367 2257 1384 2287 ‚
1437 2208 1679 2272 silentio
1713 2211 2044 2296 praeterire
2091 2207 2296 2274 duxis-

90 2306 175 2370 set
217 2302 407 2370 nefas.
504 2308 711 2367 Tuam
758 2301 861 2364 ille
906 2302 1295 2390 prudentiam
1330 2346 1345 2375 ,
1396 2296 1730 2384 justitiam,
1794 2298 2291 2366 moderationem

90 2405 148 2459 δε
183 2395 629 2459 continentiam
664 2438 679 2466 ,
731 2414 878 2479 quas
924 2395 1180 2452 virtutes
1226 2387 1354 2450 fere
1386 2387 1562 2476 super
1590 2406 1822 2450 ceteras
1856 2387 2167 2452 celebrare
2199 2388 2295 2453 so·-

91 2488 213 2561 let‚
264 2487 321 2544 in
358 2482 709 2571 exemplum
745 2475 1148 2568 proposuiffet
1178 2525 1195 2553 ,
1248 2499 1445 2567 neque
1477 2473 1734 2563 angusto
1766 2479 2062 2543 orationis
2095 2477 2293 2544 ambi-

90 2596 156 2639 tu
200 2570 402 2637 fuiffet
448 2571 761 2660 amplexus
797 2618 813 2645 ,
864 2591 933 2632 ut
977 2567 1268 2632 sentirent
1307 2563 1531 2655 posteri
1578 2565 1684 2630 has
1719 2569 1975 2631 virtutes
2005 2616 2022 2645 ‚
2072 2593 2292 2660 quem-
2332 2560 2335 2563 ’

88 2662 419 2730 admodum
464 2658 949 2751 reprehenfionis
995 2657 1198 2723 morsu
1228 2680 1444 2722 vacuas
1477 2704 1494 2733 ,
1545 2659 1631 2720 ita
1662 2655 1856 2720 laudis
1889 2656 2141 2747 quaestu
2171 2658 2290 2726 effe

90 2751 585 2845 opulentissimas.

185 2847 435 2908 Amavit
467 2841 732 2906 Valerius
781 2864 903 2904 non
948 2838 1143 2904 solum
1178 2842 1241 2902 in
1273 2833 1606 2926 conspicuo
1640 2859 1867 2925 ponere
1900 2883 1919 2913 ,
1970 2858 2066 2900 eas
2096 2842 2287 2906 animi

91 2935 266 3001 dotes
309 2982 325 3011 ,
389 2931 608 3022 quibus
669 2936 781 2995 viri
827 2936 891 2995 in
934 2937 1094 3021 Rep.
1141 2924 1667 2995 administratione
1726 2931 1973 3016 egregie
2027 2927 2286 3009 versati,

2197 3019 2290 3085 ef-
