<?xml version="1.0" encoding="UTF-8"?>
<!DOCTYPE html PUBLIC "-//W3C//DTD XHTML 1.0 Transitional//EN"
    "http://www.w3.org/TR/xhtml1/DTD/xhtml1-transitional.dtd">
<html xmlns="http://www.w3.org/1999/xhtml" xml:lang="en" lang="en">
 <head>
  <title>
</title>
<meta http-equiv="Content-Type" content="text/html;charset=utf-8" />
  <meta name='ocr-system' content='tesseract 3.04.00' />
  <meta name='ocr-capabilities' content='ocr_page ocr_carea ocr_par ocr_line ocrx_word'/>
</head>
<body>
  <div class='ocr_page' id='page_1' title='image "./librinovemfactor00valeuoft_0403.png"; bbox 0 0 2516 3509; ppageno 0'>
   <div class='ocr_carea' id='block_1_1' title="bbox 365 24 1875 134">
    <p class='ocr_par' dir='ltr' id='par_1_1' title="bbox 365 24 1875 134">
     <span class='ocr_line' id='line_1_1' title="bbox 365 24 1875 134; baseline -0.001 -28"><span class='ocrx_word' id='word_1_1' title='bbox 365 48 468 106; x_wconf 69' lang='grc' dir='ltr'>ΒΕ</span> <span class='ocrx_word' id='word_1_2' title='bbox 511 44 1061 106; x_wconf 79' lang='lat' dir='ltr'>ABSTINENTlA</span> <span class='ocrx_word' id='word_1_3' title='bbox 1102 43 1211 102; x_wconf 82' lang='lat' dir='ltr'>ET</span> <span class='ocrx_word' id='word_1_4' title='bbox 1249 24 1875 134; x_wconf 70' lang='lat' dir='ltr'>coN&#39;TINEN‘riA.</span> 
     </span>
    </p>
   </div>
   <div class='ocr_carea' id='block_1_2' title="bbox 2027 61 2133 120">
    <p class='ocr_par' dir='ltr' id='par_1_2' title="bbox 2027 61 2133 120">
     <span class='ocr_line' id='line_1_2' title="bbox 2027 61 2133 120; baseline -0.009 0"><span class='ocrx_word' id='word_1_5' title='bbox 2027 61 2133 120; x_wconf 79' lang='lat'>351</span> 
     </span>
    </p>
   </div>
   <div class='ocr_carea' id='block_1_3' title="bbox 120 154 2131 224">
    <p class='ocr_par' dir='ltr' id='par_1_3' title="bbox 120 154 2131 224">
     <span class='ocr_line' id='line_1_3' title="bbox 120 154 2131 224; baseline -0.005 -13"><span class='ocrx_word' id='word_1_6' title='bbox 120 160 423 224; x_wconf 75' lang='lat' dir='ltr'>biliss‘imoque</span> <span class='ocrx_word' id='word_1_7' title='bbox 441 159 590 224; x_wconf 87' lang='lat' dir='ltr'>gentis</span> <span class='ocrx_word' id='word_1_8' title='bbox 613 161 709 222; x_wconf 86' lang='lat' dir='ltr'>ejus</span> <span class='ocrx_word' id='word_1_9' title='bbox 747 164 760 194; x_wconf 80' lang='lat'><em>5</em></span> <span class='ocrx_word' id='word_1_10' title='bbox 787 157 972 204; x_wconf 82' lang='lat' dir='ltr'>Indibili</span> <span class='ocrx_word' id='word_1_11' title='bbox 994 155 1326 221; x_wconf 83' lang='lat' dir='ltr'>desponsatam,</span> <span class='ocrx_word' id='word_1_12' title='bbox 1361 155 1570 204; x_wconf 87' lang='lat' dir='ltr'>arceffitis</span> <span class='ocrx_word' id='word_1_13' title='bbox 1593 159 1879 223; x_wconf 81' lang='lat' dir='ltr'>parentibus,</span> <span class='ocrx_word' id='word_1_14' title='bbox 1901 156 1951 205; x_wconf 72' lang='grc' dir='ltr'>δί</span> <span class='ocrx_word' id='word_1_15' title='bbox 1973 154 2131 221; x_wconf 83' lang='lat' dir='ltr'>sponso</span> 
     </span>
    </p>
   </div>
   <div class='ocr_carea' id='block_1_4' title="bbox 120 240 612 294">
    <p class='ocr_par' dir='ltr' id='par_1_4' title="bbox 120 240 612 294">
     <span class='ocr_line' id='line_1_4' title="bbox 120 240 612 294; baseline -0.012 0"><span class='ocrx_word' id='word_1_16' title='bbox 120 245 384 294; x_wconf 87' lang='lat' dir='ltr'>inviolatam</span> <span class='ocrx_word' id='word_1_17' title='bbox 412 240 612 290; x_wconf 74' lang='lat' dir='ltr'>tradidit.</span> 
     </span>
    </p>
   </div>
   <div class='ocr_carea' id='block_1_5' title="bbox 682 239 2126 307">
    <p class='ocr_par' dir='ltr' id='par_1_5' title="bbox 682 239 2126 307">
     <span class='ocr_line' id='line_1_5' title="bbox 682 239 2126 307; baseline -0.001 -20"><span class='ocrx_word' id='word_1_18' title='bbox 682 240 861 288; x_wconf 90' lang='lat' dir='ltr'>Aurum</span> <span class='ocrx_word' id='word_1_19' title='bbox 893 255 1106 304; x_wconf 79' lang='lat' dir='ltr'>quoque,</span> <span class='ocrx_word' id='word_1_20' title='bbox 1139 240 1264 305; x_wconf 90' lang='lat' dir='ltr'>quod</span> <span class='ocrx_word' id='word_1_21' title='bbox 1283 257 1368 305; x_wconf 89' lang='lat' dir='ltr'>pro</span> <span class='ocrx_word' id='word_1_22' title='bbox 1390 239 1705 304; x_wconf 86' lang='lat' dir='ltr'>redemptione</span> <span class='ocrx_word' id='word_1_23' title='bbox 1733 242 1906 307; x_wconf 87' lang='lat' dir='ltr'>puellae</span> <span class='ocrx_word' id='word_1_24' title='bbox 1941 241 2126 288; x_wconf 82' lang='lat' dir='ltr'>allatum</span> 
     </span>
    </p>
   </div>
   <div class='ocr_carea' id='block_1_6' title="bbox 121 319 2131 462">
    <p class='ocr_par' dir='ltr' id='par_1_6' title="bbox 121 319 2131 462">
     <span class='ocr_line' id='line_1_6' title="bbox 121 319 2129 387; baseline -0.002 -17"><span class='ocrx_word' id='word_1_25' title='bbox 121 337 214 370; x_wconf 87' lang='lat' dir='ltr'>erat</span> <span class='ocrx_word' id='word_1_26' title='bbox 228 359 243 384; x_wconf 84' lang='lat'>‚</span> <span class='ocrx_word' id='word_1_27' title='bbox 280 323 478 370; x_wconf 85' lang='lat' dir='ltr'>summae</span> <span class='ocrx_word' id='word_1_28' title='bbox 498 322 619 369; x_wconf 88' lang='lat' dir='ltr'>dotis</span> <span class='ocrx_word' id='word_1_29' title='bbox 638 321 819 387; x_wconf 85' lang='lat' dir='ltr'>adjecit.</span> <span class='ocrx_word' id='word_1_30' title='bbox 882 321 992 382; x_wconf 84' lang='lat' dir='ltr'>Qia</span> <span class='ocrx_word' id='word_1_31' title='bbox 1009 321 1290 368; x_wconf 85' lang='lat' dir='ltr'>continentia</span> <span class='ocrx_word' id='word_1_32' title='bbox 1311 336 1363 366; x_wconf 87' lang='lat' dir='ltr'>ac</span> <span class='ocrx_word' id='word_1_33' title='bbox 1387 319 1704 367; x_wconf 86' lang='lat' dir='ltr'>munificentia</span> <span class='ocrx_word' id='word_1_34' title='bbox 1725 321 1931 368; x_wconf 86' lang='lat' dir='ltr'>Indibilis</span> <span class='ocrx_word' id='word_1_35' title='bbox 1953 321 2129 385; x_wconf 80' lang='lat' dir='ltr'>obliga-</span> 
     </span>
     <span class='ocr_line' id='line_1_7' title="bbox 124 394 2131 462; baseline -0.002 -13"><span class='ocrx_word' id='word_1_36' title='bbox 124 414 222 461; x_wconf 75' lang='grc' dir='ltr'>ωε,</span> <span class='ocrx_word' id='word_1_37' title='bbox 259 400 602 449; x_wconf 90' lang='lat' dir='ltr'>Celtiberorum</span> <span class='ocrx_word' id='word_1_38' title='bbox 625 400 800 446; x_wconf 85' lang='lat' dir='ltr'>animos</span> <span class='ocrx_word' id='word_1_39' title='bbox 822 399 1045 446; x_wconf 89' lang='lat' dir='ltr'>Romanis</span> <span class='ocrx_word' id='word_1_40' title='bbox 1067 394 1339 462; x_wconf 88' lang='lat' dir='ltr'>applicando</span> <span class='ocrx_word' id='word_1_41' title='bbox 1353 428 1369 454; x_wconf 85' lang='lat'>‚</span> <span class='ocrx_word' id='word_1_42' title='bbox 1399 395 1575 442; x_wconf 88' lang='lat' dir='ltr'>meritis</span> <span class='ocrx_word' id='word_1_43' title='bbox 1598 397 1693 460; x_wconf 86' lang='lat' dir='ltr'>ejus</span> <span class='ocrx_word' id='word_1_44' title='bbox 1713 395 1911 443; x_wconf 83' lang='lat' dir='ltr'>debitam</span> <span class='ocrx_word' id='word_1_45' title='bbox 1938 398 2131 461; x_wconf 80' lang='lat' dir='ltr'>gratiam</span> 
     </span>
    </p>
   </div>
   <div class='ocr_carea' id='block_1_7' title="bbox 121 477 292 526">
    <p class='ocr_par' dir='ltr' id='par_1_7' title="bbox 121 477 292 526">
     <span class='ocr_line' id='line_1_8' title="bbox 121 477 292 526; baseline 0.006 -1"><span class='ocrx_word' id='word_1_46' title='bbox 121 477 292 526; x_wconf 88' lang='lat' dir='ltr'>retulit.</span> 
     </span>
    </p>
   </div>
   <div class='ocr_carea' id='block_1_8' title="bbox 187 547 2329 625">
    <p class='ocr_par' dir='ltr' id='par_1_8' title="bbox 187 547 2329 625">
     <span class='ocr_line' id='line_1_9' title="bbox 187 547 2329 625; baseline -0.002 -17"><span class='ocrx_word' id='word_1_47' title='bbox 187 560 368 609; x_wconf 89' lang='lat' dir='ltr'>Verum</span> <span class='ocrx_word' id='word_1_48' title='bbox 404 557 426 587; x_wconf 78' lang='lat'><strong>⁶</strong></span> <span class='ocrx_word' id='word_1_49' title='bbox 450 573 503 608; x_wconf 87' lang='lat' dir='ltr'>ut</span> <span class='ocrx_word' id='word_1_50' title='bbox 528 561 664 625; x_wconf 84' lang='lat' dir='ltr'>hujus</span> <span class='ocrx_word' id='word_1_51' title='bbox 693 559 779 608; x_wconf 90' lang='lat' dir='ltr'>viri</span> <span class='ocrx_word' id='word_1_52' title='bbox 808 555 1100 605; x_wconf 88' lang='lat' dir='ltr'>abstinentiae</span> <span class='ocrx_word' id='word_1_53' title='bbox 1122 552 1245 600; x_wconf 88' lang='lat' dir='ltr'>testis</span> <span class='ocrx_word' id='word_1_54' title='bbox 1270 550 1511 618; x_wconf 81' lang='lat' dir='ltr'>Hispania,</span> <span class='ocrx_word' id='word_1_55' title='bbox 1547 553 1609 600; x_wconf 88' lang='lat' dir='ltr'>ita</span> <span class='ocrx_word' id='word_1_56' title='bbox 1631 555 1705 600; x_wconf 90' lang='lat' dir='ltr'>M.</span> <span class='ocrx_word' id='word_1_57' title='bbox 1729 554 1919 602; x_wconf 84' lang='lat' dir='ltr'>Catonis</span> <span class='ocrx_word' id='word_1_58' title='bbox 1941 556 2135 619; x_wconf 77' lang='lat' dir='ltr'>Epiros,</span> <span class='ocrx_word' id='word_1_59' title='bbox 2152 547 2329 619; x_wconf 46' lang='lat' dir='ltr'>Amff&#39;mb·</span> 
     </span>
    </p>
   </div>
   <div class='ocr_carea' id='block_1_9' title="bbox 123 633 1929 709">
    <p class='ocr_par' dir='ltr' id='par_1_9' title="bbox 123 633 1929 709">
     <span class='ocr_line' id='line_1_10' title="bbox 123 633 1929 709; baseline -0.004 -18"><span class='ocrx_word' id='word_1_60' title='bbox 123 642 324 709; x_wconf 87' lang='lat' dir='ltr'>Achaja‚</span> <span class='ocrx_word' id='word_1_61' title='bbox 361 640 812 706; x_wconf 57' lang='lat' dir='ltr'>Cyclades‘iiisulae,</span> <span class='ocrx_word' id='word_1_62' title='bbox 850 646 869 678; x_wconf 92' lang='lat'><em>7</em></span> <span class='ocrx_word' id='word_1_63' title='bbox 892 637 1118 685; x_wconf 79' lang='lat' dir='ltr'>maritima</span> <span class='ocrx_word' id='word_1_64' title='bbox 1149 651 1247 699; x_wconf 89' lang='lat' dir='ltr'>pars</span> <span class='ocrx_word' id='word_1_65' title='bbox 1270 633 1426 695; x_wconf 85' lang='lat' dir='ltr'>Asiae,</span> <span class='ocrx_word' id='word_1_66' title='bbox 1461 636 1699 700; x_wconf 85' lang='lat' dir='ltr'>provincia</span> <span class='ocrx_word' id='word_1_67' title='bbox 1733 636 1929 701; x_wconf 86' lang='lat' dir='ltr'>Cypros.</span> 
     </span>
    </p>
   </div>
   <div class='ocr_carea' id='block_1_10' title="bbox 1999 629 2323 702">
    <p class='ocr_par' dir='ltr' id='par_1_10' title="bbox 1999 629 2323 702">
     <span class='ocr_line' id='line_1_11' title="bbox 1999 629 2323 702; baseline 0.003 -1"><span class='ocrx_word' id='word_1_68' title='bbox 1999 635 2136 684; x_wconf 66' lang='lat' dir='ltr'>Unde</span> <span class='ocrx_word' id='word_1_69' title='bbox 2154 629 2323 702; x_wconf 49' lang='lat' dir='ltr'>{raff-</span> 
     </span>
    </p>
   </div>
   <div class='ocr_carea' id='block_1_11' title="bbox 123 715 2135 787">
    <p class='ocr_par' dir='ltr' id='par_1_11' title="bbox 123 715 2135 787">
     <span class='ocr_line' id='line_1_12' title="bbox 123 715 2135 787; baseline -0.002 -17"><span class='ocrx_word' id='word_1_70' title='bbox 123 739 231 770; x_wconf 90' lang='lat' dir='ltr'>cum</span> <span class='ocrx_word' id='word_1_71' title='bbox 265 722 483 787; x_wconf 76' lang='lat' dir='ltr'>pecuniae</span> <span class='ocrx_word' id='word_1_72' title='bbox 510 719 816 786; x_wconf 83' lang='lat' dir='ltr'>deportandae</span> <span class='ocrx_word' id='word_1_73' title='bbox 848 718 1145 765; x_wconf 88' lang='lat' dir='ltr'>ministerium</span> <span class='ocrx_word' id='word_1_74' title='bbox 1173 715 1406 764; x_wconf 88' lang='lat' dir='ltr'>sustineret</span> <span class='ocrx_word' id='word_1_75' title='bbox 1428 751 1442 777; x_wconf 81' lang='lat'>‚</span> <span class='ocrx_word' id='word_1_76' title='bbox 1489 730 1581 764; x_wconf 91' lang='lat' dir='ltr'>tam</span> <span class='ocrx_word' id='word_1_77' title='bbox 1611 717 1811 764; x_wconf 77' lang='lat' dir='ltr'>aversum</span> <span class='ocrx_word' id='word_1_78' title='bbox 1841 717 2046 764; x_wconf 89' lang='lat' dir='ltr'>animum</span> <span class='ocrx_word' id='word_1_79' title='bbox 2081 718 2135 766; x_wconf 90' lang='lat' dir='ltr'>ab</span> 
     </span>
    </p>
   </div>
   <div class='ocr_carea' id='block_1_12' title="bbox 126 877 476 927">
    <p class='ocr_par' dir='ltr' id='par_1_12' title="bbox 126 877 476 927">
     <span class='ocr_line' id='line_1_13' title="bbox 126 877 476 927; baseline -0.003 -1"><span class='ocrx_word' id='word_1_80' title='bbox 126 877 152 925; x_wconf 92' lang='lat' dir='ltr'>s</span> <span class='ocrx_word' id='word_1_81' title='bbox 145 892 240 926; x_wconf 85' lang='lat' dir='ltr'>atus</span> <span class='ocrx_word' id='word_1_82' title='bbox 278 881 476 927; x_wconf 88' lang='lat' dir='ltr'>materia.</span> 
     </span>
    </p>
   </div>
   <div class='ocr_carea' id='block_1_13' title="bbox 128 1039 508 1089">
    <p class='ocr_par' dir='ltr' id='par_1_13' title="bbox 128 1039 508 1089">
     <span class='ocr_line' id='line_1_14' title="bbox 128 1039 508 1089; baseline -0.008 -1"><span class='ocrx_word' id='word_1_83' title='bbox 128 1039 351 1089; x_wconf 81' lang='lat' dir='ltr'>verticula</span> <span class='ocrx_word' id='word_1_84' title='bbox 370 1051 508 1086; x_wconf 87' lang='lat' dir='ltr'>erant.</span> 
     </span>
    </p>
   </div>
   <div class='ocr_carea' id='block_1_14' title="bbox 130 1244 1121 1965">
    <p class='ocr_par' dir='ltr' id='par_1_14' title="bbox 130 1244 1121 1965">
     <span class='ocr_line' id='line_1_15' title="bbox 131 1244 1112 1301; baseline -0.003 -14"><span class='ocrx_word' id='word_1_85' title='bbox 131 1249 283 1301; x_wconf 48' lang='lat' dir='ltr'>‘Arlmja</span> <span class='ocrx_word' id='word_1_86' title='bbox 301 1249 362 1288; x_wconf 86' lang='lat' dir='ltr'>vel</span> <span class='ocrx_word' id='word_1_87' title='bbox 384 1250 507 1299; x_wconf 51' lang='lat' dir='ltr'>vista,</span> <span class='ocrx_word' id='word_1_88' title='bbox 535 1255 617 1286; x_wconf 89' lang='lat' dir='ltr'>tum</span> <span class='ocrx_word' id='word_1_89' title='bbox 637 1245 816 1295; x_wconf 77' lang='lat' dir='ltr'>temporis</span> <span class='ocrx_word' id='word_1_90' title='bbox 845 1245 918 1293; x_wconf 85' lang='lat' dir='ltr'>ipsa</span> <span class='ocrx_word' id='word_1_91' title='bbox 940 1244 1112 1284; x_wconf 88' lang='lat' dir='ltr'>nondum</span> 
     </span>
     <span class='ocr_line' id='line_1_16' title="bbox 132 1298 1115 1351; baseline -0.005 -11"><span class='ocrx_word' id='word_1_92' title='bbox 132 1303 245 1339; x_wconf 85' lang='lat' dir='ltr'>fuerit</span> <span class='ocrx_word' id='word_1_93' title='bbox 263 1302 466 1351; x_wconf 86' lang='lat' dir='ltr'>provincia.</span> <span class='ocrx_word' id='word_1_94' title='bbox 520 1300 653 1348; x_wconf 84' lang='lat' dir='ltr'>Lego,</span> <span class='ocrx_word' id='word_1_95' title='bbox 682 1298 805 1345; x_wconf 55' lang='lat' dir='ltr'>affine</span> <span class='ocrx_word' id='word_1_96' title='bbox 829 1298 1046 1346; x_wconf 64' lang='lat' dir='ltr'>provinciae,</span> <span class='ocrx_word' id='word_1_97' title='bbox 1075 1305 1115 1335; x_wconf 90' lang='lat' dir='ltr'>ut</span> 
     </span>
     <span class='ocr_line' id='line_1_17' title="bbox 133 1348 1115 1395; baseline -0.005 -5"><span class='ocrx_word' id='word_1_98' title='bbox 133 1351 349 1390; x_wconf 80' lang='lat' dir='ltr'>intellexisse</span> <span class='ocrx_word' id='word_1_99' title='bbox 381 1353 416 1390; x_wconf 90' lang='lat' dir='ltr'>se</span> <span class='ocrx_word' id='word_1_100' title='bbox 447 1350 637 1395; x_wconf 87' lang='lat' dir='ltr'>ostendat,</span> <span class='ocrx_word' id='word_1_101' title='bbox 666 1361 744 1386; x_wconf 92' lang='lat' dir='ltr'>non</span> <span class='ocrx_word' id='word_1_102' title='bbox 771 1359 929 1385; x_wconf 88' lang='lat' dir='ltr'>omnem</span> <span class='ocrx_word' id='word_1_103' title='bbox 962 1348 1115 1394; x_wconf 88' lang='lat' dir='ltr'>Afiam,</span> 
     </span>
     <span class='ocr_line' id='line_1_18' title="bbox 135 1400 1116 1454; baseline -0.006 -12"><span class='ocrx_word' id='word_1_104' title='bbox 135 1404 195 1442; x_wconf 86' lang='lat' dir='ltr'>sed</span> <span class='ocrx_word' id='word_1_105' title='bbox 215 1416 323 1450; x_wconf 88' lang='lat' dir='ltr'>eam,</span> <span class='ocrx_word' id='word_1_106' title='bbox 352 1415 447 1454; x_wconf 87' lang='lat' dir='ltr'>quae</span> <span class='ocrx_word' id='word_1_107' title='bbox 476 1402 625 1452; x_wconf 84' lang='lat' dir='ltr'>proprie</span> <span class='ocrx_word' id='word_1_108' title='bbox 653 1409 729 1438; x_wconf 87' lang='lat' dir='ltr'>erat</span> <span class='ocrx_word' id='word_1_109' title='bbox 761 1400 964 1449; x_wconf 79' lang='lat' dir='ltr'>provincia.</span> <span class='ocrx_word' id='word_1_110' title='bbox 1016 1400 1116 1437; x_wconf 89' lang='lat' dir='ltr'>Vide</span> 
     </span>
     <span class='ocr_line' id='line_1_19' title="bbox 139 1452 1118 1493; baseline -0.004 0"><span class='ocrx_word' id='word_1_111' title='bbox 139 1456 351 1493; x_wconf 89' lang='lat' dir='ltr'>orationem</span> <span class='ocrx_word' id='word_1_112' title='bbox 367 1454 605 1493; x_wconf 88' lang='lat' dir='ltr'>Rhodiorum</span> <span class='ocrx_word' id='word_1_113' title='bbox 623 1453 660 1490; x_wconf 91' lang='lat' dir='ltr'>in</span> <span class='ocrx_word' id='word_1_114' title='bbox 679 1452 814 1489; x_wconf 81' lang='lat' dir='ltr'>Senatu</span> <span class='ocrx_word' id='word_1_115' title='bbox 827 1453 1017 1489; x_wconf 87' lang='lat' dir='ltr'>Romano.</span> <span class='ocrx_word' id='word_1_116' title='bbox 1030 1452 1118 1489; x_wconf 82' lang='lat' dir='ltr'>Liv.</span> 
     </span>
     <span class='ocr_line' id='line_1_20' title="bbox 134 1503 1117 1553; baseline -0.005 -9"><span class='ocrx_word' id='word_1_117' title='bbox 134 1518 283 1544; x_wconf 80' lang='lat' dir='ltr'>xxxvrr.</span> <span class='ocrx_word' id='word_1_118' title='bbox 308 1506 553 1544; x_wconf 86' lang='lat' dir='ltr'><strong>PERIZON.</strong></span> <span class='ocrx_word' id='word_1_119' title='bbox 608 1503 714 1542; x_wconf 86' lang='lat' dir='ltr'>Leid.</span> <span class='ocrx_word' id='word_1_120' title='bbox 736 1503 844 1553; x_wconf 89' lang='lat' dir='ltr'>prim.</span> <span class='ocrx_word' id='word_1_121' title='bbox 868 1504 906 1540; x_wconf 72' lang='grc' dir='ltr'>δε</span> <span class='ocrx_word' id='word_1_122' title='bbox 926 1503 993 1541; x_wconf 89' lang='lat' dir='ltr'>sec.</span> <span class='ocrx_word' id='word_1_123' title='bbox 1019 1504 1117 1551; x_wconf 51' lang='lat' dir='ltr'>«Afie</span> 
     </span>
     <span class='ocr_line' id='line_1_21' title="bbox 130 1555 1117 1607; baseline -0.003 -13"><span class='ocrx_word' id='word_1_124' title='bbox 130 1560 302 1607; x_wconf 59' lang='lat' dir='ltr'>provincie</span> <span class='ocrx_word' id='word_1_125' title='bbox 330 1561 466 1607; x_wconf 75' lang='lat' dir='ltr'>Cypros.</span> <span class='ocrx_word' id='word_1_126' title='bbox 516 1555 640 1599; x_wconf 66' lang='lat' dir='ltr'>Vide,</span> <span class='ocrx_word' id='word_1_127' title='bbox 679 1566 725 1592; x_wconf 80' lang='lat' dir='ltr'>an</span> <span class='ocrx_word' id='word_1_128' title='bbox 755 1558 886 1603; x_wconf 81' lang='lat' dir='ltr'>Cypron</span> <span class='ocrx_word' id='word_1_129' title='bbox 908 1556 1117 1603; x_wconf 66' lang='lat' dir='ltr'>provinciam</span> 
     </span>
     <span class='ocr_line' id='line_1_22' title="bbox 135 1605 1117 1659; baseline -0.003 -13"><span class='ocrx_word' id='word_1_130' title='bbox 135 1608 222 1646; x_wconf 90' lang='lat' dir='ltr'>ideo</span> <span class='ocrx_word' id='word_1_131' title='bbox 242 1609 396 1653; x_wconf 79' lang='lat' dir='ltr'>dixerit,</span> <span class='ocrx_word' id='word_1_132' title='bbox 416 1607 503 1659; x_wconf 90' lang='lat' dir='ltr'>quia</span> <span class='ocrx_word' id='word_1_133' title='bbox 521 1608 668 1657; x_wconf 80' lang='lat' dir='ltr'>proprie</span> <span class='ocrx_word' id='word_1_134' title='bbox 689 1605 794 1655; x_wconf 84' lang='lat' dir='ltr'>ipsius</span> <span class='ocrx_word' id='word_1_135' title='bbox 816 1613 893 1643; x_wconf 88' lang='lat' dir='ltr'>erat</span> <span class='ocrx_word' id='word_1_136' title='bbox 912 1607 1117 1654; x_wconf 89' lang='lat' dir='ltr'>provincia.</span> 
     </span>
     <span class='ocr_line' id='line_1_23' title="bbox 135 1655 1117 1701; baseline -0.004 -3"><span class='ocrx_word' id='word_1_137' title='bbox 135 1661 236 1698; x_wconf 85' lang='lat' dir='ltr'>Nam</span> <span class='ocrx_word' id='word_1_138' title='bbox 268 1660 305 1697; x_wconf 92' lang='lat' dir='ltr'>in</span> <span class='ocrx_word' id='word_1_139' title='bbox 335 1660 432 1697; x_wconf 87' lang='lat' dir='ltr'>hanc</span> <span class='ocrx_word' id='word_1_140' title='bbox 464 1667 540 1696; x_wconf 90' lang='lat' dir='ltr'>erat</span> <span class='ocrx_word' id='word_1_141' title='bbox 569 1655 692 1696; x_wconf 79' lang='lat' dir='ltr'>missus</span> <span class='ocrx_word' id='word_1_142' title='bbox 723 1657 843 1701; x_wconf 82' lang='lat' dir='ltr'>Cato,</span> <span class='ocrx_word' id='word_1_143' title='bbox 872 1663 913 1694; x_wconf 91' lang='lat' dir='ltr'>ut</span> <span class='ocrx_word' id='word_1_144' title='bbox 942 1668 987 1693; x_wconf 84' lang='lat' dir='ltr'>ex</span> <span class='ocrx_word' id='word_1_145' title='bbox 1015 1668 1057 1695; x_wconf 87' lang='lat' dir='ltr'>ea</span> <span class='ocrx_word' id='word_1_146' title='bbox 1078 1658 1117 1694; x_wconf 88' lang='lat' dir='ltr'>in</span> 
     </span>
     <span class='ocr_line' id='line_1_24' title="bbox 134 1707 1119 1761; baseline -0.004 -12"><span class='ocrx_word' id='word_1_147' title='bbox 134 1711 351 1761; x_wconf 89' lang='lat' dir='ltr'>provinciae</span> <span class='ocrx_word' id='word_1_148' title='bbox 382 1713 545 1749; x_wconf 85' lang='lat' dir='ltr'>formam</span> <span class='ocrx_word' id='word_1_149' title='bbox 573 1710 643 1747; x_wconf 83' lang='lat' dir='ltr'>hac</span> <span class='ocrx_word' id='word_1_150' title='bbox 673 1709 746 1757; x_wconf 87' lang='lat' dir='ltr'>ipse</span> <span class='ocrx_word' id='word_1_151' title='bbox 777 1719 815 1745; x_wconf 89' lang='lat' dir='ltr'>re</span> <span class='ocrx_word' id='word_1_152' title='bbox 836 1707 1032 1755; x_wconf 87' lang='lat' dir='ltr'>redigenda</span> <span class='ocrx_word' id='word_1_153' title='bbox 1054 1720 1119 1756; x_wconf 91' lang='lat' dir='ltr'>pe-</span> 
     </span>
     <span class='ocr_line' id='line_1_25' title="bbox 137 1759 1118 1811; baseline -0.003 -10"><span class='ocrx_word' id='word_1_154' title='bbox 137 1763 288 1800; x_wconf 86' lang='lat' dir='ltr'>cuniam</span> <span class='ocrx_word' id='word_1_155' title='bbox 320 1763 460 1811; x_wconf 85' lang='lat' dir='ltr'>regiam</span> <span class='ocrx_word' id='word_1_156' title='bbox 492 1761 718 1810; x_wconf 85' lang='lat' dir='ltr'>deportaret.</span> <span class='ocrx_word' id='word_1_157' title='bbox 792 1759 886 1796; x_wconf 84' lang='lat' dir='ltr'>Sane</span> <span class='ocrx_word' id='word_1_158' title='bbox 919 1770 983 1796; x_wconf 90' lang='lat' dir='ltr'>cur</span> <span class='ocrx_word' id='word_1_159' title='bbox 1011 1759 1118 1798; x_wconf 87' lang='lat' dir='ltr'>solius</span> 
     </span>
     <span class='ocr_line' id='line_1_26' title="bbox 137 1811 1119 1863; baseline -0.003 -11"><span class='ocrx_word' id='word_1_160' title='bbox 137 1813 245 1852; x_wconf 81' lang='lat' dir='ltr'>Afiae</span> <span class='ocrx_word' id='word_1_161' title='bbox 274 1814 489 1863; x_wconf 86' lang='lat' dir='ltr'>provinciae</span> <span class='ocrx_word' id='word_1_162' title='bbox 520 1820 662 1861; x_wconf 81' lang='lat' dir='ltr'>partem</span> <span class='ocrx_word' id='word_1_163' title='bbox 695 1811 945 1854; x_wconf 81' lang='lat' dir='ltr'>maritimam,</span> <span class='ocrx_word' id='word_1_164' title='bbox 975 1812 1119 1855; x_wconf 85' lang='lat' dir='ltr'>&amp;non</span> 
     </span>
     <span class='ocr_line' id='line_1_27' title="bbox 139 1862 1118 1914; baseline -0.001 -12"><span class='ocrx_word' id='word_1_165' title='bbox 139 1866 252 1902; x_wconf 89' lang='lat' dir='ltr'>etiam</span> <span class='ocrx_word' id='word_1_166' title='bbox 284 1864 448 1914; x_wconf 86' lang='lat' dir='ltr'>reliquae</span> <span class='ocrx_word' id='word_1_167' title='bbox 468 1864 578 1902; x_wconf 82' lang='lat' dir='ltr'>Asiae</span> <span class='ocrx_word' id='word_1_168' title='bbox 607 1875 713 1901; x_wconf 87' lang='lat' dir='ltr'>oram</span> <span class='ocrx_word' id='word_1_169' title='bbox 737 1862 964 1899; x_wconf 84' lang='lat' dir='ltr'>maritimam</span> <span class='ocrx_word' id='word_1_170' title='bbox 989 1863 1118 1901; x_wconf 87' lang='lat' dir='ltr'>testem</span> 
     </span>
     <span class='ocr_line' id='line_1_28' title="bbox 142 1913 1121 1965; baseline -0.002 -13"><span class='ocrx_word' id='word_1_171' title='bbox 142 1915 265 1952; x_wconf 85' lang='lat' dir='ltr'>dicere</span> <span class='ocrx_word' id='word_1_172' title='bbox 287 1916 448 1954; x_wconf 85' lang='lat' dir='ltr'>voluerit</span> <span class='ocrx_word' id='word_1_173' title='bbox 469 1916 545 1965; x_wconf 83' lang='lat' dir='ltr'>ejus</span> <span class='ocrx_word' id='word_1_174' title='bbox 566 1914 805 1953; x_wconf 83' lang='lat' dir='ltr'>abstinentiae</span> <span class='ocrx_word' id='word_1_175' title='bbox 819 1942 829 1958; x_wconf 94' lang='lat'>‚</span> <span class='ocrx_word' id='word_1_176' title='bbox 857 1925 935 1951; x_wconf 92' lang='lat' dir='ltr'>non</span> <span class='ocrx_word' id='word_1_177' title='bbox 956 1913 1036 1951; x_wconf 85' lang='lat' dir='ltr'>satis</span> <span class='ocrx_word' id='word_1_178' title='bbox 1058 1926 1121 1951; x_wconf 85' lang='lat' dir='ltr'>ex-</span> 
     </span>
    </p>
   </div>
   <div class='ocr_carea' id='block_1_15' title="bbox 139 1963 1117 2067">
    <p class='ocr_par' dir='ltr' id='par_1_15' title="bbox 139 1963 1117 2067">
     <span class='ocr_line' id='line_1_29' title="bbox 139 1963 1117 2054; baseline 0 -51"><span class='ocrx_word' id='word_1_179' title='bbox 139 1967 278 2054; x_wconf 45' lang='lat' dir='ltr'>aggito.</span> <span class='ocrx_word' id='word_1_180' title='bbox 330 1967 512 2005; x_wconf 87' lang='lat' dir='ltr'>Videatur</span> <span class='ocrx_word' id='word_1_181' title='bbox 544 1967 642 2005; x_wconf 85' lang='lat' dir='ltr'>Flor.</span> <span class='ocrx_word' id='word_1_182' title='bbox 664 1967 710 2003; x_wconf 88' lang='lat' dir='ltr'>L.</span> <span class='ocrx_word' id='word_1_183' title='bbox 735 1977 797 2003; x_wconf 88' lang='lat'><strong>111.</strong></span> <span class='ocrx_word' id='word_1_184' title='bbox 819 1978 854 2014; x_wconf 92' lang='lat'>9.</span> <span class='ocrx_word' id='word_1_185' title='bbox 883 1963 980 2003; x_wconf 89' lang='lat' dir='ltr'>Vell.</span> <span class='ocrx_word' id='word_1_186' title='bbox 1005 1966 1051 2002; x_wconf 94' lang='lat' dir='ltr'>L.</span> <span class='ocrx_word' id='word_1_187' title='bbox 1072 1978 1117 2004; x_wconf 84' lang='lat'><strong>11.</strong></span> 
     </span>
     <span class='ocr_line' id='line_1_30' title="bbox 142 2028 202 2067; baseline 0 -13"><span class='ocrx_word' id='word_1_188' title='bbox 142 2028 160 2067; x_wconf 85' lang='lat'>3</span> <span class='ocrx_word' id='word_1_189' title='bbox 195 2047 202 2054; x_wconf 97' lang='lat'>.</span> 
     </span>
    </p>
   </div>
   <div class='ocr_carea' id='block_1_16' title="bbox 138 2081 1122 3005">
    <p class='ocr_par' dir='ltr' id='par_1_16' title="bbox 142 2081 1121 2491">
     <span class='ocr_line' id='line_1_31' title="bbox 189 2081 1118 2134; baseline -0.001 -15"><span class='ocrx_word' id='word_1_190' title='bbox 189 2082 222 2119; x_wconf 80' lang='grc'>8.</span> <span class='ocrx_word' id='word_1_191' title='bbox 251 2084 380 2133; x_wconf 76' lang='lat' dir='ltr'>Regiae</span> <span class='ocrx_word' id='word_1_192' title='bbox 399 2083 541 2121; x_wconf 68' lang='lat' dir='ltr'>divitiae</span> <span class='ocrx_word' id='word_1_193' title='bbox 553 2087 713 2134; x_wconf 78' lang='lat' dir='ltr'>potestate</span> <span class='ocrx_word' id='word_1_194' title='bbox 732 2083 831 2132; x_wconf 79' lang='lat' dir='ltr'>ipfius</span> <span class='ocrx_word' id='word_1_195' title='bbox 853 2081 1118 2132; x_wconf 76' lang='lat' dir='ltr'>continebantur]</span> 
     </span>
     <span class='ocr_line' id='line_1_32' title="bbox 142 2133 1117 2182; baseline 0 -12"><span class='ocrx_word' id='word_1_196' title='bbox 142 2133 302 2171; x_wconf 82' lang='lat' dir='ltr'>Divitias</span> <span class='ocrx_word' id='word_1_197' title='bbox 332 2135 572 2178; x_wconf 89' lang='lat' dir='ltr'>Ptolemaei,</span> <span class='ocrx_word' id='word_1_198' title='bbox 604 2134 698 2182; x_wconf 85' lang='lat' dir='ltr'>regis</span> <span class='ocrx_word' id='word_1_199' title='bbox 740 2135 888 2182; x_wconf 89' lang='lat' dir='ltr'>Cypri,</span> <span class='ocrx_word' id='word_1_200' title='bbox 926 2133 1117 2181; x_wconf 81' lang='lat' dir='ltr'>intelligit;</span> 
     </span>
     <span class='ocr_line' id='line_1_33' title="bbox 144 2184 1120 2233; baseline -0.002 -11"><span class='ocrx_word' id='word_1_201' title='bbox 144 2196 233 2233; x_wconf 82' lang='lat' dir='ltr'>quas</span> <span class='ocrx_word' id='word_1_202' title='bbox 255 2185 383 2223; x_wconf 86' lang='lat' dir='ltr'>Florus</span> <span class='ocrx_word' id='word_1_203' title='bbox 403 2198 442 2230; x_wconf 88' lang='lat' dir='ltr'>v,</span> <span class='ocrx_word' id='word_1_204' title='bbox 463 2198 498 2233; x_wconf 88' lang='lat'>9.</span> <span class='ocrx_word' id='word_1_205' title='bbox 524 2186 704 2222; x_wconf 87' lang='lat' dir='ltr'>aerarium</span> <span class='ocrx_word' id='word_1_206' title='bbox 726 2184 855 2232; x_wconf 89' lang='lat' dir='ltr'>populi</span> <span class='ocrx_word' id='word_1_207' title='bbox 876 2186 991 2221; x_wconf 86' lang='lat' dir='ltr'>Rom.</span> <span class='ocrx_word' id='word_1_208' title='bbox 1015 2184 1120 2220; x_wconf 85' lang='lat' dir='ltr'>latius</span> 
     </span>
     <span class='ocr_line' id='line_1_34' title="bbox 143 2232 1121 2285; baseline -0.002 -13"><span class='ocrx_word' id='word_1_209' title='bbox 143 2248 258 2285; x_wconf 84' lang='lat' dir='ltr'>quam</span> <span class='ocrx_word' id='word_1_210' title='bbox 278 2236 394 2274; x_wconf 85' lang='lat' dir='ltr'>ullum</span> <span class='ocrx_word' id='word_1_211' title='bbox 413 2236 644 2284; x_wconf 85' lang='lat' dir='ltr'>triumphum</span> <span class='ocrx_word' id='word_1_212' title='bbox 665 2232 868 2282; x_wconf 77' lang='lat' dir='ltr'>implevisse</span> <span class='ocrx_word' id='word_1_213' title='bbox 890 2233 1018 2271; x_wconf 88' lang='lat' dir='ltr'>scribit.</span> <span class='ocrx_word' id='word_1_214' title='bbox 1046 2233 1121 2270; x_wconf 91' lang='lat' dir='ltr'>Ce-</span> 
     </span>
     <span class='ocr_line' id='line_1_35' title="bbox 142 2283 1120 2337; baseline -0.001 -14"><span class='ocrx_word' id='word_1_215' title='bbox 142 2295 263 2324; x_wconf 88' lang='lat' dir='ltr'>terum</span> <span class='ocrx_word' id='word_1_216' title='bbox 285 2287 389 2337; x_wconf 86' lang='lat' dir='ltr'>quod</span> <span class='ocrx_word' id='word_1_217' title='bbox 409 2287 509 2325; x_wconf 89' lang='lat' dir='ltr'>idern</span> <span class='ocrx_word' id='word_1_218' title='bbox 533 2285 712 2335; x_wconf 85' lang='lat' dir='ltr'>populus,</span> <span class='ocrx_word' id='word_1_219' title='bbox 733 2292 773 2321; x_wconf 90' lang='lat' dir='ltr'>ut</span> <span class='ocrx_word' id='word_1_220' title='bbox 794 2285 895 2322; x_wconf 89' lang='lat' dir='ltr'>idem</span> <span class='ocrx_word' id='word_1_221' title='bbox 915 2283 1044 2322; x_wconf 85' lang='lat' dir='ltr'>Florus</span> <span class='ocrx_word' id='word_1_222' title='bbox 1063 2284 1120 2322; x_wconf 90' lang='lat' dir='ltr'>lo-</span> 
     </span>
     <span class='ocr_line' id='line_1_36' title="bbox 143 2335 1120 2387; baseline -0.003 -12"><span class='ocrx_word' id='word_1_223' title='bbox 143 2340 268 2387; x_wconf 86' lang='lat' dir='ltr'>quitur</span> <span class='ocrx_word' id='word_1_224' title='bbox 283 2367 293 2384; x_wconf 92' lang='lat'>,</span> <span class='ocrx_word' id='word_1_225' title='bbox 306 2339 344 2377; x_wconf 88' lang='grc' dir='ltr'>Ρ.</span> <span class='ocrx_word' id='word_1_226' title='bbox 359 2338 498 2377; x_wconf 88' lang='lat' dir='ltr'>Clodio</span> <span class='ocrx_word' id='word_1_227' title='bbox 520 2338 613 2375; x_wconf 84' lang='lat' dir='ltr'>duce</span> <span class='ocrx_word' id='word_1_228' title='bbox 632 2336 720 2374; x_wconf 92' lang='lat' dir='ltr'>socii</span> <span class='ocrx_word' id='word_1_229' title='bbox 740 2335 892 2385; x_wconf 82' lang='lat' dir='ltr'>vivique</span> <span class='ocrx_word' id='word_1_230' title='bbox 914 2336 1005 2383; x_wconf 86' lang='lat' dir='ltr'>regis</span> <span class='ocrx_word' id='word_1_231' title='bbox 1029 2347 1120 2373; x_wconf 92' lang='lat' dir='ltr'>con—</span> 
     </span>
     <span class='ocr_line' id='line_1_37' title="bbox 144 2386 1120 2433; baseline -0.002 -7"><span class='ocrx_word' id='word_1_232' title='bbox 144 2389 372 2428; x_wconf 79' lang='lat' dir='ltr'>fiscationem</span> <span class='ocrx_word' id='word_1_233' title='bbox 404 2388 617 2433; x_wconf 86' lang='lat' dir='ltr'>mandavit,</span> <span class='ocrx_word' id='word_1_234' title='bbox 645 2388 684 2424; x_wconf 93' lang='lat' dir='ltr'>id</span> <span class='ocrx_word' id='word_1_235' title='bbox 713 2387 849 2425; x_wconf 88' lang='lat' dir='ltr'>Cicero</span> <span class='ocrx_word' id='word_1_236' title='bbox 881 2388 919 2425; x_wconf 90' lang='lat'>&amp;</span> <span class='ocrx_word' id='word_1_237' title='bbox 942 2386 1001 2424; x_wconf 87' lang='lat' dir='ltr'>alii</span> <span class='ocrx_word' id='word_1_238' title='bbox 1021 2386 1120 2425; x_wconf 87' lang='lat' dir='ltr'>sum—</span> 
     </span>
     <span class='ocr_line' id='line_1_38' title="bbox 146 2438 815 2491; baseline -0.006 -12"><span class='ocrx_word' id='word_1_239' title='bbox 146 2452 302 2490; x_wconf 87' lang='lat' dir='ltr'>mopere</span> <span class='ocrx_word' id='word_1_240' title='bbox 322 2442 592 2491; x_wconf 86' lang='lat' dir='ltr'>improbarunt.</span> <span class='ocrx_word' id='word_1_241' title='bbox 619 2438 815 2476; x_wconf 80' lang='lat' dir='ltr'><strong>VORST.</strong></span> 
     </span>
    </p>

    <p class='ocr_par' dir='ltr' id='par_1_17' title="bbox 138 2487 1122 3005">
     <span class='ocr_line' id='line_1_39' title="bbox 193 2487 1122 2541; baseline -0.003 -12"><span class='ocrx_word' id='word_1_242' title='bbox 193 2505 228 2541; x_wconf 91' lang='lat'>9.</span> <span class='ocrx_word' id='word_1_243' title='bbox 258 2495 375 2531; x_wconf 71' lang='lat' dir='ltr'>Torius</span> <span class='ocrx_word' id='word_1_244' title='bbox 406 2494 567 2530; x_wconf 76' lang='lat' dir='ltr'>Graeciae</span> <span class='ocrx_word' id='word_1_245' title='bbox 591 2489 704 2540; x_wconf 80' lang='lat' dir='ltr'>urbes]</span> <span class='ocrx_word' id='word_1_246' title='bbox 732 2491 887 2527; x_wconf 78' lang='lat' dir='ltr'>Veteres</span> <span class='ocrx_word' id='word_1_247' title='bbox 916 2487 1019 2536; x_wconf 80' lang='lat' dir='ltr'>libri,</span> <span class='ocrx_word' id='word_1_248' title='bbox 1056 2491 1122 2527; x_wconf 77' lang='lat' dir='ltr'>Tot</span> 
     </span>
     <span class='ocr_line' id='line_1_40' title="bbox 145 2541 1121 2591; baseline -0.001 -11"><span class='ocrx_word' id='word_1_249' title='bbox 145 2544 327 2589; x_wconf 76' lang='lat' dir='ltr'>Graeciae,</span> <span class='ocrx_word' id='word_1_250' title='bbox 355 2545 408 2583; x_wconf 85' lang='lat' dir='ltr'>At</span> <span class='ocrx_word' id='word_1_251' title='bbox 434 2545 471 2582; x_wconf 80' lang='lat' dir='ltr'>in</span> <span class='ocrx_word' id='word_1_252' title='bbox 498 2541 720 2591; x_wconf 80' lang='lat' dir='ltr'>Campenfi,</span> <span class='ocrx_word' id='word_1_253' title='bbox 752 2543 812 2578; x_wconf 78' lang='lat' dir='ltr'>Tot</span> <span class='ocrx_word' id='word_1_254' title='bbox 839 2544 988 2590; x_wconf 77' lang='lat' dir='ltr'>egregiae</span> <span class='ocrx_word' id='word_1_255' title='bbox 1015 2541 1121 2579; x_wconf 78' lang='lat' dir='ltr'>urbes.</span> 
     </span>
     <span class='ocr_line' id='line_1_41' title="bbox 146 2592 1122 2645; baseline -0.001 -13"><span class='ocrx_word' id='word_1_256' title='bbox 146 2595 266 2643; x_wconf 91' lang='lat' dir='ltr'>Quod</span> <span class='ocrx_word' id='word_1_257' title='bbox 288 2608 367 2634; x_wconf 91' lang='lat' dir='ltr'>non</span> <span class='ocrx_word' id='word_1_258' title='bbox 388 2595 572 2645; x_wconf 74' lang='lat' dir='ltr'>displicet,</span> <span class='ocrx_word' id='word_1_259' title='bbox 593 2593 730 2643; x_wconf 86' lang='lat' dir='ltr'>subjicit</span> <span class='ocrx_word' id='word_1_260' title='bbox 750 2593 849 2630; x_wconf 89' lang='lat' dir='ltr'>enim</span> <span class='ocrx_word' id='word_1_261' title='bbox 868 2592 1037 2641; x_wconf 85' lang='lat' dir='ltr'>potestati</span> <span class='ocrx_word' id='word_1_262' title='bbox 1049 2593 1122 2631; x_wconf 89' lang='lat' dir='ltr'>Ca-</span> 
     </span>
     <span class='ocr_line' id='line_1_42' title="bbox 143 2643 1118 2688; baseline 0 -6"><span class='ocrx_word' id='word_1_263' title='bbox 143 2646 243 2684; x_wconf 88' lang='lat' dir='ltr'>tonis</span> <span class='ocrx_word' id='word_1_264' title='bbox 264 2659 343 2685; x_wconf 92' lang='lat' dir='ltr'>non</span> <span class='ocrx_word' id='word_1_265' title='bbox 362 2647 480 2685; x_wconf 89' lang='lat' dir='ltr'>solum</span> <span class='ocrx_word' id='word_1_266' title='bbox 503 2645 723 2688; x_wconf 87' lang='lat' dir='ltr'>Graeciam;</span> <span class='ocrx_word' id='word_1_267' title='bbox 751 2643 810 2681; x_wconf 87' lang='lat' dir='ltr'>sed</span> <span class='ocrx_word' id='word_1_268' title='bbox 832 2645 869 2681; x_wconf 69' lang='grc' dir='ltr'>ἃ</span> <span class='ocrx_word' id='word_1_269' title='bbox 890 2644 1118 2682; x_wconf 80' lang='lat' dir='ltr'>maritimam</span> 
     </span>
     <span class='ocr_line' id='line_1_43' title="bbox 143 2694 1119 2745; baseline -0.001 -12"><span class='ocrx_word' id='word_1_270' title='bbox 143 2705 286 2744; x_wconf 88' lang='lat' dir='ltr'>partem</span> <span class='ocrx_word' id='word_1_271' title='bbox 321 2698 429 2736; x_wconf 80' lang='lat' dir='ltr'>Afiae</span> <span class='ocrx_word' id='word_1_272' title='bbox 459 2697 663 2736; x_wconf 88' lang='lat' dir='ltr'>civitatibus</span> <span class='ocrx_word' id='word_1_273' title='bbox 696 2694 971 2745; x_wconf 74' lang='lat' dir='ltr'>opulentissimis</span> <span class='ocrx_word' id='word_1_274' title='bbox 999 2695 1119 2745; x_wconf 89' lang='lat' dir='ltr'>incly-</span> 
     </span>
     <span class='ocr_line' id='line_1_44' title="bbox 144 2746 1120 2795; baseline -0.001 -10"><span class='ocrx_word' id='word_1_275' title='bbox 144 2755 236 2785; x_wconf 86' lang='lat' dir='ltr'>tam.</span> <span class='ocrx_word' id='word_1_276' title='bbox 278 2749 446 2788; x_wconf 85' lang='lat' dir='ltr'><strong>PIGH.</strong></span> <span class='ocrx_word' id='word_1_277' title='bbox 527 2749 570 2787; x_wconf 86' lang='lat' dir='ltr'>In</span> <span class='ocrx_word' id='word_1_278' title='bbox 605 2748 701 2786; x_wconf 86' lang='lat' dir='ltr'>libro</span> <span class='ocrx_word' id='word_1_279' title='bbox 741 2747 838 2785; x_wconf 91' lang='lat' dir='ltr'>Dan.</span> <span class='ocrx_word' id='word_1_280' title='bbox 880 2746 996 2795; x_wconf 89' lang='lat' dir='ltr'>reperi</span> <span class='ocrx_word' id='word_1_281' title='bbox 1017 2761 1026 2785; x_wconf 91' lang='lat'>:</span> <span class='ocrx_word' id='word_1_282' title='bbox 1065 2759 1120 2784; x_wconf 79' lang='lat' dir='ltr'>to-</span> 
     </span>
     <span class='ocr_line' id='line_1_45' title="bbox 145 2798 1119 2848; baseline 0.003 -14"><span class='ocrx_word' id='word_1_283' title='bbox 145 2809 183 2834; x_wconf 75' lang='lat' dir='ltr'>ta</span> <span class='ocrx_word' id='word_1_284' title='bbox 205 2801 346 2837; x_wconf 78' lang='lat' dir='ltr'>Graecia</span> <span class='ocrx_word' id='word_1_285' title='bbox 375 2802 479 2838; x_wconf 79' lang='lat' dir='ltr'>urbes.</span> <span class='ocrx_word' id='word_1_286' title='bbox 535 2802 663 2848; x_wconf 86' lang='lat' dir='ltr'>Quam</span> <span class='ocrx_word' id='word_1_287' title='bbox 693 2798 904 2847; x_wconf 86' lang='lat' dir='ltr'>scripturam</span> <span class='ocrx_word' id='word_1_288' title='bbox 926 2810 1119 2846; x_wconf 85' lang='lat' dir='ltr'>opponere</span> 
     </span>
     <span class='ocr_line' id='line_1_46' title="bbox 145 2849 1121 2899; baseline 0.002 -13"><span class='ocrx_word' id='word_1_289' title='bbox 145 2849 260 2887; x_wconf 84' lang='lat' dir='ltr'>aufim</span> <span class='ocrx_word' id='word_1_290' title='bbox 292 2852 546 2890; x_wconf 87' lang='lat' dir='ltr'>emendationi</span> <span class='ocrx_word' id='word_1_291' title='bbox 571 2851 780 2899; x_wconf 85' lang='lat' dir='ltr'>Pighianae.</span> <span class='ocrx_word' id='word_1_292' title='bbox 815 2849 1008 2888; x_wconf 86' lang='lat' dir='ltr'><strong>COLER.</strong></span> <span class='ocrx_word' id='word_1_293' title='bbox 1060 2850 1121 2888; x_wconf 89' lang='lat' dir='ltr'>Pi-</span> 
     </span>
     <span class='ocr_line' id='line_1_47' title="bbox 143 2898 1120 2950; baseline -0.001 -12"><span class='ocrx_word' id='word_1_294' title='bbox 143 2900 268 2948; x_wconf 84' lang='lat' dir='ltr'>ghius,</span> <span class='ocrx_word' id='word_1_295' title='bbox 298 2914 383 2941; x_wconf 85' lang='lat' dir='ltr'>cum</span> <span class='ocrx_word' id='word_1_296' title='bbox 416 2905 454 2941; x_wconf 91' lang='lat' dir='ltr'>in</span> <span class='ocrx_word' id='word_1_297' title='bbox 483 2902 565 2941; x_wconf 86' lang='lat' dir='ltr'>cod.</span> <span class='ocrx_word' id='word_1_298' title='bbox 587 2900 785 2950; x_wconf 85' lang='lat' dir='ltr'>Campenfi</span> <span class='ocrx_word' id='word_1_299' title='bbox 816 2898 1000 2949; x_wconf 80' lang='lat' dir='ltr'>reperisset</span> <span class='ocrx_word' id='word_1_300' title='bbox 1018 2912 1068 2939; x_wconf 78' lang='lat' dir='ltr'>tot</span> <span class='ocrx_word' id='word_1_301' title='bbox 1087 2917 1120 2937; x_wconf 82' lang='lat' dir='ltr'>e-</span> 
     </span>
     <span class='ocr_line' id='line_1_48' title="bbox 138 2952 1122 3005; baseline 0.002 -16"><span class='ocrx_word' id='word_1_302' title='bbox 138 2956 278 3005; x_wconf 68' lang='lat' dir='ltr'>gregiae</span> <span class='ocrx_word' id='word_1_303' title='bbox 304 2954 398 2992; x_wconf 80' lang='lat' dir='ltr'>urbes</span> <span class='ocrx_word' id='word_1_304' title='bbox 421 2983 432 3001; x_wconf 85' lang='lat'>,</span> <span class='ocrx_word' id='word_1_305' title='bbox 463 2954 513 2993; x_wconf 84' lang='lat' dir='ltr'>ita</span> <span class='ocrx_word' id='word_1_306' title='bbox 543 2952 813 2992; x_wconf 83' lang='lat' dir='ltr'>rescribendum</span> <span class='ocrx_word' id='word_1_307' title='bbox 841 2954 995 3002; x_wconf 83' lang='lat' dir='ltr'>putavit.</span> <span class='ocrx_word' id='word_1_308' title='bbox 1046 2953 1122 2993; x_wconf 86' lang='lat' dir='ltr'>Alii</span> 
     </span>
    </p>
   </div>
   <div class='ocr_carea' id='block_1_17' title="bbox 67 796 2140 1101">
    <p class='ocr_par' dir='ltr' id='par_1_18' title="bbox 67 796 2140 1101">
     <span class='ocr_line' id='line_1_49' title="bbox 125 796 2136 866; baseline -0.001 -17"><span class='ocrx_word' id='word_1_309' title='bbox 125 802 255 849; x_wconf 84' lang='lat' dir='ltr'>omni</span> <span class='ocrx_word' id='word_1_310' title='bbox 282 802 490 862; x_wconf 77' lang='lat' dir='ltr'>Venere,</span> <span class='ocrx_word' id='word_1_311' title='bbox 525 819 662 866; x_wconf 88' lang='lat' dir='ltr'>quam</span> <span class='ocrx_word' id='word_1_312' title='bbox 682 818 708 847; x_wconf 86' lang='lat' dir='ltr'>a</span> <span class='ocrx_word' id='word_1_313' title='bbox 726 801 856 847; x_wconf 90' lang='lat' dir='ltr'>lucro</span> <span class='ocrx_word' id='word_1_314' title='bbox 878 797 1038 845; x_wconf 81' lang='lat' dir='ltr'>habuit</span> <span class='ocrx_word' id='word_1_315' title='bbox 1052 831 1068 857; x_wconf 78' lang='lat'>,</span> <span class='ocrx_word' id='word_1_316' title='bbox 1103 798 1151 842; x_wconf 91' lang='lat' dir='ltr'>in</span> <span class='ocrx_word' id='word_1_317' title='bbox 1171 798 1369 843; x_wconf 84' lang='lat' dir='ltr'>maxima</span> <span class='ocrx_word' id='word_1_318' title='bbox 1387 796 1621 860; x_wconf 85' lang='lat' dir='ltr'>utriusque</span> <span class='ocrx_word' id='word_1_319' title='bbox 1643 798 2017 859; x_wconf 85' lang='lat' dir='ltr'>intemperantiae</span> <span class='ocrx_word' id='word_1_320' title='bbox 2037 815 2136 847; x_wconf 84' lang='lat' dir='ltr'>ver-</span> 
     </span>
     <span class='ocr_line' id='line_1_50' title="bbox 67 871 2138 942; baseline -0 -14"><span class='ocrx_word' id='word_1_321' title='bbox 67 871 73 873; x_wconf 19' lang='lat'><em>*</em></span> <span class='ocrx_word' id='word_1_322' title='bbox 547 881 675 928; x_wconf 88' lang='lat' dir='ltr'>Nam</span> <span class='ocrx_word' id='word_1_323' title='bbox 710 878 757 925; x_wconf 61' lang='grc' dir='ltr'>ἃ</span> <span class='ocrx_word' id='word_1_324' title='bbox 796 879 814 907; x_wconf 73' lang='lat'>8</span> <span class='ocrx_word' id='word_1_325' title='bbox 838 877 986 942; x_wconf 87' lang='lat' dir='ltr'>regiae</span> <span class='ocrx_word' id='word_1_326' title='bbox 1018 876 1203 924; x_wconf 87' lang='lat' dir='ltr'>divitiae</span> <span class='ocrx_word' id='word_1_327' title='bbox 1236 875 1458 940; x_wconf 87' lang='lat' dir='ltr'>potestate</span> <span class='ocrx_word' id='word_1_328' title='bbox 1488 875 1625 940; x_wconf 80' lang='lat' dir='ltr'>ipsius</span> <span class='ocrx_word' id='word_1_329' title='bbox 1652 876 2042 939; x_wconf 77' lang='lat' dir='ltr'>continebantur,</span> <span class='ocrx_word' id='word_1_330' title='bbox 2089 880 2138 927; x_wconf 67' lang='grc' dir='ltr'>δε</span> 
     </span>
     <span class='ocr_line' id='line_1_51' title="bbox 122 954 2139 1023; baseline -0 -17"><span class='ocrx_word' id='word_1_331' title='bbox 122 958 417 1007; x_wconf 74' lang='lat' dir='ltr'>vfertilissirnae</span> <span class='ocrx_word' id='word_1_332' title='bbox 440 958 696 1007; x_wconf 80' lang='lat' dir='ltr'>delitiarum</span> <span class='ocrx_word' id='word_1_333' title='bbox 734 964 752 992; x_wconf 88' lang='lat'><strong>⁹</strong></span> <span class='ocrx_word' id='word_1_334' title='bbox 770 968 843 1004; x_wconf 89' lang='lat' dir='ltr'>tot</span> <span class='ocrx_word' id='word_1_335' title='bbox 867 955 1086 1003; x_wconf 82' lang='lat' dir='ltr'>Graeciae</span> <span class='ocrx_word' id='word_1_336' title='bbox 1105 954 1264 1015; x_wconf 80' lang='lat' dir='ltr'>urbes,</span> <span class='ocrx_word' id='word_1_337' title='bbox 1299 955 1535 1003; x_wconf 69' lang='lat' dir='ltr'>necessaria</span> <span class='ocrx_word' id='word_1_338' title='bbox 1568 957 1711 1005; x_wconf 90' lang='lat' dir='ltr'>totius</span> <span class='ocrx_word' id='word_1_339' title='bbox 1738 959 2039 1023; x_wconf 78' lang='lat' dir='ltr'>navigationis</span> <span class='ocrx_word' id='word_1_340' title='bbox 2071 961 2139 1007; x_wconf 91' lang='lat' dir='ltr'>di-</span> 
     </span>
     <span class='ocr_line' id='line_1_52' title="bbox 579 1033 2140 1101; baseline 0.001 -18"><span class='ocrx_word' id='word_1_341' title='bbox 579 1039 734 1100; x_wconf 87' lang='lat' dir='ltr'>Atque</span> <span class='ocrx_word' id='word_1_342' title='bbox 758 1035 805 1082; x_wconf 90' lang='lat' dir='ltr'>id</span> <span class='ocrx_word' id='word_1_343' title='bbox 846 1040 886 1062; x_wconf 86' lang='lat'>¹0</span> <span class='ocrx_word' id='word_1_344' title='bbox 910 1035 1154 1083; x_wconf 89' lang='lat' dir='ltr'>Munatius</span> <span class='ocrx_word' id='word_1_345' title='bbox 1186 1033 1367 1094; x_wconf 80' lang='lat' dir='ltr'>Rufus,</span> <span class='ocrx_word' id='word_1_346' title='bbox 1405 1034 1657 1100; x_wconf 86' lang='lat' dir='ltr'>Cypriacae</span> <span class='ocrx_word' id='word_1_347' title='bbox 1685 1036 1991 1101; x_wconf 83' lang='lat' dir='ltr'>expeditionis</span> <span class='ocrx_word' id='word_1_348' title='bbox 2022 1036 2140 1085; x_wconf 85' lang='lat' dir='ltr'>fidus</span> 
     </span>
    </p>
   </div>
   <div class='ocr_carea' id='block_1_18' title="bbox 1962 1130 2145 1178">
    <p class='ocr_par' dir='ltr' id='par_1_19' title="bbox 1962 1130 2145 1178">
     <span class='ocr_line' id='line_1_53' title="bbox 1962 1130 2145 1178; baseline 0.011 -14"><span class='ocrx_word' id='word_1_349' title='bbox 1962 1130 2116 1166; x_wconf 89' lang='lat' dir='ltr'>comes</span> <span class='ocrx_word' id='word_1_350' title='bbox 2129 1151 2145 1178; x_wconf 87' lang='lat'>‚</span> 
     </span>
    </p>
   </div>
   <div class='ocr_carea' id='block_1_19' title="bbox 1164 1244 2159 2616">
    <p class='ocr_par' dir='ltr' id='par_1_20' title="bbox 1164 1244 2159 1909">
     <span class='ocr_line' id='line_1_54' title="bbox 1164 1244 2148 1295; baseline 0.002 -13"><span class='ocrx_word' id='word_1_351' title='bbox 1164 1252 1241 1283; x_wconf 87' lang='lat' dir='ltr'>tam</span> <span class='ocrx_word' id='word_1_352' title='bbox 1264 1245 1372 1282; x_wconf 88' lang='lat' dir='ltr'><strong>MSS.</strong></span> <span class='ocrx_word' id='word_1_353' title='bbox 1400 1256 1514 1295; x_wconf 84' lang='lat' dir='ltr'>quam</span> <span class='ocrx_word' id='word_1_354' title='bbox 1547 1245 1644 1293; x_wconf 89' lang='lat' dir='ltr'>typis</span> <span class='ocrx_word' id='word_1_355' title='bbox 1671 1244 1822 1293; x_wconf 78' lang='lat' dir='ltr'>expressi</span> <span class='ocrx_word' id='word_1_356' title='bbox 1853 1245 1962 1284; x_wconf 88' lang='lat' dir='ltr'>codd.</span> <span class='ocrx_word' id='word_1_357' title='bbox 1984 1245 2148 1292; x_wconf 69' lang='lat' dir='ltr'>habent,</span> 
     </span>
     <span class='ocr_line' id='line_1_55' title="bbox 1164 1295 2149 1335; baseline 0.002 -2"><span class='ocrx_word' id='word_1_358' title='bbox 1164 1298 1230 1333; x_wconf 78' lang='lat' dir='ltr'>Tot</span> <span class='ocrx_word' id='word_1_359' title='bbox 1252 1299 1414 1334; x_wconf 78' lang='lat' dir='ltr'>Graeciae</span> <span class='ocrx_word' id='word_1_360' title='bbox 1433 1296 1539 1334; x_wconf 78' lang='lat' dir='ltr'>urbes.</span> <span class='ocrx_word' id='word_1_361' title='bbox 1567 1295 1764 1333; x_wconf 83' lang='lat' dir='ltr'><strong>VORST.</strong></span> <span class='ocrx_word' id='word_1_362' title='bbox 1793 1296 1874 1333; x_wconf 88' lang='lat' dir='ltr'>MS.</span> <span class='ocrx_word' id='word_1_363' title='bbox 1903 1299 2149 1335; x_wconf 58' lang='lat' dir='ltr'>TofGraeciae</span> 
     </span>
     <span class='ocr_line' id='line_1_56' title="bbox 1165 1347 2146 1397; baseline 0.002 -13"><span class='ocrx_word' id='word_1_364' title='bbox 1165 1348 1271 1388; x_wconf 82' lang='lat' dir='ltr'>urbes.</span> <span class='ocrx_word' id='word_1_365' title='bbox 1323 1348 1442 1397; x_wconf 88' lang='lat' dir='ltr'>Quod</span> <span class='ocrx_word' id='word_1_366' title='bbox 1474 1348 1656 1397; x_wconf 86' lang='lat' dir='ltr'>praefero.</span> <span class='ocrx_word' id='word_1_367' title='bbox 1719 1347 1832 1384; x_wconf 89' lang='lat' dir='ltr'>Erant</span> <span class='ocrx_word' id='word_1_368' title='bbox 1862 1348 1962 1386; x_wconf 89' lang='lat' dir='ltr'>enim</span> <span class='ocrx_word' id='word_1_369' title='bbox 1993 1349 2029 1385; x_wconf 68' lang='grc' dir='ltr'>ὃς</span> <span class='ocrx_word' id='word_1_370' title='bbox 2063 1348 2146 1387; x_wconf 87' lang='lat' dir='ltr'>illae</span> 
     </span>
     <span class='ocr_line' id='line_1_57' title="bbox 1168 1398 2148 1443; baseline 0 -6"><span class='ocrx_word' id='word_1_371' title='bbox 1168 1400 1377 1437; x_wconf 86' lang='lat' dir='ltr'>maritimae</span> <span class='ocrx_word' id='word_1_372' title='bbox 1397 1398 1580 1437; x_wconf 77' lang='lat' dir='ltr'>Asiaticae</span> <span class='ocrx_word' id='word_1_373' title='bbox 1601 1399 1707 1436; x_wconf 87' lang='lat' dir='ltr'>urbes</span> <span class='ocrx_word' id='word_1_374' title='bbox 1727 1399 1894 1436; x_wconf 85' lang='lat' dir='ltr'>Graecae</span> <span class='ocrx_word' id='word_1_375' title='bbox 1910 1427 1920 1443; x_wconf 85' lang='lat'>‚</span> <span class='ocrx_word' id='word_1_376' title='bbox 1949 1398 2009 1437; x_wconf 86' lang='lat' dir='ltr'>vel</span> <span class='ocrx_word' id='word_1_377' title='bbox 2031 1399 2148 1437; x_wconf 87' lang='lat' dir='ltr'>Grae-</span> 
     </span>
     <span class='ocr_line' id='line_1_58' title="bbox 1169 1449 2145 1489; baseline -0.001 -1"><span class='ocrx_word' id='word_1_378' title='bbox 1169 1451 1258 1488; x_wconf 83' lang='lat' dir='ltr'>ciae.</span> <span class='ocrx_word' id='word_1_379' title='bbox 1289 1453 1326 1489; x_wconf 71' lang='grc' dir='ltr'>ὅ(</span> <span class='ocrx_word' id='word_1_380' title='bbox 1351 1450 1509 1488; x_wconf 88' lang='lat' dir='ltr'>celebres</span> <span class='ocrx_word' id='word_1_381' title='bbox 1533 1458 1634 1488; x_wconf 85' lang='lat' dir='ltr'>erant</span> <span class='ocrx_word' id='word_1_382' title='bbox 1663 1449 1797 1487; x_wconf 86' lang='lat' dir='ltr'>Graeci</span> <span class='ocrx_word' id='word_1_383' title='bbox 1818 1461 1860 1488; x_wconf 88' lang='lat' dir='ltr'>ac</span> <span class='ocrx_word' id='word_1_384' title='bbox 1883 1450 2033 1489; x_wconf 84' lang='lat' dir='ltr'>Asiatici</span> <span class='ocrx_word' id='word_1_385' title='bbox 2055 1450 2145 1487; x_wconf 83' lang='lat' dir='ltr'>deli-</span> 
     </span>
     <span class='ocr_line' id='line_1_59' title="bbox 1169 1501 2149 1551; baseline 0.001 -12"><span class='ocrx_word' id='word_1_386' title='bbox 1169 1503 1230 1539; x_wconf 86' lang='lat' dir='ltr'>ciis</span> <span class='ocrx_word' id='word_1_387' title='bbox 1249 1502 1340 1546; x_wconf 86' lang='lat' dir='ltr'>suis,</span> <span class='ocrx_word' id='word_1_388' title='bbox 1371 1503 1408 1539; x_wconf 86' lang='lat'>&amp;</span> <span class='ocrx_word' id='word_1_389' title='bbox 1430 1502 1565 1539; x_wconf 88' lang='lat' dir='ltr'>habent</span> <span class='ocrx_word' id='word_1_390' title='bbox 1597 1502 1645 1538; x_wconf 89' lang='lat' dir='ltr'>ita</span> <span class='ocrx_word' id='word_1_391' title='bbox 1677 1501 1842 1551; x_wconf 84' lang='lat' dir='ltr'>plerique</span> <span class='ocrx_word' id='word_1_392' title='bbox 1861 1501 1985 1540; x_wconf 89' lang='lat' dir='ltr'>Codd.</span> <span class='ocrx_word' id='word_1_393' title='bbox 2013 1502 2149 1540; x_wconf 83' lang='lat' dir='ltr'><strong>PERI-</strong></span> 
     </span>
     <span class='ocr_line' id='line_1_60' title="bbox 1167 1552 2148 1591; baseline -0.001 0"><span class='ocrx_word' id='word_1_394' title='bbox 1167 1554 1292 1591; x_wconf 90' lang='lat' dir='ltr'><strong>ZON.</strong></span> <span class='ocrx_word' id='word_1_395' title='bbox 1322 1553 1364 1590; x_wconf 89' lang='lat' dir='ltr'>In</span> <span class='ocrx_word' id='word_1_396' title='bbox 1388 1553 1496 1591; x_wconf 88' lang='lat' dir='ltr'><strong>MSS.</strong></span> <span class='ocrx_word' id='word_1_397' title='bbox 1523 1552 1703 1591; x_wconf 90' lang='lat' dir='ltr'>tredecim</span> <span class='ocrx_word' id='word_1_398' title='bbox 1728 1553 1883 1591; x_wconf 85' lang='lat' dir='ltr'>invenio</span> <span class='ocrx_word' id='word_1_399' title='bbox 1916 1564 1966 1590; x_wconf 78' lang='lat' dir='ltr'>tot</span> <span class='ocrx_word' id='word_1_400' title='bbox 1990 1555 2148 1590; x_wconf 74' lang='lat' dir='ltr'>Graeciae</span> 
     </span>
     <span class='ocr_line' id='line_1_61' title="bbox 1167 1603 2152 1654; baseline 0.001 -14"><span class='ocrx_word' id='word_1_401' title='bbox 1167 1605 1274 1642; x_wconf 75' lang='lat' dir='ltr'>urbes.</span> <span class='ocrx_word' id='word_1_402' title='bbox 1327 1605 1370 1642; x_wconf 80' lang='lat' dir='ltr'>In</span> <span class='ocrx_word' id='word_1_403' title='bbox 1401 1613 1563 1654; x_wconf 81' lang='lat' dir='ltr'>quatuor</span> <span class='ocrx_word' id='word_1_404' title='bbox 1587 1603 1691 1641; x_wconf 84' lang='lat' dir='ltr'>Med.</span> <span class='ocrx_word' id='word_1_405' title='bbox 1718 1605 1821 1640; x_wconf 65' lang='lat' dir='ltr'>totius</span> <span class='ocrx_word' id='word_1_406' title='bbox 1844 1606 2004 1640; x_wconf 64' lang='lat' dir='ltr'>Graeciae</span> <span class='ocrx_word' id='word_1_407' title='bbox 2033 1605 2152 1650; x_wconf 78' lang='lat' dir='ltr'>urbes,</span> 
     </span>
     <span class='ocr_line' id='line_1_62' title="bbox 1170 1654 2152 1703; baseline -0.001 -10"><span class='ocrx_word' id='word_1_408' title='bbox 1170 1663 1209 1693; x_wconf 92' lang='lat' dir='ltr'>ut</span> <span class='ocrx_word' id='word_1_409' title='bbox 1230 1656 1344 1703; x_wconf 88' lang='lat' dir='ltr'>vulgo</span> <span class='ocrx_word' id='word_1_410' title='bbox 1372 1655 1557 1694; x_wconf 87' lang='lat' dir='ltr'>edebatur.</span> <span class='ocrx_word' id='word_1_411' title='bbox 1610 1655 1653 1692; x_wconf 93' lang='lat' dir='ltr'>In</span> <span class='ocrx_word' id='word_1_412' title='bbox 1686 1654 1793 1692; x_wconf 90' lang='lat' dir='ltr'>Leid.</span> <span class='ocrx_word' id='word_1_413' title='bbox 1815 1655 1923 1703; x_wconf 88' lang='lat' dir='ltr'>prim.</span> <span class='ocrx_word' id='word_1_414' title='bbox 1950 1667 2022 1692; x_wconf 76' lang='lat' dir='ltr'>tota</span> <span class='ocrx_word' id='word_1_415' title='bbox 2045 1659 2152 1692; x_wconf 80' lang='lat' dir='ltr'>Grae-</span> 
     </span>
     <span class='ocr_line' id='line_1_63' title="bbox 1168 1706 2149 1756; baseline 0.001 -13"><span class='ocrx_word' id='word_1_416' title='bbox 1168 1709 1217 1743; x_wconf 81' lang='lat' dir='ltr'>cia</span> <span class='ocrx_word' id='word_1_417' title='bbox 1248 1707 1357 1744; x_wconf 77' lang='lat' dir='ltr'>urbes.</span> <span class='ocrx_word' id='word_1_418' title='bbox 1408 1707 1528 1756; x_wconf 89' lang='lat' dir='ltr'>Quod</span> <span class='ocrx_word' id='word_1_419' title='bbox 1561 1706 1652 1743; x_wconf 89' lang='lat' dir='ltr'>mihi</span> <span class='ocrx_word' id='word_1_420' title='bbox 1673 1717 1828 1756; x_wconf 87' lang='lat' dir='ltr'>quoque</span> <span class='ocrx_word' id='word_1_421' title='bbox 1856 1718 1933 1743; x_wconf 89' lang='lat' dir='ltr'>non</span> <span class='ocrx_word' id='word_1_422' title='bbox 1963 1706 2149 1756; x_wconf 81' lang='lat' dir='ltr'>displicet;</span> 
     </span>
     <span class='ocr_line' id='line_1_64' title="bbox 1170 1758 2159 1808; baseline 0.001 -13"><span class='ocrx_word' id='word_1_423' title='bbox 1170 1758 1341 1808; x_wconf 79' lang='lat' dir='ltr'>quamvis</span> <span class='ocrx_word' id='word_1_424' title='bbox 1375 1770 1505 1807; x_wconf 87' lang='lat' dir='ltr'>parum</span> <span class='ocrx_word' id='word_1_425' title='bbox 1535 1758 1693 1802; x_wconf 86' lang='lat' dir='ltr'>referat,</span> <span class='ocrx_word' id='word_1_426' title='bbox 1729 1765 1853 1795; x_wconf 84' lang='lat' dir='ltr'>utrum</span> <span class='ocrx_word' id='word_1_427' title='bbox 1881 1758 1929 1795; x_wconf 87' lang='lat' dir='ltr'>ita</span> <span class='ocrx_word' id='word_1_428' title='bbox 1959 1758 2075 1806; x_wconf 83' lang='lat' dir='ltr'>legas,</span> <span class='ocrx_word' id='word_1_429' title='bbox 2104 1770 2159 1796; x_wconf 77' lang='lat' dir='ltr'>an</span> 
     </span>
     <span class='ocr_line' id='line_1_65' title="bbox 1169 1808 2154 1860; baseline 0.002 -14"><span class='ocrx_word' id='word_1_430' title='bbox 1169 1821 1220 1846; x_wconf 72' lang='lat' dir='ltr'>tot</span> <span class='ocrx_word' id='word_1_431' title='bbox 1243 1812 1402 1846; x_wconf 77' lang='lat' dir='ltr'>Graeciae</span> <span class='ocrx_word' id='word_1_432' title='bbox 1423 1810 1528 1847; x_wconf 74' lang='lat' dir='ltr'>nrbes.</span> <span class='ocrx_word' id='word_1_433' title='bbox 1581 1811 1743 1860; x_wconf 80' lang='lat' dir='ltr'>Egregiae</span> <span class='ocrx_word' id='word_1_434' title='bbox 1759 1808 1863 1859; x_wconf 88' lang='lat' dir='ltr'>quod</span> <span class='ocrx_word' id='word_1_435' title='bbox 1886 1808 1985 1846; x_wconf 88' lang='lat' dir='ltr'>dedit</span> <span class='ocrx_word' id='word_1_436' title='bbox 2005 1810 2154 1858; x_wconf 79' lang='lat' dir='ltr'>Pighius</span> 
     </span>
     <span class='ocr_line' id='line_1_66' title="bbox 1171 1860 2048 1909; baseline -0.001 -10"><span class='ocrx_word' id='word_1_437' title='bbox 1171 1862 1298 1899; x_wconf 87' lang='lat' dir='ltr'>inveni</span> <span class='ocrx_word' id='word_1_438' title='bbox 1318 1862 1355 1898; x_wconf 89' lang='lat' dir='ltr'>in</span> <span class='ocrx_word' id='word_1_439' title='bbox 1372 1861 1440 1899; x_wconf 89' lang='lat' dir='ltr'><strong>Ed.</strong></span> <span class='ocrx_word' id='word_1_440' title='bbox 1461 1863 1570 1909; x_wconf 86' lang='lat' dir='ltr'><strong>Mog.</strong></span> <span class='ocrx_word' id='word_1_441' title='bbox 1599 1865 1636 1898; x_wconf 71' lang='grc' dir='ltr'>δε</span> <span class='ocrx_word' id='word_1_442' title='bbox 1659 1872 1735 1898; x_wconf 90' lang='lat' dir='ltr'>uno</span> <span class='ocrx_word' id='word_1_443' title='bbox 1759 1861 1841 1898; x_wconf 83' lang='lat' dir='ltr'>MS.</span> <span class='ocrx_word' id='word_1_444' title='bbox 1864 1860 2048 1898; x_wconf 82' lang='lat' dir='ltr'>Leidenfi.</span> 
     </span>
    </p>

    <p class='ocr_par' dir='ltr' id='par_1_21' title="bbox 1171 1910 2156 2616">
     <span class='ocr_line' id='line_1_67' title="bbox 1225 1910 2152 1962; baseline -0.002 -10"><span class='ocrx_word' id='word_1_445' title='bbox 1225 1927 1281 1952; x_wconf 86' lang='lat'><strong>10.</strong></span> <span class='ocrx_word' id='word_1_446' title='bbox 1301 1916 1491 1949; x_wconf 62' lang='lat' dir='ltr'>Munatius</span> <span class='ocrx_word' id='word_1_447' title='bbox 1513 1910 1639 1962; x_wconf 70' lang='lat' dir='ltr'>Rufus]</span> <span class='ocrx_word' id='word_1_448' title='bbox 1668 1912 1721 1950; x_wconf 86' lang='lat' dir='ltr'>Ita</span> <span class='ocrx_word' id='word_1_449' title='bbox 1738 1919 1894 1962; x_wconf 88' lang='lat' dir='ltr'>uterque</span> <span class='ocrx_word' id='word_1_450' title='bbox 1914 1912 1997 1950; x_wconf 89' lang='lat' dir='ltr'>cod.</span> <span class='ocrx_word' id='word_1_451' title='bbox 2017 1911 2152 1950; x_wconf 87' lang='lat' dir='ltr'>Brand.</span> 
     </span>
     <span class='ocr_line' id='line_1_68' title="bbox 1173 1962 2151 2014; baseline -0.001 -12"><span class='ocrx_word' id='word_1_452' title='bbox 1173 1965 1211 2002; x_wconf 84' lang='lat'>&amp;</span> <span class='ocrx_word' id='word_1_453' title='bbox 1232 1973 1375 2002; x_wconf 83' lang='lat' dir='ltr'>veteres</span> <span class='ocrx_word' id='word_1_454' title='bbox 1397 1965 1493 2014; x_wconf 87' lang='lat' dir='ltr'>typis</span> <span class='ocrx_word' id='word_1_455' title='bbox 1514 1963 1676 2012; x_wconf 83' lang='lat' dir='ltr'>expreffi.</span> <span class='ocrx_word' id='word_1_456' title='bbox 1728 1962 1874 2011; x_wconf 87' lang='lat' dir='ltr'>Pighius</span> <span class='ocrx_word' id='word_1_457' title='bbox 1888 1992 1898 2007; x_wconf 95' lang='lat'>,</span> <span class='ocrx_word' id='word_1_458' title='bbox 1925 1964 2049 2002; x_wconf 88' lang='lat' dir='ltr'>nescio</span> <span class='ocrx_word' id='word_1_459' title='bbox 2078 1976 2151 2014; x_wconf 83' lang='lat' dir='ltr'>qua</span> 
     </span>
     <span class='ocr_line' id='line_1_69' title="bbox 1173 2014 2152 2065; baseline -0.001 -12"><span class='ocrx_word' id='word_1_460' title='bbox 1173 2015 1219 2053; x_wconf 91' lang='lat' dir='ltr'>de</span> <span class='ocrx_word' id='word_1_461' title='bbox 1250 2014 1367 2054; x_wconf 76' lang='lat' dir='ltr'>caussa</span> <span class='ocrx_word' id='word_1_462' title='bbox 1390 2044 1399 2059; x_wconf 95' lang='lat'>‚</span> <span class='ocrx_word' id='word_1_463' title='bbox 1439 2014 1569 2053; x_wconf 85' lang='lat' dir='ltr'>maluit</span> <span class='ocrx_word' id='word_1_464' title='bbox 1597 2016 1807 2058; x_wconf 82' lang='lat' dir='ltr'>Minatius;</span> <span class='ocrx_word' id='word_1_465' title='bbox 1845 2015 2031 2065; x_wconf 88' lang='lat' dir='ltr'>secutique</span> <span class='ocrx_word' id='word_1_466' title='bbox 2063 2026 2152 2052; x_wconf 87' lang='lat' dir='ltr'>eum</span> 
     </span>
     <span class='ocr_line' id='line_1_70' title="bbox 1172 2066 2156 2111; baseline -0.002 -7"><span class='ocrx_word' id='word_1_467' title='bbox 1172 2066 1254 2105; x_wconf 83' lang='lat' dir='ltr'>sunt</span> <span class='ocrx_word' id='word_1_468' title='bbox 1271 2067 1340 2104; x_wconf 79' lang='lat' dir='ltr'>alii.</span> <span class='ocrx_word' id='word_1_469' title='bbox 1367 2067 1563 2105; x_wconf 83' lang='lat' dir='ltr'><strong>VORST.</strong></span> <span class='ocrx_word' id='word_1_470' title='bbox 1590 2066 1699 2105; x_wconf 89' lang='lat' dir='ltr'><strong>MSS.</strong></span> <span class='ocrx_word' id='word_1_471' title='bbox 1719 2069 1905 2102; x_wconf 67' lang='lat' dir='ltr'>Mnnacins</span> <span class='ocrx_word' id='word_1_472' title='bbox 1920 2094 1930 2110; x_wconf 94' lang='lat'><strong>‚</strong></span> <span class='ocrx_word' id='word_1_473' title='bbox 1950 2069 2156 2111; x_wconf 76' lang='lat' dir='ltr'>Mimacius,</span> 
     </span>
     <span class='ocr_line' id='line_1_71' title="bbox 1174 2119 2154 2163; baseline 0.002 -11"><span class='ocrx_word' id='word_1_474' title='bbox 1174 2120 1373 2163; x_wconf 74' lang='lat' dir='ltr'>Minucius,</span> <span class='ocrx_word' id='word_1_475' title='bbox 1402 2120 1586 2154; x_wconf 56' lang='lat' dir='ltr'>Nummius</span> <span class='ocrx_word' id='word_1_476' title='bbox 1600 2146 1610 2162; x_wconf 92' lang='lat'>‚</span> <span class='ocrx_word' id='word_1_477' title='bbox 1635 2120 1795 2162; x_wconf 75' lang='lat' dir='ltr'>Mutius,</span> <span class='ocrx_word' id='word_1_478' title='bbox 1820 2119 2025 2156; x_wconf 70' lang='lat' dir='ltr'>Muriatius.</span> <span class='ocrx_word' id='word_1_479' title='bbox 2054 2119 2154 2155; x_wconf 72' lang='lat' dir='ltr'>Nota</span> 
     </span>
     <span class='ocr_line' id='line_1_72' title="bbox 1174 2169 2153 2217; baseline 0.001 -13"><span class='ocrx_word' id='word_1_480' title='bbox 1174 2169 1347 2213; x_wconf 84' lang='lat' dir='ltr'>Romae,</span> <span class='ocrx_word' id='word_1_481' title='bbox 1377 2170 1416 2207; x_wconf 64' lang='grc' dir='ltr'>ὃς</span> <span class='ocrx_word' id='word_1_482' title='bbox 1444 2171 1630 2211; x_wconf 59' lang='lat' dir='ltr'>Mirrada,</span> <span class='ocrx_word' id='word_1_483' title='bbox 1667 2169 1705 2206; x_wconf 72' lang='grc' dir='ltr'>δί</span> <span class='ocrx_word' id='word_1_484' title='bbox 1733 2172 1899 2205; x_wconf 72' lang='lat' dir='ltr'>Munatiae</span> <span class='ocrx_word' id='word_1_485' title='bbox 1923 2180 2024 2217; x_wconf 85' lang='lat' dir='ltr'>gens.</span> <span class='ocrx_word' id='word_1_486' title='bbox 2077 2169 2153 2207; x_wconf 82' lang='lat' dir='ltr'>Hic</span> 
     </span>
     <span class='ocr_line' id='line_1_73' title="bbox 1173 2218 2149 2270; baseline 0.004 -16"><span class='ocrx_word' id='word_1_487' title='bbox 1173 2224 1265 2256; x_wconf 88' lang='lat' dir='ltr'>ver&#39;o</span> <span class='ocrx_word' id='word_1_488' title='bbox 1279 2246 1289 2261; x_wconf 89' lang='lat'>‚</span> <span class='ocrx_word' id='word_1_489' title='bbox 1319 2230 1404 2256; x_wconf 86' lang='lat' dir='ltr'>cum</span> <span class='ocrx_word' id='word_1_490' title='bbox 1427 2218 1510 2255; x_wconf 87' lang='lat' dir='ltr'>alibi</span> <span class='ocrx_word' id='word_1_491' title='bbox 1530 2231 1607 2256; x_wconf 90' lang='lat' dir='ltr'>non</span> <span class='ocrx_word' id='word_1_492' title='bbox 1628 2227 1881 2264; x_wconf 87' lang='lat' dir='ltr'>memoretur,</span> <span class='ocrx_word' id='word_1_493' title='bbox 1911 2232 1956 2257; x_wconf 86' lang='lat' dir='ltr'>ex</span> <span class='ocrx_word' id='word_1_494' title='bbox 1974 2231 2045 2270; x_wconf 89' lang='lat' dir='ltr'>qua</span> <span class='ocrx_word' id='word_1_495' title='bbox 2069 2221 2149 2258; x_wconf 64' lang='lat' dir='ltr'>fue-²</span> 
     </span>
     <span class='ocr_line' id='line_1_74' title="bbox 1174 2268 2149 2309; baseline 0.002 -4"><span class='ocrx_word' id='word_1_496' title='bbox 1174 2269 1220 2306; x_wconf 88' lang='lat' dir='ltr'>rit</span> <span class='ocrx_word' id='word_1_497' title='bbox 1240 2268 1391 2306; x_wconf 88' lang='lat' dir='ltr'>definire</span> <span class='ocrx_word' id='word_1_498' title='bbox 1411 2269 1596 2308; x_wconf 90' lang='lat' dir='ltr'>incertum</span> <span class='ocrx_word' id='word_1_499' title='bbox 1622 2269 1679 2306; x_wconf 86' lang='lat' dir='ltr'>est.</span> <span class='ocrx_word' id='word_1_500' title='bbox 1719 2270 1821 2308; x_wconf 86' lang='lat' dir='ltr'>Nota</span> <span class='ocrx_word' id='word_1_501' title='bbox 1841 2271 1990 2308; x_wconf 89' lang='lat' dir='ltr'>interim</span> <span class='ocrx_word' id='word_1_502' title='bbox 2013 2272 2074 2309; x_wconf 86' lang='lat' dir='ltr'>hic</span> <span class='ocrx_word' id='word_1_503' title='bbox 2096 2283 2149 2307; x_wconf 76' lang='lat' dir='ltr'>er-</span> 
     </span>
     <span class='ocr_line' id='line_1_75' title="bbox 1172 2320 2148 2371; baseline 0 -14"><span class='ocrx_word' id='word_1_504' title='bbox 1172 2331 1298 2357; x_wconf 89' lang='lat' dir='ltr'>rorem</span> <span class='ocrx_word' id='word_1_505' title='bbox 1333 2321 1457 2369; x_wconf 86' lang='lat' dir='ltr'>magni</span> <span class='ocrx_word' id='word_1_506' title='bbox 1479 2323 1512 2366; x_wconf 87' lang='lat' dir='ltr'>J.</span> <span class='ocrx_word' id='word_1_507' title='bbox 1536 2321 1582 2359; x_wconf 89' lang='lat' dir='ltr'>G.</span> <span class='ocrx_word' id='word_1_508' title='bbox 1601 2320 1744 2365; x_wconf 84' lang='lat' dir='ltr'>Voffii,</span> <span class='ocrx_word' id='word_1_509' title='bbox 1773 2322 1839 2371; x_wconf 81' lang='lat' dir='ltr'>qui</span> <span class='ocrx_word' id='word_1_510' title='bbox 1866 2321 1912 2360; x_wconf 89' lang='lat' dir='ltr'>de</span> <span class='ocrx_word' id='word_1_511' title='bbox 1944 2323 2035 2360; x_wconf 86' lang='lat' dir='ltr'>Hist.</span> <span class='ocrx_word' id='word_1_512' title='bbox 2067 2324 2148 2358; x_wconf 82' lang='lat' dir='ltr'>Lat.</span> 
     </span>
     <span class='ocr_line' id='line_1_76' title="bbox 1175 2371 2148 2423; baseline -0.001 -15"><span class='ocrx_word' id='word_1_513' title='bbox 1175 2371 1221 2408; x_wconf 94' lang='lat' dir='ltr'><strong>L.</strong></span> <span class='ocrx_word' id='word_1_514' title='bbox 1238 2384 1314 2421; x_wconf 78' lang='lat'><strong>1.5.</strong></span> <span class='ocrx_word' id='word_1_515' title='bbox 1338 2373 1453 2410; x_wconf 89' lang='lat' dir='ltr'>Hunc</span> <span class='ocrx_word' id='word_1_516' title='bbox 1466 2374 1672 2409; x_wconf 71' lang='lat' dir='ltr'>Munatium</span> <span class='ocrx_word' id='word_1_517' title='bbox 1695 2372 1886 2423; x_wconf 77' lang='lat' dir='ltr'>aequalem</span> <span class='ocrx_word' id='word_1_518' title='bbox 1914 2372 2148 2411; x_wconf 82' lang='lat' dir='ltr'>facitCatoni</span> 
     </span>
     <span class='ocr_line' id='line_1_77' title="bbox 1174 2423 2148 2472; baseline -0.002 -12"><span class='ocrx_word' id='word_1_519' title='bbox 1174 2423 1333 2472; x_wconf 86' lang='lat' dir='ltr'>majori,</span> <span class='ocrx_word' id='word_1_520' title='bbox 1355 2435 1440 2461; x_wconf 88' lang='lat' dir='ltr'>cum</span> <span class='ocrx_word' id='word_1_521' title='bbox 1460 2435 1539 2461; x_wconf 90' lang='lat' dir='ltr'>non</span> <span class='ocrx_word' id='word_1_522' title='bbox 1561 2423 1648 2461; x_wconf 86' lang='lat' dir='ltr'>huic</span> <span class='ocrx_word' id='word_1_523' title='bbox 1669 2423 1840 2462; x_wconf 80' lang='lat' dir='ltr'>mandata</span> <span class='ocrx_word' id='word_1_524' title='bbox 1864 2426 1974 2462; x_wconf 86' lang='lat' dir='ltr'>fuerit</span> <span class='ocrx_word' id='word_1_525' title='bbox 1997 2423 2148 2471; x_wconf 80' lang='lat' dir='ltr'>Cypria-</span> 
     </span>
     <span class='ocr_line' id='line_1_78' title="bbox 1173 2471 2145 2523; baseline -0.004 -12"><span class='ocrx_word' id='word_1_526' title='bbox 1173 2485 1214 2511; x_wconf 87' lang='lat' dir='ltr'>ca</span> <span class='ocrx_word' id='word_1_527' title='bbox 1249 2474 1437 2523; x_wconf 81' lang='lat' dir='ltr'>expeditio</span> <span class='ocrx_word' id='word_1_528' title='bbox 1461 2502 1471 2519; x_wconf 89' lang='lat'>,</span> <span class='ocrx_word' id='word_1_529' title='bbox 1509 2474 1570 2513; x_wconf 89' lang='lat' dir='ltr'>sed</span> <span class='ocrx_word' id='word_1_530' title='bbox 1601 2475 1739 2512; x_wconf 88' lang='lat' dir='ltr'>minori</span> <span class='ocrx_word' id='word_1_531' title='bbox 1765 2477 1827 2513; x_wconf 88' lang='lat' dir='ltr'>seu</span> <span class='ocrx_word' id='word_1_532' title='bbox 1856 2473 2028 2513; x_wconf 75' lang='lat' dir='ltr'>Uticenfi.</span> <span class='ocrx_word' id='word_1_533' title='bbox 2100 2471 2145 2508; x_wconf 89' lang='lat' dir='ltr'>In</span> 
     </span>
     <span class='ocr_line' id='line_1_79' title="bbox 1171 2526 2148 2576; baseline -0.001 -15"><span class='ocrx_word' id='word_1_534' title='bbox 1171 2540 1237 2562; x_wconf 77' lang='lat' dir='ltr'>non</span> <span class='ocrx_word' id='word_1_535' title='bbox 1253 2528 1453 2576; x_wconf 68' lang='lat' dir='ltr'>amplec‘hr,</span> <span class='ocrx_word' id='word_1_536' title='bbox 1467 2526 1692 2565; x_wconf 85' lang='lat' dir='ltr'>Cod.Periz.</span> <span class='ocrx_word' id='word_1_537' title='bbox 1723 2526 1820 2565; x_wconf 87' lang='lat' dir='ltr'>delet</span> <span class='ocrx_word' id='word_1_538' title='bbox 1838 2527 2045 2575; x_wconf 79' lang='lat' dir='ltr'>negativam</span> <span class='ocrx_word' id='word_1_539' title='bbox 2067 2534 2148 2570; x_wconf 87' lang='lat' dir='ltr'>par-</span> 
     </span>
     <span class='ocr_line' id='line_1_80' title="bbox 1174 2577 1508 2616; baseline 0.003 -1"><span class='ocrx_word' id='word_1_540' title='bbox 1174 2577 1339 2616; x_wconf 90' lang='lat' dir='ltr'>ticulam.</span> <span class='ocrx_word' id='word_1_541' title='bbox 1393 2577 1508 2616; x_wconf 88' lang='lat' dir='ltr'>Male.</span> 
     </span>
    </p>
   </div>
   <div class='ocr_carea' id='block_1_20' title="bbox 1170 2638 2156 3033">
    <p class='ocr_par' dir='ltr' id='par_1_22' title="bbox 1170 2638 2156 3033">
     <span class='ocr_line' id='line_1_81' title="bbox 1227 2638 2150 2692; baseline -0.009 -11"><span class='ocrx_word' id='word_1_542' title='bbox 1227 2656 1283 2682; x_wconf 83' lang='lat'><strong>11.</strong></span> <span class='ocrx_word' id='word_1_543' title='bbox 1311 2645 1463 2692; x_wconf 74' lang='lat' dir='ltr'>Drufhm</span> <span class='ocrx_word' id='word_1_544' title='bbox 1490 2643 1592 2680; x_wconf 72' lang='lat' dir='ltr'>etiam</span> <span class='ocrx_word' id='word_1_545' title='bbox 1612 2643 1838 2680; x_wconf 71' lang='lat' dir='ltr'>Germanicum</span> <span class='ocrx_word' id='word_1_546' title='bbox 1867 2640 2020 2676; x_wconf 76' lang='lat' dir='ltr'>eximiam</span> <span class='ocrx_word' id='word_1_547' title='bbox 2044 2638 2150 2674; x_wconf 76' lang='lat' dir='ltr'>Clau-</span> 
     </span>
     <span class='ocr_line' id='line_1_82' title="bbox 1170 2690 2148 2746; baseline -0.008 -14"><span class='ocrx_word' id='word_1_548' title='bbox 1170 2694 1249 2733; x_wconf 76' lang='lat' dir='ltr'>diae</span> <span class='ocrx_word' id='word_1_549' title='bbox 1267 2697 1424 2743; x_wconf 85' lang='lat' dir='ltr'>familiae</span> <span class='ocrx_word' id='word_1_550' title='bbox 1445 2696 1616 2746; x_wconf 80' lang='lat' dir='ltr'>gloriam,</span> <span class='ocrx_word' id='word_1_551' title='bbox 1637 2698 1778 2741; x_wconf 59' lang='lat' dir='ltr'>fratrem</span> <span class='ocrx_word' id='word_1_552' title='bbox 1796 2691 1917 2726; x_wconf 73' lang='lat' dir='ltr'>Tiberii</span> <span class='ocrx_word' id='word_1_553' title='bbox 1947 2690 2148 2739; x_wconf 72' lang='lat' dir='ltr'>patriaeque</span> 
     </span>
     <span class='ocr_line' id='line_1_83' title="bbox 1170 2741 2147 2796; baseline -0.009 -12"><span class='ocrx_word' id='word_1_554' title='bbox 1170 2762 1284 2784; x_wconf 69' lang='lat' dir='ltr'>rarum</span> <span class='ocrx_word' id='word_1_555' title='bbox 1305 2745 1548 2796; x_wconf 78' lang='lat' dir='ltr'>ornamentum]</span> <span class='ocrx_word' id='word_1_556' title='bbox 1579 2743 1766 2783; x_wconf 67' lang='lat' dir='ltr'>Glossema</span> <span class='ocrx_word' id='word_1_557' title='bbox 1792 2742 1862 2785; x_wconf 82' lang='lat' dir='ltr'>est,</span> <span class='ocrx_word' id='word_1_558' title='bbox 1883 2744 2026 2788; x_wconf 72' lang='lat' dir='ltr'>fratrem</span> <span class='ocrx_word' id='word_1_559' title='bbox 2049 2741 2147 2776; x_wconf 78' lang='lat' dir='ltr'>Tibe-</span> 
     </span>
     <span class='ocr_line' id='line_1_84' title="bbox 1170 2792 2143 2848; baseline -0.007 -14"><span class='ocrx_word' id='word_1_560' title='bbox 1170 2800 1236 2843; x_wconf 78' lang='lat' dir='ltr'>rii,</span> <span class='ocrx_word' id='word_1_561' title='bbox 1266 2798 1371 2848; x_wconf 90' lang='lat' dir='ltr'>quod</span> <span class='ocrx_word' id='word_1_562' title='bbox 1390 2809 1435 2835; x_wconf 80' lang='lat' dir='ltr'>ex</span> <span class='ocrx_word' id='word_1_563' title='bbox 1454 2798 1591 2847; x_wconf 88' lang='lat' dir='ltr'>septem</span> <span class='ocrx_word' id='word_1_564' title='bbox 1614 2792 1859 2840; x_wconf 82' lang='lat' dir='ltr'>manuscriptis</span> <span class='ocrx_word' id='word_1_565' title='bbox 1891 2793 2051 2830; x_wconf 84' lang='lat' dir='ltr'>omnino</span> <span class='ocrx_word' id='word_1_566' title='bbox 2080 2804 2143 2828; x_wconf 84' lang='lat' dir='ltr'>ex-</span> 
     </span>
     <span class='ocr_line' id='line_1_85' title="bbox 1172 2842 2143 2894; baseline -0.01 -7"><span class='ocrx_word' id='word_1_567' title='bbox 1172 2849 1339 2887; x_wconf 82' lang='lat' dir='ltr'>cluditur.</span> <span class='ocrx_word' id='word_1_568' title='bbox 1372 2849 1512 2887; x_wconf 86' lang='lat' dir='ltr'><strong>PIGH.</strong></span> <span class='ocrx_word' id='word_1_569' title='bbox 1565 2849 1713 2894; x_wconf 75' lang='lat' dir='ltr'>Drufitm</span> <span class='ocrx_word' id='word_1_570' title='bbox 1741 2845 1977 2881; x_wconf 69' lang='lat' dir='ltr'>Germanicum.</span> <span class='ocrx_word' id='word_1_571' title='bbox 2006 2842 2087 2879; x_wconf 76' lang='lat' dir='ltr'>Fuit</span> <span class='ocrx_word' id='word_1_572' title='bbox 2115 2843 2143 2878; x_wconf 85' lang='lat' dir='ltr'>is</span> 
     </span>
     <span class='ocr_line' id='line_1_86' title="bbox 1175 2893 2142 2944; baseline -0.01 -6"><span class='ocrx_word' id='word_1_573' title='bbox 1175 2901 1321 2939; x_wconf 83' lang='lat' dir='ltr'>Claudii</span> <span class='ocrx_word' id='word_1_574' title='bbox 1351 2901 1512 2938; x_wconf 90' lang='lat' dir='ltr'>Neronis</span> <span class='ocrx_word' id='word_1_575' title='bbox 1533 2911 1576 2936; x_wconf 80' lang='lat' dir='ltr'>ex</span> <span class='ocrx_word' id='word_1_576' title='bbox 1596 2897 1726 2938; x_wconf 81' lang='lat' dir='ltr'>Livia,</span> <span class='ocrx_word' id='word_1_577' title='bbox 1753 2907 1849 2944; x_wconf 77' lang='lat' dir='ltr'>quae</span> <span class='ocrx_word' id='word_1_578' title='bbox 1877 2896 1955 2943; x_wconf 86' lang='lat' dir='ltr'>post</span> <span class='ocrx_word' id='word_1_579' title='bbox 1977 2893 2142 2931; x_wconf 62' lang='lat' dir='ltr'>Odi-avio</span> 
     </span>
     <span class='ocr_line' id='line_1_87' title="bbox 1175 2944 2156 3033; baseline -0.013 -42"><span class='ocrx_word' id='word_1_580' title='bbox 1175 2952 1315 3001; x_wconf 82' lang='lat' dir='ltr'>nupsit,</span> <span class='ocrx_word' id='word_1_581' title='bbox 1342 2952 1580 3002; x_wconf 75' lang='lat' dir='ltr'>Angustaque</span> <span class='ocrx_word' id='word_1_582' title='bbox 1604 2947 1696 2986; x_wconf 58' lang='lat' dir='ltr'>faeta</span> <span class='ocrx_word' id='word_1_583' title='bbox 1720 2945 1789 2992; x_wconf 84' lang='lat' dir='ltr'>est,</span> <span class='ocrx_word' id='word_1_584' title='bbox 1813 2945 1905 2985; x_wconf 85' lang='lat' dir='ltr'>filius</span> <span class='ocrx_word' id='word_1_585' title='bbox 1920 2975 1929 2992; x_wconf 90' lang='lat'>,</span> <span class='ocrx_word' id='word_1_586' title='bbox 1951 2948 1986 2984; x_wconf 64' lang='grc' dir='ltr'>ἃ</span> <span class='ocrx_word' id='word_1_587' title='bbox 2006 2944 2156 3033; x_wconf 47' lang='lat' dir='ltr'>*Ic‘jbegi</span> 
     </span>
    </p>

    <p class='ocr_par' dir='ltr' id='par_1_23' title="bbox 2035 3005 2154 3032">
     <span class='ocr_line' id='line_1_88' title="bbox 2035 3005 2154 3032; baseline 0 -1"><span class='ocrx_word' id='word_1_588' title='bbox 2035 3005 2099 3032; x_wconf 52' lang='lat' dir='ltr'>‘AC</span> <span class='ocrx_word' id='word_1_589' title='bbox 2115 3011 2120 3015; x_wconf 89' lang='lat'>&#39;</span> <span class='ocrx_word' id='word_1_590' title='bbox 2137 3014 2154 3026; x_wconf 84' lang='lat'>-·-</span> 
     </span>
    </p>
   </div>
  </div>
 </body>
</html>
