2516 3509
212 111 779 170 EXERcrrA‘rio
818 111 921 166 AD
962 111 1134 170 VAL.
1171 113 1367 174 MAX.
1410 115 1987 185 L113.V11.CAP.V·II.
2027 149 2133 208 905

138 221 264 269 civili
293 220 515 280 obvenit,
549 219 622 267 sed
655 219 883 267 bonorum
914 219 1222 284 poffeffionem
1255 238 1312 269 ex
1341 223 1492 273 edieto
1513 227 1762 290 Praetoris,
1793 233 1982 298 adeptus
2015 237 2092 285 est,

204 291 467 333 Sacramenta
490 303 581 333 cum
599 285 885 347 adolestentulo
907 287 1165 348 contendere]
1205 288 1460 350 Sponfione
1480 292 1686 356 litigator
1712 313 1826 344 unus
1849 300 2035 347 alterum
2062 304 2135 349 so-·

141 350 262 399 lebat
286 367 563 414 provocare,
598 351 644 397 ni
668 366 768 397 vera
791 350 908 397 foret
932 349 1067 414 ipfius
1089 353 1309 410 intentio,
1344 353 1399 399 de
1420 354 1592 402 summa
1623 363 1864 421 pecuniae,
1899 382 2012 428 quae
2039 369 2129 432 ipsa

136 415 464 464 sacramentum
486 415 823 480 appellabatur,
858 416 968 462 teste
989 415 1123 462 Fe'sto
1146 434 1189 463 v.
1211 422 1551 478 Sacramentum,
1587 421 1635 468 &
1658 425 1841 486 quidem
1865 428 2131 492 deponenda

138 496 233 529 erat
264 481 384 545 apud
421 481 690 546 pontifices:
726 481 845 527 unde
875 479 1023 527 viGmr
1055 480 1174 529 suam
1211 484 1532 547 recuperabat,
1565 486 1674 533 victi
1705 506 1811 536 vero
1847 499 2039 556 pecunia
2074 499 2131 544 ad

137 548 356 593 aerarium
390 547 565 594 redibat
590 581 607 605 ‚
660 550 790 592 Varr.
826 548 875 593 de
901 549 1019 607 Ling.
1044 548 1190 593 Latin.
1224 550 1294 594 lib.
1314 565 1356 595 v.
1385 563 1430 609 p.
1451 564 1528 611 42.
1564 551 1699 597 Plura
1730 554 1894 604 habent
1925 560 2130 608 Budaeug

139 613 197 659 ad
223 613 460 659 Pandefi‘as
483 626 527 672 p.
550 610 623 658 28.
659 611 872 675 Sigonius
906 612 955 656 cle
972 612 1107 670 judic.
1143 613 1215 658 lib.
1241 628 1278 658 ι.
1311 628 1399 673 cap.
1424 629 1499 660 21.
1534 616 1779 665 Briss‘onius
1801 623 1849 667 de
1868 624 2038 679 formul,
2058 630 2132 672 lib,

139 693 184 722 v.
209 691 256 737 p.
283 682 388 740 369.
426 678 480 729 {9²
502 679 551 724 de
579 678 742 723 verbor.
767 677 1055 740 fignification.
1090 677 1132 722 h.
1165 679 1279 723 verb.
1349 678 1542 725 Diuum
1579 697 1686 726 vero
1718 684 1801 729 este
1829 702 1954 732 reum
1993 688 2131 737 sacra-

140 756 296 788 mento
318 741 404 788 effe
427 754 730 805 provocatum
756 741 811 787 ab
834 740 1009 798 astare,
1044 739 1187 803 ipsum
1212 755 1362 788 autern
1387 742 1660 791 sacramento
1683 751 1983 809 contendere,
2008 756 2133 816 quod

140 819 273 870 putat
309 807 524 871 Sigonius
548 841 564 867 ,
608 805 772 852 dubito
807 822 862 851 an
896 819 1117 868 perpetuo
1154 805 1438 853 observatum
1477 807 1546 854 fit.
1590 823 1713 857 certe
1741 813 1909 861 dicitur
1945 819 2131 866 noluiffe

141 871 417 917 contendere
437 873 499 930 is,
534 871 612 935 qui
636 870 856 917 debuiss'et
879 885 1037 934 agere,
1071 885 1161 930 cap.
1183 872 1270 932 ssq.
1307 890 1370 918 ex.
1410 887 1450 917 z.

204 934 385 983 Tabulas
407 937 661 997 testamenti]
701 937 823 981 Ante
848 933 1021 980 dixerat
1045 936 1356 995 testamentum,
1392 937 1508 983 inter
1530 955 1641 1001 quae
1661 940 1755 986 duo
1780 943 1824 988 in
1844 945 1945 1007 jure
1978 947 2130 995 nostro

138 999 369 1048 distinetio
401 1001 463 1047 est
497 1001 717 1047 notanda:
756 1012 965 1046 accurate
997 998 1030 1046 fi
1062 1001 1328 1062 loquamur,
1365 1002 1678 1050 testamentum
1713 1006 1776 1051 est
1806 1010 1993 1057 verbum
2019 1014 2131 1075 juris

142 1066 312 1124 civilis,
348 1065 531 1129 vimque
565 1064 703 1111 habet
733 1065 871 1127 legis3
908 1064 964 1110 de
989 1080 1082 1126 quo
1108 1067 1202 1127 jam
1236 1065 1448 1111 diximus.
1482 1068 1689 1114 Tabulae
1720 1087 1828 1117 vero
1855 1074 2130 1136 testamenti,

140 1131 305 1194 quibus
327 1130 474 1177 verbis
500 1131 567 1176 uti
593 1129 703 1176 solet
728 1132 939 1187 Praetor,
964 1144 1130 1192 corpus
1155 1129 1337 1192 aliquod
1364 1130 1410 1177 ὃ(
1427 1146 1518 1177 rem
1544 1132 1703 1180 saetam
1730 1135 1946 1185 denotant
1961 1162 1976 1196 3
2006 1143 2132 1203 quod

141 1195 257 1242 bene
291 1195 546 1242 observavit
576 1195 638 1241 V.
673 1194 730 1240 C.
766 1196 875 1241 Ant.
911 1193 1057 1240 Faber
1089 1195 1137 1239 de
1170 1198 1338 1240 errorib.
1369 1202 1663 1257 pragmaticor.
1697 1201 1835 1247 decad.
1876 1217 1947 1266 30.
1981 1222 2060 1251 err.
2083 1205 2131 1253 8,

139 1278 177 1308 n.
211 1278 256 1322 4.
294 1260 404 1323 quid
429 1277 537 1306 vero
562 1275 642 1323 per
667 1260 838 1306 tabulas
863 1258 1168 1321 intelligatur,
1204 1259 1333 1323 plene
1355 1260 1491 1307 docet
1516 1261 1743 1324 Ulpianus
1774 1268 1801 1310 l.
1831 1283 1865 1312 1.
1893 1283 1958 1327 pr.
1995 1273 2053 1315 D.
2085 1272 2134 1317 de

138 1328 276 1372 bonor.
307 1327 526 1386 poffeffion.
549 1324 716 1386 secund.
751 1326 884 1370 mbul.
953 1324 1216 1386 Eademque
1245 1325 1418 1370 ratione
1438 1326 1623 1372 Praetor
1656 1345 1748 1374 non
1778 1329 1921 1378 defert
1954 1334 2130 1380 heredi-

137 1402 306 1449 tatem,
343 1390 468 1454 quod
490 1389 764 1437 beneficium
790 1389 854 1437 est
883 1388 1022 1452 legis,
1056 1390 1271 1448 Senatus,
1306 1391 1376 1435 vel
1404 1391 1650 1454 Principis,
1687 1392 1756 1438 sed
1779 1394 2006 1443 bonorum
2029 1398 2131 1462 pos-

137 1454 368 1502 sesfionem
395 1471 461 1515 pr.
500 1456 596 1516 Inst.
628 1456 676 1500 de
709 1456 845 1500 bonor.
875 1455 1129 1514 poffieffiom‘b.
1167 1470 1278 1516 quae
1308 1454 1442 1501 verba
1475 1472 1657 1519 quoque
1684 1457 1851 1504 Paetum
1885 1461 2130 1520 denotant;

139 1520 249 1567 licet
270 1536 315 1567 re
336 1520 425 1583 ipsa
448 1522 636 1567 Praetor
659 1520 704 1565 in
728 1522 821 1581 jure
844 1518 1072 1565 reddendo
1103 1519 1331 1565 bonorum
1361 1518 1645 1583 possessorem
1668 1538 1747 1583 per
1774 1526 1925 1570 omnia
1946 1543 2029 1588 pro
2050 1528 2130 1573 he..

141 1586 246 1632 rede
280 1585 453 1632 habeat.
499 1586 539 1630 d.
579 1598 648 1645 pr.
695 1578 794 1639 [aff.
829 1587 856 1630 l.
880 1600 916 1629 1.
952 1586 1034 1629 l.2.
1070 1586 1154 1644 l.3.
1206 1587 1266 1629 D.
1303 1585 1350 1630 de
1386 1587 1517 1630 bonor.
1545 1587 1806 1646 poffefflom'b.
1849 1589 2132 1655 affionesque

141 1649 452 1708 hereditarias,
488 1649 692 1713 quamvis
716 1651 821 1713 jure
854 1648 978 1694 civili
1011 1648 1213 1706 necilli,
1246 1664 1329 1694 nec
1362 1649 1408 1695 in
1430 1649 1560 1695 illum
1591 1666 1885 1714 competant,
1918 1666 2069 1702 tamen
2091 1658 2132 1703 ei

139 1715 462 1762 accommodet
494 1728 559 1772 pr.
593 1714 693 1775 Inst.
730 1715 780 1760 de
804 1725 959 1773 perpet.
992 1717 1060 1758 tit.
1095 1715 1349 1772 temporalib.
1381 1715 1618 1760 afflionibus.
1653 1729 1788 1778 atque
1819 1719 1866 1763 in
1896 1733 2000 1765 eum
2033 1721 2133 1767 red-

141 1781 242 1828 dat:
282 1797 387 1844 quas
420 1779 600 1827 fietitias
622 1791 758 1825 vocat
785 1778 1006 1841 Ulpianus
1028 1782 1097 1822 tit.
1119 1775 1190 1823 28.
1218 1785 1253 1832 §.
1275 1791 1346 1822 12..
1371 1777 1426 1823 ad
1449 1793 1583 1839 quem
1607 1780 1820 1826 nonnulla
1843 1784 2009 1830 notavi.
2040 1785 2131 1832 Ce-

139 1860 288 1893 terum
312 1845 466 1909 scripti
501 1843 684 1890 heredes
707 1857 891 1906 quoque
915 1854 1193 1905 potuerunt,
1230 1842 1324 1887 imo
1350 1840 1398 1887 &
1417 1841 1696 1902 debuerunt,
1729 1859 1881 1907 petere
1905 1847 2133 1898 bonorum

141 1910 452 1975 possessionem
476 1908 723 1956 secundum
756 1907 954 1965 tabulas,
987 1906 1059 1952 vel
1080 1922 1136 1952 ex
1156 1907 1425 1953 testamento
1446 1908 1737 1954 hereditatem
1762 1910 1905 1969 adire,
1942 1925 1992 1958 ut
2018 1927 2133 1960 tam-

143 1992 276 2038 quam
302 1975 497 2038 legitimi
522 1973 878 2021 cont1·adi‹3l:ores
903 1973 950 2018 in
973 1972 1064 2018 hoc
1091 1970 1271 2034 judicio
1308 1971 1485 2034 poffent
1519 1988 1804 2038 comparere:
1841 1975 1911 2022 sed
1943 1977 2133 2028 vistoria

142 2041 226 2088 filii
258 2039 344 2086 illis
373 2040 484 2085 haec
516 2038 714 2084 abstulit.

210 2110 269 2150 Et
291 2104 598 2165 aliquantulum
621 2102 857 2163 aaly'uvabat
884 2101 1074 2157 heredes,
1109 2101 1216 2160 quod
1234 2101 1305 2146 [Μ.
1326 2105 1524 2148 Annaeus
1545 2105 1588 2148 in
1612 2103 1827 2163 Sufenatis
1848 2106 2069 2167 familiam
2089 2125 2137 2156 ac

128 2172 260 2234 sacra
291 2167 537 2228 transterat]
580 2166 787 2213 Locutio
808 2165 918 2211 haec
951 2164 1178 2228 originem
1207 2165 1366 2211 habuit
1400 2182 1424 2211 a
1458 2166 1809 2226 sacris‚familiae
1838 2171 2003 2234 cuique
2034 2191 2138 2236 pro·

146 2237 281 2301 priis,
317 2250 369 2280 ac
405 2233 666 2295 frequenter
700 2231 746 2277 in
779 2233 876 2293 jure
906 2229 1025 2276 sacra
1058 2229 1193 2290 patris
1224 2229 1492 2292 usurpantur
1524 2248 1607 2293 pro
1643 2233 1864 2295 potestate
1889 2238 2021 2300 patris
2043 2240 2135 2285 vid.

141 2302 322 2362 Briffon.
357 2299 406 2345 de
432 2298 593 2344 verbor.
616 2296 908 2358 fignificotion.
930 2295 971 2339 h.
992 2312 1038 2340 v.
1075 2293 1146 2340 Ut
1165 2307 1316 2339 autem
1338 2295 1447 2341 haec
1469 2299 1583 2342 ratio
1606 2297 1821 2358 valuerit,
1856 2301 1977 2347 credi
1998 2301 2130 2350 debet

141 2370 175 2415 is
200 2365 423 2411 moriente
445 2361 634 2408 naturali
659 2375 785 2423 patre
817 2360 865 2404 in
887 2358 1113 2406 Sufenatis
1148 2357 1315 2405 familia
1347 2358 1500 2415 fuiffe3
1534 2377 1591 2406 ex
1624 2377 1673 2408 ea
1706 2364 1826 2410 enim
1863 2364 1894 2411 fi
1925 2366 2124 2425 exiisset,

140 2431 299 2479 eodem
334 2428 482 2476 fuisset
516 2425 744 2472 habendus
778 2425 912 2483 loco,
946 2440 997 2470 ac
1026 2423 1057 2469 fi
1080 2440 1104 2469 a
1129 2424 1317 2470 naturali
1342 2437 1466 2486 patre
1488 2424 1635 2471 fuisset
1658 2430 1986 2491 emancipatus,
2022 2439 2057 2485 ς.
2075 2446 2122 2489 4.

140 2498 239 2558 lnst.
274 2496 321 2541 de
352 2493 650 2540 exheredation.
686 2492 802 2538 liber.
836 2506 888 2535 ac
913 2491 986 2552 jus
1009 2488 1208 2534 naturale
1240 2488 1324 2534 filii
1352 2489 1601 2546 habuisset,
1633 2494 1720 2553 l.4.
1742 2495 1823 2552 fin.
1847 2497 1903 2537 D.
1928 2498 1969 2552 st
1991 2495 2126 2539 tubal.

137 2563 366 2624 testament.
401 2560 500 2605 null.
537 2557 689 2616 exstab.
724 2555 834 2601 Unde
860 2556 977 2602 liber.
1047 2553 1192 2614 Quod
1227 2567 1376 2600 autem
1403 2554 1559 2600 Festus
1592 2573 1635 2601 v.
1671 2569 1824 2614 myrtea
1846 2557 2022 2602 videtur
2049 2559 2119 2604 in-

140 2629 317 2680 dicare,
350 2623 515 2670 liberos
537 2623 582 2667 in
601 2620 897 2684 adoptionem
920 2618 1048 2664 datos
1073 2619 1263 2665 naturali
1290 2620 1405 2683 patri
1431 2618 1627 2666 mansisse
1647 2620 1767 2678 suos,
1797 2620 1981 2666 adduGla
2003 2637 2118 2684 quo-

141 2709 228 2758 que
249 2689 517 2738 au&oritate
539 2687 682 2734 Servii
706 2685 923 2748 Sulpicii,
951 2683 996 2728 id
1017 2699 1112 2730 non
1131 2695 1310 2730 tantum
1331 2684 1395 2730 est
1416 2684 1719 2730 duriusculum
1734 2718 1748 2742 ‚
1779 2698 1829 2730 ut
1854 2686 1898 2730 V
1905 2686 1939 2730 ir
1958 2685 2119 2732 ἀοᾶυε

134 2757 289 2807 scribit
305 2789 318 2812 ,
339 2753 411 2799 sed
433 2750 733 2798 falfiffimum:
768 2765 820 2796 ac
844 2749 944 2795 sunt
963 2747 1057 2794 illic
1082 2748 1296 2811 quaedam
1322 2766 1415 2796 non
1437 2762 1529 2795 tam
1554 2764 1610 2795 ex
1631 2749 1796 2795 schedis
1818 2749 1959 2808 Festi,
1983 2766 2119 2813 quarn

135 2817 457 2886 supplementis
478 2816 783 2862 recentiorum
797 2848 812 2873 ‚
836 2830 949 2877 quos
971 2813 1055 2860 hac
1081 2814 1129 2859 in
1150 2827 1276 2877 parte
1298 2814 1418 2878 sequi
1439 2831 1528 2860 non
1552 2814 1792 2876 possumus.
1825 2814 2003 2878 Tangit
2025 2815 2116 2863 hoc

138 2888 268 2938 Guil.
296 2883 567 2931 Ranchinus
598 2884 770 2926 Variar.
804 2883 983 2926 Leman.
1029 2880 1099 2925 lib.
1120 2893 1159 2924 1.
1194 2893 1278 2938 cap.
1309 2895 1348 2926 1.
1391 2879 1479 2926 Sed
1515 2879 1626 2925 nihil
1655 2879 1860 2924 extricat.

162 2954 286 3000 -lst
325 2953 466 2995 Divus
482 2945 694 3008 Augustus
707 2943 823 3007 ἐξα]
862 2943 1170 2991 Dubitatione
1188 2944 1365 3006 prorsus
1394 2959 1541 2990 carere
1561 2941 1820 2999 videbatur,
1853 2942 1976 3005 quod
1997 2942 2115 2989 filius

132 3020 274 3068 infans
292 3033 316 3063 a
339 3027 464 3080 patre
484 3010 782 3059 exheredatus
809 3007 1012 3057 adversus
1033 3011 1128 3073 ejus
1149 3008 1468 3056 testamentum
1494 3008 1675 3055 haberet
1697 3004 1935 3054 inofficiosi
1956 3023 2112 3071 quere-

1255 3074 1389 3137 Yyy
1430 3088 1497 3136 Π
2024 3071 2113 3119 lam
