<?xml version="1.0" encoding="UTF-8"?>
<!DOCTYPE html PUBLIC "-//W3C//DTD XHTML 1.0 Transitional//EN"
    "http://www.w3.org/TR/xhtml1/DTD/xhtml1-transitional.dtd">
<html xmlns="http://www.w3.org/1999/xhtml" xml:lang="en" lang="en">
 <head>
  <title>
</title>
<meta http-equiv="Content-Type" content="text/html;charset=utf-8" />
  <meta name='ocr-system' content='tesseract 3.04.00' />
  <meta name='ocr-capabilities' content='ocr_page ocr_carea ocr_par ocr_line ocrx_word'/>
</head>
<body>
  <div class='ocr_page' id='page_1' title='image "./librinovemfactor00valeuoft_0661.png"; bbox 0 0 2516 3509; ppageno 0'>
   <div class='ocr_carea' id='block_1_1' title="bbox 191 73 2070 158">
    <p class='ocr_par' dir='ltr' id='par_1_1' title="bbox 191 73 2070 158">
     <span class='ocr_line' id='line_1_1' title="bbox 191 73 2070 158; baseline 0.004 -23"><span class='ocrx_word' id='word_1_1' title='bbox 191 77 295 135; x_wconf 87' lang='lat' dir='ltr'>DE</span> <span class='ocrx_word' id='word_1_2' title='bbox 333 73 847 133; x_wconf 86' lang='lat' dir='ltr'><strong>MUTATIONE</strong></span> <span class='ocrx_word' id='word_1_3' title='bbox 890 75 1214 135; x_wconf 86' lang='lat' dir='ltr'>MORUM</span> <span class='ocrx_word' id='word_1_4' title='bbox 1254 78 1426 136; x_wconf 92' lang='lat' dir='ltr'>AUT</span> <span class='ocrx_word' id='word_1_5' title='bbox 1467 79 1927 139; x_wconf 83' lang='lat' dir='ltr'>FORTUNAE</span> <span class='ocrx_word' id='word_1_6' title='bbox 1954 86 2070 158; x_wconf 78' lang='lat'>607</span> 
     </span>
    </p>
   </div>
   <div class='ocr_carea' id='block_1_2' title="bbox 61 175 2274 677">
    <p class='ocr_par' dir='ltr' id='par_1_2' title="bbox 63 175 2066 490">
     <span class='ocr_line' id='line_1_2' title="bbox 68 175 2066 240; baseline 0.003 -10"><span class='ocrx_word' id='word_1_7' title='bbox 68 192 240 230; x_wconf 75' lang='lat' dir='ltr'>creatus</span> <span class='ocrx_word' id='word_1_8' title='bbox 273 178 350 224; x_wconf 90' lang='lat' dir='ltr'>est.</span> <span class='ocrx_word' id='word_1_9' title='bbox 419 175 577 236; x_wconf 84' lang='lat' dir='ltr'>Qem</span> <span class='ocrx_word' id='word_1_10' title='bbox 613 175 797 240; x_wconf 86' lang='lat' dir='ltr'>quidem</span> <span class='ocrx_word' id='word_1_11' title='bbox 832 176 1015 226; x_wconf 86' lang='lat' dir='ltr'>fortuna</span> <span class='ocrx_word' id='word_1_12' title='bbox 1059 186 1100 217; x_wconf 65' lang='lat'>45</span> <span class='ocrx_word' id='word_1_13' title='bbox 1140 180 1256 227; x_wconf 89' lang='lat' dir='ltr'>inter</span> <span class='ocrx_word' id='word_1_14' title='bbox 1291 196 1554 230; x_wconf 73' lang='lat' dir='ltr'>ornamenta</span> <span class='ocrx_word' id='word_1_15' title='bbox 1596 184 1645 231; x_wconf 73' lang='grc' dir='ltr'>δε</span> <span class='ocrx_word' id='word_1_16' title='bbox 1679 187 1901 234; x_wconf 84' lang='lat' dir='ltr'>dedecora</span> <span class='ocrx_word' id='word_1_17' title='bbox 1934 189 2066 236; x_wconf 86' lang='lat' dir='ltr'>alter-</span> 
     </span>
     <span class='ocr_line' id='line_1_3' title="bbox 65 255 2064 323; baseline -0.001 -13"><span class='ocrx_word' id='word_1_18' title='bbox 65 281 121 311; x_wconf 84' lang='lat' dir='ltr'>na</span> <span class='ocrx_word' id='word_1_19' title='bbox 154 263 268 309; x_wconf 64' lang='lat' dir='ltr'>vice⁴</span> <span class='ocrx_word' id='word_1_20' title='bbox 288 258 475 307; x_wconf 85' lang='lat' dir='ltr'>versavit</span> <span class='ocrx_word' id='word_1_21' title='bbox 497 292 512 318; x_wconf 85' lang='lat'>‚</span> <span class='ocrx_word' id='word_1_22' title='bbox 560 255 606 296; x_wconf 75' lang='lat'>4⁶</span> <span class='ocrx_word' id='word_1_23' title='bbox 653 258 903 306; x_wconf 79' lang='lat' dir='ltr'>consulatui</span> <span class='ocrx_word' id='word_1_24' title='bbox 937 261 1054 307; x_wconf 89' lang='lat' dir='ltr'>illius</span> <span class='ocrx_word' id='word_1_25' title='bbox 1088 260 1424 309; x_wconf 82' lang='lat' dir='ltr'>damnationem</span> <span class='ocrx_word' id='word_1_26' title='bbox 1447 298 1462 323; x_wconf 81' lang='lat'>,</span> <span class='ocrx_word' id='word_1_27' title='bbox 1513 265 1791 314; x_wconf 81' lang='lat' dir='ltr'>damnationi</span> <span class='ocrx_word' id='word_1_28' title='bbox 1835 269 2064 319; x_wconf 72' lang='lat' dir='ltr'>censuram</span> 
     </span>
     <span class='ocr_line' id='line_1_4' title="bbox 64 341 2062 410; baseline 0.005 -19"><span class='ocrx_word' id='word_1_29' title='bbox 64 342 342 409; x_wconf 85' lang='lat' dir='ltr'>subjiciendo</span> <span class='ocrx_word' id='word_1_30' title='bbox 369 359 377 388; x_wconf 94' lang='lat'><strong>:</strong></span> <span class='ocrx_word' id='word_1_31' title='bbox 426 341 475 388; x_wconf 69' lang='grc' dir='ltr'>δί</span> <span class='ocrx_word' id='word_1_32' title='bbox 511 357 656 406; x_wconf 88' lang='lat' dir='ltr'>neque</span> <span class='ocrx_word' id='word_1_33' title='bbox 690 341 820 389; x_wconf 89' lang='lat' dir='ltr'>bonis</span> <span class='ocrx_word' id='word_1_34' title='bbox 856 359 961 390; x_wconf 87' lang='lat' dir='ltr'>eum</span> <span class='ocrx_word' id='word_1_35' title='bbox 998 345 1227 408; x_wconf 89' lang='lat' dir='ltr'>perpetuis</span> <span class='ocrx_word' id='word_1_36' title='bbox 1261 344 1387 404; x_wconf 79' lang='lat' dir='ltr'>frui,</span> <span class='ocrx_word' id='word_1_37' title='bbox 1432 361 1578 410; x_wconf 88' lang='lat' dir='ltr'>neque</span> <span class='ocrx_word' id='word_1_38' title='bbox 1613 350 1738 396; x_wconf 79' lang='lat' dir='ltr'>malis</span> <span class='ocrx_word' id='word_1_39' title='bbox 1771 354 1958 400; x_wconf 85' lang='lat' dir='ltr'>aeternis</span> <span class='ocrx_word' id='word_1_40' title='bbox 1992 356 2062 401; x_wconf 90' lang='lat' dir='ltr'>in-</span> 
     </span>
     <span class='ocr_line' id='line_1_5' title="bbox 63 423 572 490; baseline -0.004 -18"><span class='ocrx_word' id='word_1_41' title='bbox 63 424 309 490; x_wconf 87' lang='lat' dir='ltr'>gemiscere</span> <span class='ocrx_word' id='word_1_42' title='bbox 342 423 572 488; x_wconf 81' lang='lat' dir='ltr'>patiendo.</span> 
     </span>
    </p>

    <p class='ocr_par' dir='ltr' id='par_1_3' title="bbox 61 505 2274 677">
     <span class='ocr_line' id='line_1_6' title="bbox 129 505 2256 593; baseline 0.004 -40"><span class='ocrx_word' id='word_1_43' title='bbox 129 506 292 554; x_wconf 89' lang='lat' dir='ltr'>Iisdem</span> <span class='ocrx_word' id='word_1_44' title='bbox 325 505 496 553; x_wconf 89' lang='lat' dir='ltr'>viribus</span> <span class='ocrx_word' id='word_1_45' title='bbox 532 506 601 552; x_wconf 88' lang='lat' dir='ltr'>uti</span> <span class='ocrx_word' id='word_1_46' title='bbox 636 506 784 553; x_wconf 87' lang='lat' dir='ltr'>voluit</span> <span class='ocrx_word' id='word_1_47' title='bbox 820 513 863 544; x_wconf 78' lang='lat'>47</span> <span class='ocrx_word' id='word_1_48' title='bbox 899 507 947 553; x_wconf 91' lang='lat' dir='ltr'>in</span> <span class='ocrx_word' id='word_1_49' title='bbox 981 505 1070 552; x_wconf 84' lang='lat' dir='ltr'>Cn.</span> <span class='ocrx_word' id='word_1_50' title='bbox 1107 506 1327 553; x_wconf 87' lang='lat' dir='ltr'>Cornelio</span> <span class='ocrx_word' id='word_1_51' title='bbox 1364 507 1584 571; x_wconf 81' lang='lat' dir='ltr'>Scipione</span> <span class='ocrx_word' id='word_1_52' title='bbox 1620 509 1768 557; x_wconf 79' lang='lat' dir='ltr'>Afina.</span> <span class='ocrx_word' id='word_1_53' title='bbox 1814 512 1911 572; x_wconf 83' lang='lat' dir='ltr'>Qi</span> <span class='ocrx_word' id='word_1_54' title='bbox 1948 531 2058 562; x_wconf 88' lang='lat' dir='ltr'>con-</span> <span class='ocrx_word' id='word_1_55' title='bbox 2079 515 2256 593; x_wconf 39' lang='grc' dir='ltr'>Αηῃῐῑῑιῖδ·</span> 
     </span>
     <span class='ocr_line' id='line_1_7' title="bbox 61 584 2274 677; baseline 0.004 -44"><span class='ocrx_word' id='word_1_56' title='bbox 61 585 128 633; x_wconf 86' lang='lat' dir='ltr'>sul</span> <span class='ocrx_word' id='word_1_57' title='bbox 161 585 186 632; x_wconf 67' lang='grc' dir='ltr'>ἓ).</span> <span class='ocrx_word' id='word_1_58' title='bbox 219 585 382 632; x_wconf 82' lang='lat' dir='ltr'>Poenis</span> <span class='ocrx_word' id='word_1_59' title='bbox 417 584 538 649; x_wconf 79' lang='lat' dir='ltr'>apud</span> <span class='ocrx_word' id='word_1_60' title='bbox 573 585 758 649; x_wconf 74' lang='lat' dir='ltr'>Liparas</span> <span class='ocrx_word' id='word_1_61' title='bbox 791 598 948 648; x_wconf 80' lang='lat' dir='ltr'>captus</span> <span class='ocrx_word' id='word_1_62' title='bbox 984 601 1090 631; x_wconf 88' lang='lat' dir='ltr'>eum</span> <span class='ocrx_word' id='word_1_63' title='bbox 1126 585 1231 632; x_wconf 89' lang='lat' dir='ltr'>belli</span> <span class='ocrx_word' id='word_1_64' title='bbox 1260 588 1364 649; x_wconf 83' lang='lat' dir='ltr'>jure</span> <span class='ocrx_word' id='word_1_65' title='bbox 1397 589 1551 634; x_wconf 86' lang='lat' dir='ltr'>omnia</span> <span class='ocrx_word' id='word_1_66' title='bbox 1584 591 1866 654; x_wconf 68' lang='lat' dir='ltr'>perdidisset,</span> <span class='ocrx_word' id='word_1_67' title='bbox 1902 586 2274 677; x_wconf 42' lang='lat' dir='ltr'>laetio-233·1&#39;·L}vgj¹s</span> 
     </span>
    </p>
   </div>
   <div class='ocr_carea' id='block_1_3' title="bbox 58 666 2272 822">
    <p class='ocr_par' dir='ltr' id='par_1_4' title="bbox 58 666 2272 822">
     <span class='ocr_line' id='line_1_8' title="bbox 62 666 2272 731; baseline 0.006 -17"><span class='ocrx_word' id='word_1_68' title='bbox 62 668 100 715; x_wconf 83' lang='lat' dir='ltr'>ri</span> <span class='ocrx_word' id='word_1_69' title='bbox 134 666 320 713; x_wconf 82' lang='lat' dir='ltr'>subinde</span> <span class='ocrx_word' id='word_1_70' title='bbox 353 667 485 715; x_wconf 84' lang='lat' dir='ltr'>vultu</span> <span class='ocrx_word' id='word_1_71' title='bbox 520 670 614 731; x_wconf 88' lang='lat' dir='ltr'>ejus</span> <span class='ocrx_word' id='word_1_72' title='bbox 649 666 826 730; x_wconf 80' lang='lat' dir='ltr'>adjutus</span> <span class='ocrx_word' id='word_1_73' title='bbox 859 666 1022 713; x_wconf 66' lang='lat' dir='ltr'>cuneta</span> <span class='ocrx_word' id='word_1_74' title='bbox 1056 667 1340 730; x_wconf 79' lang='lat' dir='ltr'>recuperavit</span> <span class='ocrx_word' id='word_1_75' title='bbox 1361 689 1378 724; x_wconf 77' lang='lat'>3</span> <span class='ocrx_word' id='word_1_76' title='bbox 1433 668 1476 706; x_wconf 55' lang='lat'>43</span> <span class='ocrx_word' id='word_1_77' title='bbox 1522 670 1678 719; x_wconf 79' lang='lat' dir='ltr'>consul</span> <span class='ocrx_word' id='word_1_78' title='bbox 1724 674 1857 721; x_wconf 86' lang='lat' dir='ltr'>etiam</span> <span class='ocrx_word' id='word_1_79' title='bbox 1892 676 2056 725; x_wconf 86' lang='lat' dir='ltr'>iterum</span> <span class='ocrx_word' id='word_1_80' title='bbox 2074 686 2139 726; x_wconf 72' lang='lat' dir='ltr'>lyb·</span> <span class='ocrx_word' id='word_1_81' title='bbox 2161 697 2186 718; x_wconf 86' lang='lat'>1-</span> <span class='ocrx_word' id='word_1_82' title='bbox 2207 691 2272 727; x_wconf 36' lang='lat' dir='ltr'>zo.</span> 
     </span>
     <span class='ocr_line' id='line_1_9' title="bbox 58 738 2180 822; baseline 0.005 -29"><span class='ocrx_word' id='word_1_83' title='bbox 58 755 239 794; x_wconf 67' lang='lat' dir='ltr'>‘creatus</span> <span class='ocrx_word' id='word_1_84' title='bbox 270 745 350 792; x_wconf 85' lang='lat' dir='ltr'>est.</span> <span class='ocrx_word' id='word_1_85' title='bbox 420 746 539 805; x_wconf 76' lang='lat' dir='ltr'>Qus</span> <span class='ocrx_word' id='word_1_86' title='bbox 580 746 782 793; x_wconf 85' lang='lat' dir='ltr'>crederet</span> <span class='ocrx_word' id='word_1_87' title='bbox 827 747 957 792; x_wconf 83' lang='lat' dir='ltr'>illurn</span> <span class='ocrx_word' id='word_1_88' title='bbox 1003 746 1027 792; x_wconf 67' lang='grc' dir='ltr'>Σι</span> <span class='ocrx_word' id='word_1_89' title='bbox 1071 746 1317 793; x_wconf 83' lang='lat' dir='ltr'>duodecim</span> <span class='ocrx_word' id='word_1_90' title='bbox 1362 745 1589 797; x_wconf 73' lang='lat' dir='ltr'>securibus</span> <span class='ocrx_word' id='word_1_91' title='bbox 1634 760 1679 790; x_wconf 71' lang='lat'>49</span> <span class='ocrx_word' id='word_1_92' title='bbox 1725 754 1780 800; x_wconf 81' lang='lat' dir='ltr'>ad</span> <span class='ocrx_word' id='word_1_93' title='bbox 1815 738 2180 822; x_wconf 44' lang='lat' dir='ltr'>Carthagi-nm&amp;</span> 
     </span>
    </p>
   </div>
   <div class='ocr_carea' id='block_1_4' title="bbox 0 1423 3 2005">
    <p class='ocr_par' dir='ltr' id='par_1_5' title="bbox 0 1423 3 2005">
     <span class='ocr_line' id='line_1_10' title="bbox 0 1423 3 2005; baseline 0 0"><span class='ocrx_word' id='word_1_94' title='bbox 0 1423 3 2005; x_wconf 95' lang='lat' dir='ltr'> </span> 
     </span>
    </p>
   </div>
   <div class='ocr_carea' id='block_1_5' title="bbox 69 950 1041 1462">
    <p class='ocr_par' dir='ltr' id='par_1_6' title="bbox 69 950 1041 1462">
     <span class='ocr_line' id='line_1_11' title="bbox 69 950 1040 1004; baseline 0.002 -14"><span class='ocrx_word' id='word_1_95' title='bbox 69 953 220 991; x_wconf 75' lang='lat' dir='ltr'>:illusum</span> <span class='ocrx_word' id='word_1_96' title='bbox 258 950 299 989; x_wconf 90' lang='lat' dir='ltr'>fit</span> <span class='ocrx_word' id='word_1_97' title='bbox 339 951 384 989; x_wconf 83' lang='lat' dir='ltr'>ad</span> <span class='ocrx_word' id='word_1_98' title='bbox 418 952 726 1001; x_wconf 74' lang='lat' dir='ltr'>triumphantium</span> <span class='ocrx_word' id='word_1_99' title='bbox 768 955 805 991; x_wconf 87' lang='lat' dir='ltr'>in</span> <span class='ocrx_word' id='word_1_100' title='bbox 850 954 1040 1004; x_wconf 86' lang='lat' dir='ltr'>Capitolio</span> 
     </span>
     <span class='ocr_line' id='line_1_12' title="bbox 72 1003 1037 1053; baseline 0.003 -13"><span class='ocrx_word' id='word_1_101' title='bbox 72 1004 303 1042; x_wconf 79' lang='lat' dir='ltr'>convivium.</span> <span class='ocrx_word' id='word_1_102' title='bbox 334 1003 529 1041; x_wconf 84' lang='lat' dir='ltr'>VORST.</span> <span class='ocrx_word' id='word_1_103' title='bbox 577 1003 647 1041; x_wconf 86' lang='lat' dir='ltr'>Sed</span> <span class='ocrx_word' id='word_1_104' title='bbox 678 1016 773 1053; x_wconf 81' lang='lat' dir='ltr'>quae</span> <span class='ocrx_word' id='word_1_105' title='bbox 800 1006 867 1042; x_wconf 88' lang='lat' dir='ltr'>erit</span> <span class='ocrx_word' id='word_1_106' title='bbox 894 1006 952 1044; x_wconf 87' lang='lat' dir='ltr'>illa</span> <span class='ocrx_word' id='word_1_107' title='bbox 980 1006 1037 1043; x_wconf 92' lang='lat' dir='ltr'>lo-</span> 
     </span>
     <span class='ocr_line' id='line_1_13' title="bbox 69 1053 1041 1104; baseline 0 -12"><span class='ocrx_word' id='word_1_108' title='bbox 69 1055 208 1104; x_wconf 77' lang='lat' dir='ltr'>quendi</span> <span class='ocrx_word' id='word_1_109' title='bbox 227 1054 320 1090; x_wconf 77' lang='lat' dir='ltr'>ratio</span> <span class='ocrx_word' id='word_1_110' title='bbox 338 1055 528 1103; x_wconf 49' lang='lat' dir='ltr'>capitolium</span> <span class='ocrx_word' id='word_1_111' title='bbox 555 1053 714 1090; x_wconf 78' lang='lat' dir='ltr'>celebrare</span> <span class='ocrx_word' id='word_1_112' title='bbox 730 1055 918 1104; x_wconf 47' lang='lat' dir='ltr'>dape-&lt;felici</span> <span class='ocrx_word' id='word_1_113' title='bbox 933 1059 950 1095; x_wconf 70' lang='grc' dir='ltr'><strong><em>ἒ</em></strong></span> <span class='ocrx_word' id='word_1_114' title='bbox 963 1068 1041 1094; x_wconf 87' lang='lat' dir='ltr'>non</span> 
     </span>
     <span class='ocr_line' id='line_1_14' title="bbox 73 1105 1041 1153; baseline 0.003 -11"><span class='ocrx_word' id='word_1_115' title='bbox 73 1105 186 1143; x_wconf 88' lang='lat' dir='ltr'>credo</span> <span class='ocrx_word' id='word_1_116' title='bbox 224 1116 453 1153; x_wconf 79' lang='lat' dir='ltr'>quemquam</span> <span class='ocrx_word' id='word_1_117' title='bbox 493 1105 541 1142; x_wconf 83' lang='lat' dir='ltr'>ita</span> <span class='ocrx_word' id='word_1_118' title='bbox 579 1105 748 1143; x_wconf 84' lang='lat' dir='ltr'>locutum</span> <span class='ocrx_word' id='word_1_119' title='bbox 780 1105 894 1144; x_wconf 85' lang='lat' dir='ltr'>fuiffe.</span> <span class='ocrx_word' id='word_1_120' title='bbox 958 1108 1041 1146; x_wconf 90' lang='lat' dir='ltr'>Nec</span> 
     </span>
     <span class='ocr_line' id='line_1_15' title="bbox 71 1155 1040 1207; baseline 0.004 -14"><span class='ocrx_word' id='word_1_121' title='bbox 71 1156 163 1194; x_wconf 86' lang='lat' dir='ltr'>ullus</span> <span class='ocrx_word' id='word_1_122' title='bbox 195 1155 300 1192; x_wconf 87' lang='lat' dir='ltr'>MSS.</span> <span class='ocrx_word' id='word_1_123' title='bbox 337 1155 396 1192; x_wconf 88' lang='lat' dir='ltr'>vel</span> <span class='ocrx_word' id='word_1_124' title='bbox 428 1155 628 1193; x_wconf 89' lang='lat' dir='ltr'>minimum</span> <span class='ocrx_word' id='word_1_125' title='bbox 671 1157 786 1195; x_wconf 86' lang='lat' dir='ltr'>favet.</span> <span class='ocrx_word' id='word_1_126' title='bbox 846 1159 894 1195; x_wconf 89' lang='lat' dir='ltr'>Et</span> <span class='ocrx_word' id='word_1_127' title='bbox 922 1160 1040 1207; x_wconf 78' lang='lat' dir='ltr'>majus</span> 
     </span>
     <span class='ocr_line' id='line_1_16' title="bbox 70 1204 1039 1258; baseline 0.003 -14"><span class='ocrx_word' id='word_1_128' title='bbox 70 1204 118 1244; x_wconf 81' lang='lat' dir='ltr'>est</span> <span class='ocrx_word' id='word_1_129' title='bbox 140 1218 269 1255; x_wconf 76' lang='lat' dir='ltr'>capere</span> <span class='ocrx_word' id='word_1_130' title='bbox 287 1206 361 1243; x_wconf 87' lang='lat' dir='ltr'>hoc</span> <span class='ocrx_word' id='word_1_131' title='bbox 383 1206 428 1243; x_wconf 88' lang='lat' dir='ltr'>de</span> <span class='ocrx_word' id='word_1_132' title='bbox 447 1215 526 1244; x_wconf 91' lang='lat' dir='ltr'>tota</span> <span class='ocrx_word' id='word_1_133' title='bbox 549 1207 725 1245; x_wconf 85' lang='lat' dir='ltr'>felicitate</span> <span class='ocrx_word' id='word_1_134' title='bbox 753 1209 1015 1258; x_wconf 79' lang='lat' dir='ltr'>triumphantis</span> <span class='ocrx_word' id='word_1_135' title='bbox 1029 1239 1039 1255; x_wconf 89' lang='lat'>‚</span> 
     </span>
     <span class='ocr_line' id='line_1_17' title="bbox 71 1257 1040 1306; baseline 0.003 -10"><span class='ocrx_word' id='word_1_136' title='bbox 71 1259 110 1296; x_wconf 89' lang='lat'>&amp;</span> <span class='ocrx_word' id='word_1_137' title='bbox 141 1265 291 1306; x_wconf 85' lang='lat' dir='ltr'>propter</span> <span class='ocrx_word' id='word_1_138' title='bbox 329 1269 411 1294; x_wconf 75' lang='lat' dir='ltr'>eam</span> <span class='ocrx_word' id='word_1_139' title='bbox 444 1257 672 1306; x_wconf 78' lang='lat' dir='ltr'>Capitolium</span> <span class='ocrx_word' id='word_1_140' title='bbox 713 1270 798 1297; x_wconf 87' lang='lat' dir='ltr'>cum</span> <span class='ocrx_word' id='word_1_141' title='bbox 829 1268 930 1298; x_wconf 83' lang='lat' dir='ltr'>tanta</span> <span class='ocrx_word' id='word_1_142' title='bbox 961 1272 1040 1299; x_wconf 81' lang='lat' dir='ltr'>ma-</span> 
     </span>
     <span class='ocr_line' id='line_1_18' title="bbox 72 1308 1041 1359; baseline 0.004 -14"><span class='ocrx_word' id='word_1_143' title='bbox 72 1308 283 1356; x_wconf 82' lang='lat' dir='ltr'>gnificentia</span> <span class='ocrx_word' id='word_1_144' title='bbox 309 1308 611 1354; x_wconf 87' lang='lat' dir='ltr'>conscendentis,</span> <span class='ocrx_word' id='word_1_145' title='bbox 637 1308 762 1359; x_wconf 79' lang='lat' dir='ltr'>ibique</span> <span class='ocrx_word' id='word_1_146' title='bbox 789 1310 1041 1358; x_wconf 80' lang='lat' dir='ltr'>sacrificantis,</span> 
     </span>
     <span class='ocr_line' id='line_1_19' title="bbox 73 1359 1041 1412; baseline 0.006 -17"><span class='ocrx_word' id='word_1_147' title='bbox 73 1368 164 1397; x_wconf 89' lang='lat' dir='ltr'>vota</span> <span class='ocrx_word' id='word_1_148' title='bbox 183 1359 374 1403; x_wconf 78' lang='lat' dir='ltr'>solventis,</span> <span class='ocrx_word' id='word_1_149' title='bbox 403 1360 648 1407; x_wconf 77' lang='lat' dir='ltr'>gratulantem</span> <span class='ocrx_word' id='word_1_150' title='bbox 677 1361 843 1399; x_wconf 78' lang='lat' dir='ltr'>senatum</span> <span class='ocrx_word' id='word_1_151' title='bbox 866 1364 905 1400; x_wconf 73' lang='grc' dir='ltr'>δε</span> <span class='ocrx_word' id='word_1_152' title='bbox 925 1364 1041 1412; x_wconf 78' lang='lat' dir='ltr'>magi-</span> 
     </span>
     <span class='ocr_line' id='line_1_20' title="bbox 70 1410 1041 1462; baseline 0.006 -16"><span class='ocrx_word' id='word_1_153' title='bbox 70 1410 232 1458; x_wconf 79' lang='lat' dir='ltr'>gistratus</span> <span class='ocrx_word' id='word_1_154' title='bbox 258 1411 494 1459; x_wconf 80' lang='lat' dir='ltr'>excipientis,</span> <span class='ocrx_word' id='word_1_155' title='bbox 532 1423 645 1462; x_wconf 76' lang='lat' dir='ltr'>quam</span> <span class='ocrx_word' id='word_1_156' title='bbox 674 1411 719 1449; x_wconf 89' lang='lat' dir='ltr'>de</span> <span class='ocrx_word' id='word_1_157' title='bbox 751 1411 830 1450; x_wconf 89' lang='lat' dir='ltr'>solo</span> <span class='ocrx_word' id='word_1_158' title='bbox 862 1415 1041 1452; x_wconf 81' lang='lat' dir='ltr'>convivio</span> 
     </span>
    </p>
   </div>
   <div class='ocr_carea' id='block_1_6' title="bbox 68 1462 337 1511">
    <p class='ocr_par' dir='ltr' id='par_1_7' title="bbox 0 1459 337 1515">
     <span class='ocr_line' id='line_1_21' title="bbox 68 1462 337 1511; baseline 0 -13"><span class='ocrx_word' id='word_1_159' title='bbox 68 1462 337 1511; x_wconf 79' lang='lat' dir='ltr'>triumphantis.</span> 
     </span>
    </p>
   </div>
   <div class='ocr_carea' id='block_1_7' title="bbox 57 1510 1042 2934">
    <p class='ocr_par' dir='ltr' id='par_1_8' title="bbox 69 1510 1042 1765">
     <span class='ocr_line' id='line_1_22' title="bbox 119 1510 1042 1562; baseline 0.003 -13"><span class='ocrx_word' id='word_1_160' title='bbox 119 1525 176 1559; x_wconf 75' lang='lat'>42.</span> <span class='ocrx_word' id='word_1_161' title='bbox 208 1515 347 1549; x_wconf 75' lang='lat' dir='ltr'>Praetor</span> <span class='ocrx_word' id='word_1_162' title='bbox 375 1520 420 1547; x_wconf 67' lang='lat'>&lt;5⁹</span> <span class='ocrx_word' id='word_1_163' title='bbox 442 1511 582 1562; x_wconf 61' lang='lat' dir='ltr'>Confido]</span> <span class='ocrx_word' id='word_1_164' title='bbox 620 1512 737 1551; x_wconf 87' lang='lat' dir='ltr'>Addit</span> <span class='ocrx_word' id='word_1_165' title='bbox 769 1510 881 1551; x_wconf 78' lang='lat' dir='ltr'>e&#39;tiam</span> <span class='ocrx_word' id='word_1_166' title='bbox 902 1514 1042 1553; x_wconf 89' lang='lat' dir='ltr'>Tribu-</span> 
     </span>
     <span class='ocr_line' id='line_1_23' title="bbox 69 1563 1039 1613; baseline 0.004 -13"><span class='ocrx_word' id='word_1_167' title='bbox 69 1574 161 1601; x_wconf 86' lang='lat' dir='ltr'>num</span> <span class='ocrx_word' id='word_1_168' title='bbox 191 1563 366 1612; x_wconf 82' lang='lat' dir='ltr'>AgelliuS.</span> <span class='ocrx_word' id='word_1_169' title='bbox 390 1563 583 1600; x_wconf 82' lang='lat' dir='ltr'>COLER.</span> <span class='ocrx_word' id='word_1_170' title='bbox 624 1565 712 1601; x_wconf 89' lang='lat' dir='ltr'>Huc</span> <span class='ocrx_word' id='word_1_171' title='bbox 740 1567 898 1613; x_wconf 83' lang='lat' dir='ltr'>pertinet</span> <span class='ocrx_word' id='word_1_172' title='bbox 926 1567 1039 1605; x_wconf 78' lang='lat' dir='ltr'>etiam</span> 
     </span>
     <span class='ocr_line' id='line_1_24' title="bbox 76 1614 1040 1666; baseline 0.004 -15"><span class='ocrx_word' id='word_1_173' title='bbox 76 1615 203 1657; x_wconf 68' lang='lat' dir='ltr'>locuS,</span> <span class='ocrx_word' id='word_1_174' title='bbox 231 1625 344 1664; x_wconf 88' lang='lat' dir='ltr'>quem</span> <span class='ocrx_word' id='word_1_175' title='bbox 372 1614 482 1662; x_wconf 77' lang='lat' dir='ltr'>paulo</span> <span class='ocrx_word' id='word_1_176' title='bbox 511 1622 596 1651; x_wconf 78' lang='lat' dir='ltr'>ante</span> <span class='ocrx_word' id='word_1_177' title='bbox 624 1627 668 1652; x_wconf 89' lang='lat' dir='ltr'>ex</span> <span class='ocrx_word' id='word_1_178' title='bbox 696 1615 792 1653; x_wconf 88' lang='lat' dir='ltr'>Vell.</span> <span class='ocrx_word' id='word_1_179' title='bbox 821 1618 867 1653; x_wconf 92' lang='lat' dir='ltr'>L.</span> <span class='ocrx_word' id='word_1_180' title='bbox 897 1629 952 1655; x_wconf 88' lang='lat'>11.</span> <span class='ocrx_word' id='word_1_181' title='bbox 980 1618 1040 1666; x_wconf 79' lang='lat'>65.</span> 
     </span>
     <span class='ocr_line' id='line_1_25' title="bbox 76 1664 426 1702; baseline -0.003 0"><span class='ocrx_word' id='word_1_182' title='bbox 76 1665 225 1702; x_wconf 79' lang='lat' dir='ltr'>adduxit</span> <span class='ocrx_word' id='word_1_183' title='bbox 252 1664 426 1702; x_wconf 77' lang='lat' dir='ltr'>Vorstius.</span> 
     </span>
     <span class='ocr_line' id='line_1_26' title="bbox 69 1715 488 1765; baseline -0.002 -12"><span class='ocrx_word' id='word_1_184' title='bbox 69 1716 229 1765; x_wconf 83' lang='lat' dir='ltr'>pluribus</span> <span class='ocrx_word' id='word_1_185' title='bbox 254 1715 351 1752; x_wconf 87' lang='lat' dir='ltr'>deest</span> <span class='ocrx_word' id='word_1_186' title='bbox 381 1715 488 1752; x_wconf 85' lang='lat' dir='ltr'>MSS.</span> 
     </span>
    </p>

    <p class='ocr_par' dir='ltr' id='par_1_9' title="bbox 67 1768 1040 2070">
     <span class='ocr_line' id='line_1_27' title="bbox 119 1768 1039 1818; baseline 0.005 -16"><span class='ocrx_word' id='word_1_187' title='bbox 119 1778 179 1816; x_wconf 84' lang='lat'>43.</span> <span class='ocrx_word' id='word_1_188' title='bbox 206 1769 350 1815; x_wconf 72' lang='lat' dir='ltr'>Casuum</span> <span class='ocrx_word' id='word_1_189' title='bbox 368 1780 451 1802; x_wconf 87' lang='lat' dir='ltr'>nunc</span> <span class='ocrx_word' id='word_1_190' title='bbox 470 1768 722 1818; x_wconf 83' lang='lat' dir='ltr'>contemplemur</span> <span class='ocrx_word' id='word_1_191' title='bbox 740 1768 960 1818; x_wconf 63' lang='lat' dir='ltr'>varietatem]</span> <span class='ocrx_word' id='word_1_192' title='bbox 977 1769 1039 1807; x_wconf 91' lang='lat' dir='ltr'>Ob</span> 
     </span>
     <span class='ocr_line' id='line_1_28' title="bbox 69 1817 1038 1867; baseline 0.002 -12"><span class='ocrx_word' id='word_1_193' title='bbox 69 1818 165 1855; x_wconf 87' lang='lat' dir='ltr'>hanc</span> <span class='ocrx_word' id='word_1_194' title='bbox 192 1817 519 1866; x_wconf 78' lang='lat' dir='ltr'>praefatiunculam</span> <span class='ocrx_word' id='word_1_195' title='bbox 552 1818 768 1867; x_wconf 77' lang='lat' dir='ltr'>quibusdam</span> <span class='ocrx_word' id='word_1_196' title='bbox 798 1820 913 1857; x_wconf 82' lang='lat' dir='ltr'>visum</span> <span class='ocrx_word' id='word_1_197' title='bbox 943 1821 1038 1865; x_wconf 86' lang='lat' dir='ltr'>fuit,</span> 
     </span>
     <span class='ocr_line' id='line_1_29' title="bbox 68 1867 1036 1919; baseline 0.002 -13"><span class='ocrx_word' id='word_1_198' title='bbox 68 1868 215 1918; x_wconf 59' lang='lat' dir='ltr'>adjectio</span> <span class='ocrx_word' id='word_1_199' title='bbox 237 1867 344 1906; x_wconf 87' lang='lat' dir='ltr'>titulo</span> <span class='ocrx_word' id='word_1_200' title='bbox 366 1870 403 1906; x_wconf 69' lang='grc' dir='ltr'>δε</span> <span class='ocrx_word' id='word_1_201' title='bbox 425 1869 484 1905; x_wconf 88' lang='lat' dir='ltr'>hic</span> <span class='ocrx_word' id='word_1_202' title='bbox 504 1880 647 1906; x_wconf 80' lang='lat' dir='ltr'>novum</span> <span class='ocrx_word' id='word_1_203' title='bbox 671 1880 780 1919; x_wconf 67' lang='lat' dir='ltr'>caput</span> <span class='ocrx_word' id='word_1_204' title='bbox 800 1871 1036 1917; x_wconf 76' lang='lat' dir='ltr'>constituere,</span> 
     </span>
     <span class='ocr_line' id='line_1_30' title="bbox 67 1919 1020 1970; baseline 0.002 -13"><span class='ocrx_word' id='word_1_205' title='bbox 67 1925 184 1958; x_wconf 83' lang='lat' dir='ltr'>unum</span> <span class='ocrx_word' id='word_1_206' title='bbox 204 1919 377 1956; x_wconf 88' lang='lat' dir='ltr'>videlicet</span> <span class='ocrx_word' id='word_1_207' title='bbox 396 1931 526 1967; x_wconf 88' lang='lat' dir='ltr'>corpus</span> <span class='ocrx_word' id='word_1_208' title='bbox 549 1920 586 1956; x_wconf 90' lang='lat' dir='ltr'>in</span> <span class='ocrx_word' id='word_1_209' title='bbox 606 1928 677 1958; x_wconf 86' lang='lat' dir='ltr'>tres</span> <span class='ocrx_word' id='word_1_210' title='bbox 694 1921 886 1969; x_wconf 62' lang='lat' dir='ltr'>particulas</span> <span class='ocrx_word' id='word_1_211' title='bbox 908 1934 1020 1970; x_wconf 88' lang='lat' dir='ltr'>perpe</span> 
     </span>
     <span class='ocr_line' id='line_1_31' title="bbox 70 1967 1040 2010; baseline 0.004 -4"><span class='ocrx_word' id='word_1_212' title='bbox 70 1982 149 2007; x_wconf 79' lang='lat' dir='ltr'>ram</span> <span class='ocrx_word' id='word_1_213' title='bbox 172 1967 677 2008; x_wconf 71' lang='lat' dir='ltr'>diffecand0.PIGH.Etiam</span> <span class='ocrx_word' id='word_1_214' title='bbox 700 1973 925 2010; x_wconf 86' lang='lat' dir='ltr'>nostriMSS.</span> <span class='ocrx_word' id='word_1_215' title='bbox 940 1971 1040 2010; x_wconf 82' lang='lat' dir='ltr'>diffe-</span> 
     </span>
     <span class='ocr_line' id='line_1_32' title="bbox 71 2020 1039 2070; baseline 0.002 -12"><span class='ocrx_word' id='word_1_216' title='bbox 71 2020 235 2058; x_wconf 66' lang='lat' dir='ltr'>&amp;ionem</span> <span class='ocrx_word' id='word_1_217' title='bbox 255 2021 292 2057; x_wconf 91' lang='lat' dir='ltr'>in</span> <span class='ocrx_word' id='word_1_218' title='bbox 312 2029 387 2057; x_wconf 73' lang='lat' dir='ltr'>tam</span> <span class='ocrx_word' id='word_1_219' title='bbox 413 2022 570 2058; x_wconf 86' lang='lat' dir='ltr'>minutas</span> <span class='ocrx_word' id='word_1_220' title='bbox 593 2023 784 2069; x_wconf 72' lang='lat' dir='ltr'>particulas</span> <span class='ocrx_word' id='word_1_221' title='bbox 813 2023 1039 2070; x_wconf 82' lang='lat' dir='ltr'>improbant.</span> 
     </span>
    </p>

    <p class='ocr_par' dir='ltr' id='par_1_10' title="bbox 57 2071 1041 2934">
     <span class='ocr_line' id='line_1_33' title="bbox 116 2071 1040 2120; baseline 0.002 -12"><span class='ocrx_word' id='word_1_222' title='bbox 116 2084 173 2118; x_wconf 77' lang='lat'>44.</span> <span class='ocrx_word' id='word_1_223' title='bbox 202 2074 239 2106; x_wconf 91' lang='lat' dir='ltr'>L.</span> <span class='ocrx_word' id='word_1_224' title='bbox 272 2071 446 2119; x_wconf 54' lang='lat' dir='ltr'>Lentulus]</span> <span class='ocrx_word' id='word_1_225' title='bbox 478 2073 570 2120; x_wconf 84' lang='lat' dir='ltr'>Quis</span> <span class='ocrx_word' id='word_1_226' title='bbox 590 2073 650 2110; x_wconf 84' lang='lat' dir='ltr'>hic</span> <span class='ocrx_word' id='word_1_227' title='bbox 670 2074 715 2110; x_wconf 81' lang='lat' dir='ltr'>L.</span> <span class='ocrx_word' id='word_1_228' title='bbox 746 2073 927 2110; x_wconf 80' lang='lat' dir='ltr'>Lentulus</span> <span class='ocrx_word' id='word_1_229' title='bbox 957 2075 1040 2110; x_wconf 88' lang='lat' dir='ltr'>fue-</span> 
     </span>
     <span class='ocr_line' id='line_1_34' title="bbox 69 2121 1038 2171; baseline 0.002 -12"><span class='ocrx_word' id='word_1_230' title='bbox 69 2122 136 2165; x_wconf 87' lang='lat' dir='ltr'>rit,</span> <span class='ocrx_word' id='word_1_231' title='bbox 152 2122 213 2159; x_wconf 78' lang='lat' dir='ltr'>vix</span> <span class='ocrx_word' id='word_1_232' title='bbox 234 2121 408 2171; x_wconf 86' lang='lat' dir='ltr'>equidem</span> <span class='ocrx_word' id='word_1_233' title='bbox 431 2122 517 2159; x_wconf 89' lang='lat' dir='ltr'>scio.</span> <span class='ocrx_word' id='word_1_234' title='bbox 541 2123 726 2161; x_wconf 87' lang='lat' dir='ltr'>Oliverius</span> <span class='ocrx_word' id='word_1_235' title='bbox 746 2124 930 2161; x_wconf 87' lang='lat' dir='ltr'>Lentulos</span> <span class='ocrx_word' id='word_1_236' title='bbox 951 2136 1038 2161; x_wconf 90' lang='lat' dir='ltr'>con·</span> 
     </span>
     <span class='ocr_line' id='line_1_35' title="bbox 68 2172 1041 2217; baseline 0.002 -7"><span class='ocrx_word' id='word_1_237' title='bbox 68 2173 210 2217; x_wconf 83' lang='lat' dir='ltr'>fundit,</span> <span class='ocrx_word' id='word_1_238' title='bbox 243 2184 285 2209; x_wconf 72' lang='lat' dir='ltr'>ac</span> <span class='ocrx_word' id='word_1_239' title='bbox 314 2172 519 2210; x_wconf 86' lang='lat' dir='ltr'>multorum</span> <span class='ocrx_word' id='word_1_240' title='bbox 544 2173 729 2212; x_wconf 82' lang='lat' dir='ltr'>historiam</span> <span class='ocrx_word' id='word_1_241' title='bbox 752 2177 928 2212; x_wconf 76' lang='lat' dir='ltr'>iii-unum</span> <span class='ocrx_word' id='word_1_242' title='bbox 951 2187 1041 2212; x_wconf 90' lang='lat' dir='ltr'>con-</span> 
     </span>
     <span class='ocr_line' id='line_1_36' title="bbox 70 2223 1035 2274; baseline 0.004 -15"><span class='ocrx_word' id='word_1_243' title='bbox 70 2225 172 2272; x_wconf 81' lang='lat' dir='ltr'>gerit.</span> <span class='ocrx_word' id='word_1_244' title='bbox 225 2224 308 2272; x_wconf 80' lang='lat' dir='ltr'>Ego</span> <span class='ocrx_word' id='word_1_245' title='bbox 335 2223 380 2260; x_wconf 89' lang='lat' dir='ltr'>de</span> <span class='ocrx_word' id='word_1_246' title='bbox 416 2224 459 2260; x_wconf 89' lang='lat' dir='ltr'>L.</span> <span class='ocrx_word' id='word_1_247' title='bbox 483 2223 647 2262; x_wconf 83' lang='lat' dir='ltr'>Lentulo</span> <span class='ocrx_word' id='word_1_248' title='bbox 675 2226 914 2273; x_wconf 82' lang='lat' dir='ltr'>intelligerem</span> <span class='ocrx_word' id='word_1_249' title='bbox 934 2253 944 2268; x_wconf 92' lang='lat'>‚</span> <span class='ocrx_word' id='word_1_250' title='bbox 974 2227 1035 2274; x_wconf 89' lang='lat' dir='ltr'>qui</span> 
     </span>
     <span class='ocr_line' id='line_1_37' title="bbox 70 2274 1035 2318; baseline 0.002 -6"><span class='ocrx_word' id='word_1_251' title='bbox 70 2275 154 2312; x_wconf 88' lang='lat' dir='ltr'>Cos.</span> <span class='ocrx_word' id='word_1_252' title='bbox 177 2275 325 2312; x_wconf 84' lang='lat' dir='ltr'>ultimus</span> <span class='ocrx_word' id='word_1_253' title='bbox 352 2274 486 2311; x_wconf 70' lang='lat' dir='ltr'>liberae</span> <span class='ocrx_word' id='word_1_254' title='bbox 516 2275 612 2311; x_wconf 84' lang='lat' dir='ltr'>urbis</span> <span class='ocrx_word' id='word_1_255' title='bbox 644 2275 736 2318; x_wconf 87' lang='lat' dir='ltr'>fuit,</span> <span class='ocrx_word' id='word_1_256' title='bbox 773 2275 836 2313; x_wconf 84' lang='lat' dir='ltr'>nisi</span> <span class='ocrx_word' id='word_1_257' title='bbox 866 2275 1035 2315; x_wconf 79' lang='lat' dir='ltr'>Valerius</span> 
     </span>
     <span class='ocr_line' id='line_1_38' title="bbox 69 2325 1038 2375; baseline 0.003 -13"><span class='ocrx_word' id='word_1_258' title='bbox 69 2325 207 2363; x_wconf 87' lang='lat' dir='ltr'>diceret</span> <span class='ocrx_word' id='word_1_259' title='bbox 227 2327 303 2375; x_wconf 85' lang='lat' dir='ltr'>ejus</span> <span class='ocrx_word' id='word_1_260' title='bbox 324 2325 553 2363; x_wconf 76' lang='lat' dir='ltr'>consulatum</span> <span class='ocrx_word' id='word_1_261' title='bbox 577 2325 818 2363; x_wconf 70' lang='lat' dir='ltr'>damnatione</span> <span class='ocrx_word' id='word_1_262' title='bbox 839 2334 1011 2365; x_wconf 84' lang='lat' dir='ltr'>notatum</span> <span class='ocrx_word' id='word_1_263' title='bbox 1029 2354 1038 2370; x_wconf 92' lang='lat'>‚</span> 
     </span>
     <span class='ocr_line' id='line_1_39' title="bbox 71 2376 1036 2426; baseline 0.002 -12"><span class='ocrx_word' id='word_1_264' title='bbox 71 2377 173 2426; x_wconf 87' lang='lat' dir='ltr'>quod</span> <span class='ocrx_word' id='word_1_265' title='bbox 205 2377 250 2414; x_wconf 85' lang='lat' dir='ltr'>de</span> <span class='ocrx_word' id='word_1_266' title='bbox 280 2389 326 2414; x_wconf 87' lang='lat' dir='ltr'>eo</span> <span class='ocrx_word' id='word_1_267' title='bbox 355 2376 534 2425; x_wconf 75' lang='lat' dir='ltr'>nusquam</span> <span class='ocrx_word' id='word_1_268' title='bbox 558 2376 709 2424; x_wconf 81' lang='lat' dir='ltr'>legitur,</span> <span class='ocrx_word' id='word_1_269' title='bbox 738 2376 804 2414; x_wconf 79' lang='lat' dir='ltr'>nisi</span> <span class='ocrx_word' id='word_1_270' title='bbox 832 2377 963 2415; x_wconf 78' lang='lat' dir='ltr'>Caesar</span> <span class='ocrx_word' id='word_1_271' title='bbox 981 2380 1036 2416; x_wconf 81' lang='lat' dir='ltr'>vi-</span> 
     </span>
     <span class='ocr_line' id='line_1_40' title="bbox 75 2427 1036 2478; baseline 0.004 -15"><span class='ocrx_word' id='word_1_272' title='bbox 75 2427 154 2465; x_wconf 68' lang='lat' dir='ltr'>etor</span> <span class='ocrx_word' id='word_1_273' title='bbox 182 2428 220 2464; x_wconf 90' lang='lat' dir='ltr'>in</span> <span class='ocrx_word' id='word_1_274' title='bbox 249 2435 442 2465; x_wconf 87' lang='lat' dir='ltr'>mortuum</span> <span class='ocrx_word' id='word_1_275' title='bbox 472 2427 657 2465; x_wconf 74' lang='lat' dir='ltr'>saevierit:</span> <span class='ocrx_word' id='word_1_276' title='bbox 694 2428 797 2478; x_wconf 86' lang='lat' dir='ltr'>quod</span> <span class='ocrx_word' id='word_1_277' title='bbox 826 2439 895 2466; x_wconf 88' lang='lat' dir='ltr'>nec</span> <span class='ocrx_word' id='word_1_278' title='bbox 920 2429 1036 2477; x_wconf 90' lang='lat' dir='ltr'>ipsum</span> 
     </span>
     <span class='ocr_line' id='line_1_41' title="bbox 69 2479 1039 2527; baseline 0.004 -13"><span class='ocrx_word' id='word_1_279' title='bbox 69 2489 202 2515; x_wconf 86' lang='lat' dir='ltr'>verum</span> <span class='ocrx_word' id='word_1_280' title='bbox 239 2485 343 2526; x_wconf 89' lang='lat' dir='ltr'>puto.</span> <span class='ocrx_word' id='word_1_281' title='bbox 404 2479 466 2515; x_wconf 92' lang='lat' dir='ltr'>De</span> <span class='ocrx_word' id='word_1_282' title='bbox 494 2482 533 2515; x_wconf 86' lang='lat' dir='ltr'>L.</span> <span class='ocrx_word' id='word_1_283' title='bbox 561 2480 713 2527; x_wconf 81' lang='lat' dir='ltr'>Censorio</span> <span class='ocrx_word' id='word_1_284' title='bbox 750 2479 839 2516; x_wconf 85' lang='lat' dir='ltr'>nihil</span> <span class='ocrx_word' id='word_1_285' title='bbox 869 2479 1039 2518; x_wconf 79' lang='lat' dir='ltr'>adferunt</span> 
     </span>
     <span class='ocr_line' id='line_1_42' title="bbox 71 2528 1041 2579; baseline 0.003 -14"><span class='ocrx_word' id='word_1_286' title='bbox 71 2536 420 2573; x_wconf 80' lang='lat' dir='ltr'>commentatores;</span> <span class='ocrx_word' id='word_1_287' title='bbox 462 2528 522 2566; x_wconf 84' lang='lat' dir='ltr'>sed</span> <span class='ocrx_word' id='word_1_288' title='bbox 549 2541 671 2579; x_wconf 88' lang='lat' dir='ltr'>neque</span> <span class='ocrx_word' id='word_1_289' title='bbox 708 2530 1010 2579; x_wconf 83' lang='lat' dir='ltr'>ipse.quidquam</span> <span class='ocrx_word' id='word_1_290' title='bbox 1028 2560 1041 2577; x_wconf 79' lang='lat'>‚</span> 
     </span>
     <span class='ocr_line' id='line_1_43' title="bbox 69 2578 1039 2631; baseline 0.004 -14"><span class='ocrx_word' id='word_1_291' title='bbox 69 2579 174 2627; x_wconf 85' lang='lat' dir='ltr'>quod</span> <span class='ocrx_word' id='word_1_292' title='bbox 202 2578 321 2616; x_wconf 85' lang='lat' dir='ltr'>dicam</span> <span class='ocrx_word' id='word_1_293' title='bbox 339 2607 348 2622; x_wconf 93' lang='lat'>,</span> <span class='ocrx_word' id='word_1_294' title='bbox 376 2579 516 2618; x_wconf 86' lang='lat' dir='ltr'>habeo:</span> <span class='ocrx_word' id='word_1_295' title='bbox 546 2580 609 2617; x_wconf 86' lang='lat' dir='ltr'>nisi</span> <span class='ocrx_word' id='word_1_296' title='bbox 639 2592 708 2629; x_wconf 90' lang='lat' dir='ltr'>pro</span> <span class='ocrx_word' id='word_1_297' title='bbox 737 2583 889 2630; x_wconf 80' lang='lat' dir='ltr'>Censorio</span> <span class='ocrx_word' id='word_1_298' title='bbox 915 2581 1039 2631; x_wconf 86' lang='lat' dir='ltr'>legen-</span> 
     </span>
     <span class='ocr_line' id='line_1_44' title="bbox 72 2629 1039 2684; baseline 0.003 -16"><span class='ocrx_word' id='word_1_299' title='bbox 72 2630 160 2668; x_wconf 88' lang='lat' dir='ltr'>dum</span> <span class='ocrx_word' id='word_1_300' title='bbox 192 2629 233 2667; x_wconf 82' lang='lat' dir='ltr'>fit</span> <span class='ocrx_word' id='word_1_301' title='bbox 261 2632 448 2678; x_wconf 82' lang='lat' dir='ltr'>Censorino.</span> <span class='ocrx_word' id='word_1_302' title='bbox 494 2631 558 2680; x_wconf 90' lang='lat' dir='ltr'>qui</span> <span class='ocrx_word' id='word_1_303' title='bbox 597 2631 682 2668; x_wconf 91' lang='lat' dir='ltr'>Cos.</span> <span class='ocrx_word' id='word_1_304' title='bbox 718 2631 787 2669; x_wconf 87' lang='lat' dir='ltr'>fuit</span> <span class='ocrx_word' id='word_1_305' title='bbox 824 2644 923 2670; x_wconf 83' lang='lat' dir='ltr'>anno</span> <span class='ocrx_word' id='word_1_306' title='bbox 955 2645 1039 2684; x_wconf 75' lang='lat'>715.</span> 
     </span>
     <span class='ocr_line' id='line_1_45' title="bbox 73 2681 1038 2733; baseline 0.005 -15"><span class='ocrx_word' id='word_1_307' title='bbox 73 2682 249 2729; x_wconf 85' lang='lat' dir='ltr'>proximo</span> <span class='ocrx_word' id='word_1_308' title='bbox 278 2681 365 2718; x_wconf 85' lang='lat' dir='ltr'>inde</span> <span class='ocrx_word' id='word_1_309' title='bbox 383 2682 558 2730; x_wconf 83' lang='lat' dir='ltr'>exemplo</span> <span class='ocrx_word' id='word_1_310' title='bbox 585 2681 784 2731; x_wconf 85' lang='lat' dir='ltr'>legendum</span> <span class='ocrx_word' id='word_1_311' title='bbox 804 2684 927 2729; x_wconf 54' lang='lat' dir='ltr'>estfina</span> <span class='ocrx_word' id='word_1_312' title='bbox 941 2712 951 2728; x_wconf 85' lang='lat'>‚</span> <span class='ocrx_word' id='word_1_313' title='bbox 969 2697 1038 2733; x_wconf 90' lang='lat' dir='ltr'>pro</span> 
     </span>
     <span class='ocr_line' id='line_1_46' title="bbox 69 2731 1039 2780; baseline 0.005 -12"><span class='ocrx_word' id='word_1_314' title='bbox 69 2733 210 2780; x_wconf 69' lang='lat' dir='ltr'>Nasica.</span> <span class='ocrx_word' id='word_1_315' title='bbox 237 2731 432 2780; x_wconf 84' lang='lat' dir='ltr'>impudens</span> <span class='ocrx_word' id='word_1_316' title='bbox 458 2733 542 2770; x_wconf 81' lang='lat' dir='ltr'>sane</span> <span class='ocrx_word' id='word_1_317' title='bbox 568 2733 772 2778; x_wconf 87' lang='lat' dir='ltr'>mendum,</span> <span class='ocrx_word' id='word_1_318' title='bbox 809 2746 887 2772; x_wconf 89' lang='lat' dir='ltr'>non</span> <span class='ocrx_word' id='word_1_319' title='bbox 910 2736 1039 2774; x_wconf 85' lang='lat' dir='ltr'>autho-</span> 
     </span>
     <span class='ocr_line' id='line_1_47' title="bbox 71 2782 1037 2834; baseline 0.006 -15"><span class='ocrx_word' id='word_1_320' title='bbox 71 2783 146 2827; x_wconf 86' lang='lat' dir='ltr'>ris,</span> <span class='ocrx_word' id='word_1_321' title='bbox 189 2782 251 2821; x_wconf 86' lang='lat' dir='ltr'>sed</span> <span class='ocrx_word' id='word_1_322' title='bbox 293 2783 536 2821; x_wconf 74' lang='lat' dir='ltr'>librariorum.</span> <span class='ocrx_word' id='word_1_323' title='bbox 608 2785 727 2822; x_wconf 87' lang='lat' dir='ltr'>Porro</span> <span class='ocrx_word' id='word_1_324' title='bbox 765 2785 868 2834; x_wconf 88' lang='lat' dir='ltr'>quod</span> <span class='ocrx_word' id='word_1_325' title='bbox 904 2785 1037 2824; x_wconf 89' lang='lat' dir='ltr'>deinde</span> 
     </span>
     <span class='ocr_line' id='line_1_48' title="bbox 57 2833 1038 2884; baseline 0.005 -13"><span class='ocrx_word' id='word_1_326' title='bbox 57 2833 231 2883; x_wconf 73' lang='lat' dir='ltr'>sequitur</span> <span class='ocrx_word' id='word_1_327' title='bbox 261 2833 475 2882; x_wconf 78' lang='lat' dir='ltr'>exemplum</span> <span class='ocrx_word' id='word_1_328' title='bbox 507 2833 552 2870; x_wconf 90' lang='lat' dir='ltr'>de</span> <span class='ocrx_word' id='word_1_329' title='bbox 581 2835 693 2884; x_wconf 63' lang='lat' dir='ltr'>Craffi)</span> <span class='ocrx_word' id='word_1_330' title='bbox 712 2837 864 2881; x_wconf 66' lang='lat' dir='ltr'>Divite,</span> <span class='ocrx_word' id='word_1_331' title='bbox 891 2837 968 2876; x_wconf 86' lang='lat' dir='ltr'>satis</span> <span class='ocrx_word' id='word_1_332' title='bbox 995 2839 1038 2876; x_wconf 89' lang='lat' dir='ltr'>li-</span> 
     </span>
     <span class='ocr_line' id='line_1_49' title="bbox 73 2883 1034 2934; baseline 0.006 -13"><span class='ocrx_word' id='word_1_333' title='bbox 73 2894 271 2934; x_wconf 57' lang='lat' dir='ltr'>q*1et,non</span> <span class='ocrx_word' id='word_1_334' title='bbox 293 2885 338 2922; x_wconf 87' lang='lat' dir='ltr'>de</span> <span class='ocrx_word' id='word_1_335' title='bbox 359 2886 414 2922; x_wconf 88' lang='lat' dir='ltr'>M.</span> <span class='ocrx_word' id='word_1_336' title='bbox 428 2883 553 2922; x_wconf 71' lang='lat' dir='ltr'>Crasso</span> <span class='ocrx_word' id='word_1_337' title='bbox 573 2886 770 2923; x_wconf 84' lang='lat' dir='ltr'>triumviro</span> <span class='ocrx_word' id='word_1_338' title='bbox 784 2914 794 2931; x_wconf 91' lang='lat'>,</span> <span class='ocrx_word' id='word_1_339' title='bbox 819 2887 878 2925; x_wconf 86' lang='lat' dir='ltr'>sed</span> <span class='ocrx_word' id='word_1_340' title='bbox 897 2888 942 2926; x_wconf 90' lang='lat' dir='ltr'>de</span> <span class='ocrx_word' id='word_1_341' title='bbox 962 2890 1034 2928; x_wconf 82' lang='lat' dir='ltr'>alio</span> 
     </span>
    </p>
   </div>
   <div class='ocr_carea' id='block_1_8' title="bbox 69 2935 1036 3036">
    <p class='ocr_par' dir='ltr' id='par_1_11' title="bbox 69 2935 1036 3036">
     <span class='ocr_line' id='line_1_50' title="bbox 70 2935 1036 2985; baseline 0.008 -13"><span class='ocrx_word' id='word_1_342' title='bbox 70 2947 259 2985; x_wconf 78' lang='lat' dir='ltr'>quoquam</span> <span class='ocrx_word' id='word_1_343' title='bbox 281 2935 584 2984; x_wconf 75' lang='lat' dir='ltr'>intelligendum:</span> <span class='ocrx_word' id='word_1_344' title='bbox 613 2947 939 2980; x_wconf 76' lang='lat' dir='ltr'>commentatores</span> <span class='ocrx_word' id='word_1_345' title='bbox 955 2953 1036 2980; x_wconf 89' lang='lat' dir='ltr'>non</span> 
     </span>
     <span class='ocr_line' id='line_1_51' title="bbox 69 2986 558 3036; baseline 0 -11"><span class='ocrx_word' id='word_1_346' title='bbox 69 2987 260 3036; x_wconf 72' lang='lat' dir='ltr'>explicant.</span> <span class='ocrx_word' id='word_1_347' title='bbox 287 2986 558 3026; x_wconf 76' lang='lat' dir='ltr'>GLAREA-N.</span> 
     </span>
    </p>
   </div>
   <div class='ocr_carea' id='block_1_9' title="bbox 491 1667 1040 1714">
    <p class='ocr_par' dir='ltr' id='par_1_12' title="bbox 491 1667 1040 1714">
     <span class='ocr_line' id='line_1_52' title="bbox 491 1667 1040 1714; baseline 0.009 -13"><span class='ocrx_word' id='word_1_348' title='bbox 491 1667 533 1702; x_wconf 83' lang='lat' dir='ltr'>Et</span> <span class='ocrx_word' id='word_1_349' title='bbox 564 1667 672 1714; x_wconf 81' lang='lat' dir='ltr'>consul</span> <span class='ocrx_word' id='word_1_350' title='bbox 703 1675 829 1704; x_wconf 79' lang='lat' dir='ltr'>tamen</span> <span class='ocrx_word' id='word_1_351' title='bbox 866 1667 903 1704; x_wconf 87' lang='lat' dir='ltr'>in</span> <span class='ocrx_word' id='word_1_352' title='bbox 933 1679 1040 1706; x_wconf 91' lang='lat' dir='ltr'>com-</span> 
     </span>
    </p>
   </div>
   <div class='ocr_carea' id='block_1_10' title="bbox 1933 839 2058 884">
    <p class='ocr_par' dir='ltr' id='par_1_13' title="bbox 1933 839 2058 884">
     <span class='ocr_line' id='line_1_53' title="bbox 1933 839 2058 884; baseline 0.016 -2"><span class='ocrx_word' id='word_1_353' title='bbox 1933 839 2058 884; x_wconf 88' lang='lat' dir='ltr'>nien-</span> 
     </span>
    </p>
   </div>
   <div class='ocr_carea' id='block_1_11' title="bbox 1082 957 2064 2315">
    <p class='ocr_par' dir='ltr' id='par_1_14' title="bbox 1089 957 2064 1404">
     <span class='ocr_line' id='line_1_54' title="bbox 1143 957 2064 1005; baseline 0.017 -16"><span class='ocrx_word' id='word_1_354' title='bbox 1143 967 1200 1003; x_wconf 72' lang='lat'>45.</span> <span class='ocrx_word' id='word_1_355' title='bbox 1234 957 1327 992; x_wconf 74' lang='lat' dir='ltr'>Inter</span> <span class='ocrx_word' id='word_1_356' title='bbox 1354 968 1548 995; x_wconf 79' lang='lat' dir='ltr'>ornamenta</span> <span class='ocrx_word' id='word_1_357' title='bbox 1581 966 1626 995; x_wconf 62' lang='lat' dir='ltr'>&lt;J</span> <span class='ocrx_word' id='word_1_358' title='bbox 1652 960 1806 999; x_wconf 78' lang='lat' dir='ltr'>dedecora</span> <span class='ocrx_word' id='word_1_359' title='bbox 1833 965 1965 1002; x_wconf 71' lang='lat' dir='ltr'>alterna</span> <span class='ocrx_word' id='word_1_360' title='bbox 1992 969 2064 1005; x_wconf 68' lang='lat' dir='ltr'>vice</span> 
     </span>
     <span class='ocr_line' id='line_1_55' title="bbox 1092 1005 2058 1061; baseline 0.017 -21"><span class='ocrx_word' id='word_1_361' title='bbox 1092 1005 1272 1055; x_wconf 65' lang='lat' dir='ltr'>versando]</span> <span class='ocrx_word' id='word_1_362' title='bbox 1305 1007 1473 1057; x_wconf 89' lang='lat' dir='ltr'>Uterque</span> <span class='ocrx_word' id='word_1_363' title='bbox 1495 1010 1626 1060; x_wconf 75' lang='lat' dir='ltr'>Ultraj.</span> <span class='ocrx_word' id='word_1_364' title='bbox 1644 1013 1712 1050; x_wconf 89' lang='lat' dir='ltr'>Bit.</span> <span class='ocrx_word' id='word_1_365' title='bbox 1733 1014 1838 1061; x_wconf 87' lang='lat' dir='ltr'>prim.</span> <span class='ocrx_word' id='word_1_366' title='bbox 1859 1017 1958 1055; x_wconf 89' lang='lat' dir='ltr'>Med.</span> <span class='ocrx_word' id='word_1_367' title='bbox 1989 1019 2058 1057; x_wconf 90' lang='lat' dir='ltr'>see.</span> 
     </span>
     <span class='ocr_line' id='line_1_56' title="bbox 1091 1059 2058 1115; baseline 0.018 -24"><span class='ocrx_word' id='word_1_368' title='bbox 1091 1060 1178 1092; x_wconf 71' lang='lat' dir='ltr'>inter</span> <span class='ocrx_word' id='word_1_369' title='bbox 1206 1068 1370 1094; x_wconf 79' lang='lat' dir='ltr'>tormenta</span> <span class='ocrx_word' id='word_1_370' title='bbox 1400 1067 1445 1095; x_wconf 65' lang='grc' dir='ltr'><em>Ψ</em></span> <span class='ocrx_word' id='word_1_371' title='bbox 1466 1059 1641 1108; x_wconf 82' lang='lat' dir='ltr'>dedecora,</span> <span class='ocrx_word' id='word_1_372' title='bbox 1679 1074 1746 1112; x_wconf 79' lang='lat' dir='ltr'>pro</span> <span class='ocrx_word' id='word_1_373' title='bbox 1774 1077 1846 1113; x_wconf 78' lang='lat' dir='ltr'>qua</span> <span class='ocrx_word' id='word_1_374' title='bbox 1874 1069 2058 1115; x_wconf 75' lang='lat' dir='ltr'>postrema</span> 
     </span>
     <span class='ocr_line' id='line_1_57' title="bbox 1094 1108 2060 1159; baseline 0.018 -16"><span class='ocrx_word' id='word_1_375' title='bbox 1094 1118 1191 1144; x_wconf 91' lang='lat' dir='ltr'>voce</span> <span class='ocrx_word' id='word_1_376' title='bbox 1220 1108 1323 1146; x_wconf 80' lang='lat' dir='ltr'>Harl.</span> <span class='ocrx_word' id='word_1_377' title='bbox 1358 1109 1470 1147; x_wconf 80' lang='lat' dir='ltr'>decora</span> <span class='ocrx_word' id='word_1_378' title='bbox 1495 1112 1614 1151; x_wconf 82' lang='lat' dir='ltr'>habet.</span> <span class='ocrx_word' id='word_1_379' title='bbox 1651 1117 1830 1152; x_wconf 75' lang='lat' dir='ltr'>Tormenta</span> <span class='ocrx_word' id='word_1_380' title='bbox 1864 1118 1951 1157; x_wconf 89' lang='lat' dir='ltr'>inde</span> <span class='ocrx_word' id='word_1_381' title='bbox 1980 1122 2060 1159; x_wconf 89' lang='lat' dir='ltr'>for-</span> 
     </span>
     <span class='ocr_line' id='line_1_58' title="bbox 1091 1156 2058 1220; baseline 0.018 -27"><span class='ocrx_word' id='word_1_382' title='bbox 1091 1156 1179 1195; x_wconf 82' lang='lat' dir='ltr'>taffe</span> <span class='ocrx_word' id='word_1_383' title='bbox 1198 1168 1325 1197; x_wconf 82' lang='lat' dir='ltr'>natum</span> <span class='ocrx_word' id='word_1_384' title='bbox 1342 1188 1352 1204; x_wconf 91' lang='lat'>,</span> <span class='ocrx_word' id='word_1_385' title='bbox 1375 1161 1461 1210; x_wconf 89' lang='lat' dir='ltr'>quia</span> <span class='ocrx_word' id='word_1_386' title='bbox 1490 1163 1527 1200; x_wconf 91' lang='lat' dir='ltr'>in</span> <span class='ocrx_word' id='word_1_387' title='bbox 1554 1163 1627 1202; x_wconf 88' lang='lat' dir='ltr'>fine</span> <span class='ocrx_word' id='word_1_388' title='bbox 1657 1165 1745 1203; x_wconf 86' lang='lat' dir='ltr'>dicit</span> <span class='ocrx_word' id='word_1_389' title='bbox 1770 1167 1958 1209; x_wconf 76' lang='lat' dir='ltr'>fortunam</span> <span class='ocrx_word' id='word_1_390' title='bbox 1980 1174 2058 1220; x_wconf 79' lang='lat' dir='ltr'>pas-</span> 
     </span>
     <span class='ocr_line' id='line_1_59' title="bbox 1089 1208 2059 1266; baseline 0.011 -21"><span class='ocrx_word' id='word_1_391' title='bbox 1089 1208 1165 1246; x_wconf 81' lang='lat' dir='ltr'>sam</span> <span class='ocrx_word' id='word_1_392' title='bbox 1187 1221 1264 1247; x_wconf 89' lang='lat' dir='ltr'>non</span> <span class='ocrx_word' id='word_1_393' title='bbox 1283 1210 1355 1248; x_wconf 81' lang='lat' dir='ltr'>efle</span> <span class='ocrx_word' id='word_1_394' title='bbox 1376 1222 1413 1248; x_wconf 80' lang='lat' dir='ltr'>ut</span> <span class='ocrx_word' id='word_1_395' title='bbox 1437 1217 1581 1250; x_wconf 79' lang='lat' dir='ltr'>aeternis</span> <span class='ocrx_word' id='word_1_396' title='bbox 1600 1218 1699 1252; x_wconf 85' lang='lat' dir='ltr'>malis</span> <span class='ocrx_word' id='word_1_397' title='bbox 1716 1219 1948 1266; x_wconf 75' lang='lat' dir='ltr'>ingemisceret.</span> <span class='ocrx_word' id='word_1_398' title='bbox 1985 1226 2059 1261; x_wconf 84' lang='lat' dir='ltr'>Re.</span> 
     </span>
     <span class='ocr_line' id='line_1_60' title="bbox 1092 1258 2058 1315; baseline 0.019 -20"><span class='ocrx_word' id='word_1_399' title='bbox 1092 1258 1149 1315; x_wconf 67' lang='lat' dir='ltr'>ete</span> <span class='ocrx_word' id='word_1_400' title='bbox 1175 1272 1266 1299; x_wconf 86' lang='lat' dir='ltr'>vero</span> <span class='ocrx_word' id='word_1_401' title='bbox 1284 1273 1499 1310; x_wconf 78' lang='lat' dir='ltr'>ornamenta,</span> <span class='ocrx_word' id='word_1_402' title='bbox 1527 1277 1621 1314; x_wconf 76' lang='lat' dir='ltr'>quae</span> <span class='ocrx_word' id='word_1_403' title='bbox 1652 1279 1721 1315; x_wconf 91' lang='lat' dir='ltr'>pro</span> <span class='ocrx_word' id='word_1_404' title='bbox 1749 1269 1951 1310; x_wconf 84' lang='lat' dir='ltr'>honoribus</span> <span class='ocrx_word' id='word_1_405' title='bbox 1980 1275 2058 1312; x_wconf 79' lang='lat' dir='ltr'>sae—</span> 
     </span>
     <span class='ocr_line' id='line_1_61' title="bbox 1091 1311 2055 1368; baseline 0.018 -21"><span class='ocrx_word' id='word_1_406' title='bbox 1091 1311 1231 1358; x_wconf 83' lang='lat' dir='ltr'>piffime</span> <span class='ocrx_word' id='word_1_407' title='bbox 1261 1321 1461 1360; x_wconf 88' lang='lat' dir='ltr'>ponuntur.</span> <span class='ocrx_word' id='word_1_408' title='bbox 1512 1317 1613 1354; x_wconf 87' lang='lat' dir='ltr'>Hinc</span> <span class='ocrx_word' id='word_1_409' title='bbox 1635 1318 1736 1355; x_wconf 87' lang='lat' dir='ltr'>Med.</span> <span class='ocrx_word' id='word_1_410' title='bbox 1763 1321 1868 1368; x_wconf 89' lang='lat' dir='ltr'>prim.</span> <span class='ocrx_word' id='word_1_411' title='bbox 1893 1335 1912 1360; x_wconf 92' lang='lat' dir='ltr'>e</span> <span class='ocrx_word' id='word_1_412' title='bbox 1930 1324 2055 1364; x_wconf 80' lang='lat' dir='ltr'>Gloffa</span> 
     </span>
     <span class='ocr_line' id='line_1_62' title="bbox 1090 1363 1580 1404; baseline 0.014 -7"><span class='ocrx_word' id='word_1_413' title='bbox 1090 1364 1178 1398; x_wconf 81' lang='lat' dir='ltr'>inter</span> <span class='ocrx_word' id='word_1_414' title='bbox 1195 1363 1329 1400; x_wconf 78' lang='lat' dir='ltr'>honores</span> <span class='ocrx_word' id='word_1_415' title='bbox 1351 1373 1395 1400; x_wconf 60' lang='grc' dir='ltr'>ω’</span> <span class='ocrx_word' id='word_1_416' title='bbox 1416 1365 1580 1404; x_wconf 76' lang='lat' dir='ltr'>dedecora.</span> 
     </span>
    </p>

    <p class='ocr_par' dir='ltr' id='par_1_15' title="bbox 1085 1413 2062 1566">
     <span class='ocr_line' id='line_1_63' title="bbox 1141 1413 2062 1472; baseline 0.017 -24"><span class='ocrx_word' id='word_1_417' title='bbox 1141 1413 1199 1459; x_wconf 75' lang='lat'>46.</span> <span class='ocrx_word' id='word_1_418' title='bbox 1239 1417 1437 1463; x_wconf 74' lang='lat' dir='ltr'>Consulatui</span> <span class='ocrx_word' id='word_1_419' title='bbox 1468 1418 1564 1454; x_wconf 80' lang='lat' dir='ltr'>illius</span> <span class='ocrx_word' id='word_1_420' title='bbox 1598 1418 1863 1472; x_wconf 79' lang='lat' dir='ltr'>damnationem]</span> <span class='ocrx_word' id='word_1_421' title='bbox 1901 1424 1961 1461; x_wconf 83' lang='lat' dir='ltr'>De</span> <span class='ocrx_word' id='word_1_422' title='bbox 1986 1426 2062 1464; x_wconf 55' lang='lat' dir='ltr'>ha&amp;</span> 
     </span>
     <span class='ocr_line' id='line_1_64' title="bbox 1093 1462 2058 1526; baseline 0.013 -26"><span class='ocrx_word' id='word_1_423' title='bbox 1093 1462 1336 1503; x_wconf 75' lang='lat' dir='ltr'>danmatione</span> <span class='ocrx_word' id='word_1_424' title='bbox 1365 1467 1483 1515; x_wconf 86' lang='lat' dir='ltr'>agitur</span> <span class='ocrx_word' id='word_1_425' title='bbox 1513 1470 1624 1508; x_wconf 87' lang='lat' dir='ltr'>etiam</span> <span class='ocrx_word' id='word_1_426' title='bbox 1657 1472 1756 1520; x_wconf 83' lang='lat' dir='ltr'>apud</span> <span class='ocrx_word' id='word_1_427' title='bbox 1784 1473 1872 1512; x_wconf 81' lang='lat' dir='ltr'>Fest.</span> <span class='ocrx_word' id='word_1_428' title='bbox 1894 1476 1931 1512; x_wconf 87' lang='lat' dir='ltr'>in</span> <span class='ocrx_word' id='word_1_429' title='bbox 1959 1480 2058 1526; x_wconf 69' lang='lat' dir='ltr'>Reli=</span> 
     </span>
     <span class='ocr_line' id='line_1_65' title="bbox 1085 1516 1469 1566; baseline 0.021 -17"><span class='ocrx_word' id='word_1_430' title='bbox 1085 1517 1197 1566; x_wconf 74' lang='lat' dir='ltr'>gione.</span> <span class='ocrx_word' id='word_1_431' title='bbox 1224 1516 1469 1556; x_wconf 83' lang='lat' dir='ltr'>PERIZON-</span> 
     </span>
    </p>

    <p class='ocr_par' dir='ltr' id='par_1_16' title="bbox 1082 1569 2061 2066">
     <span class='ocr_line' id='line_1_66' title="bbox 1140 1569 2059 1623; baseline 0.013 -20"><span class='ocrx_word' id='word_1_432' title='bbox 1140 1578 1199 1612; x_wconf 81' lang='lat'>47.</span> <span class='ocrx_word' id='word_1_433' title='bbox 1228 1569 1266 1604; x_wconf 74' lang='lat' dir='ltr'>In</span> <span class='ocrx_word' id='word_1_434' title='bbox 1289 1571 1348 1606; x_wconf 87' lang='lat' dir='ltr'>Cn.</span> <span class='ocrx_word' id='word_1_435' title='bbox 1376 1571 1529 1606; x_wconf 85' lang='lat' dir='ltr'>Cornelio</span> <span class='ocrx_word' id='word_1_436' title='bbox 1548 1573 1697 1621; x_wconf 77' lang='lat' dir='ltr'>Scipione</span> <span class='ocrx_word' id='word_1_437' title='bbox 1717 1572 1860 1623; x_wconf 55' lang='lat' dir='ltr'>estfina]</span> <span class='ocrx_word' id='word_1_438' title='bbox 1899 1576 1998 1613; x_wconf 79' lang='lat' dir='ltr'>Vide</span> <span class='ocrx_word' id='word_1_439' title='bbox 2021 1579 2059 1616; x_wconf 67' lang='grc' dir='ltr'>δί</span> 
     </span>
     <span class='ocr_line' id='line_1_67' title="bbox 1091 1616 2055 1671; baseline 0.013 -19"><span class='ocrx_word' id='word_1_440' title='bbox 1091 1616 1194 1664; x_wconf 84' lang='lat' dir='ltr'>supra</span> <span class='ocrx_word' id='word_1_441' title='bbox 1214 1630 1268 1655; x_wconf 83' lang='lat' dir='ltr'>vr.</span> <span class='ocrx_word' id='word_1_442' title='bbox 1296 1619 1329 1656; x_wconf 93' lang='lat'>6.</span> <span class='ocrx_word' id='word_1_443' title='bbox 1363 1632 1396 1657; x_wconf 86' lang='lat' dir='ltr'>z.</span> <span class='ocrx_word' id='word_1_444' title='bbox 1426 1620 1497 1658; x_wconf 78' lang='lat' dir='ltr'>·ub1</span> <span class='ocrx_word' id='word_1_445' title='bbox 1530 1625 1703 1659; x_wconf 61' lang='lat' dir='ltr'>Cornelius</span> <span class='ocrx_word' id='word_1_446' title='bbox 1730 1626 1856 1671; x_wconf 62' lang='lat' dir='ltr'>eAfina</span> <span class='ocrx_word' id='word_1_447' title='bbox 1888 1636 2055 1666; x_wconf 72' lang='lat' dir='ltr'>vocatur.</span> 
     </span>
     <span class='ocr_line' id='line_1_68' title="bbox 1092 1667 2059 1726; baseline 0.013 -23"><span class='ocrx_word' id='word_1_448' title='bbox 1092 1667 1286 1706; x_wconf 80' lang='lat' dir='ltr'>VORST.</span> <span class='ocrx_word' id='word_1_449' title='bbox 1315 1670 1357 1706; x_wconf 91' lang='lat' dir='ltr'>In</span> <span class='ocrx_word' id='word_1_450' title='bbox 1378 1671 1483 1708; x_wconf 88' lang='lat' dir='ltr'>MSS.</span> <span class='ocrx_word' id='word_1_451' title='bbox 1512 1674 1795 1721; x_wconf 79' lang='lat' dir='ltr'>quatuordecim</span> <span class='ocrx_word' id='word_1_452' title='bbox 1818 1677 1915 1714; x_wconf 77' lang='lat' dir='ltr'>male</span> <span class='ocrx_word' id='word_1_453' title='bbox 1935 1680 2059 1726; x_wconf 79' lang='lat' dir='ltr'>appel-</span> 
     </span>
     <span class='ocr_line' id='line_1_69' title="bbox 1092 1717 2056 1779; baseline 0.015 -26"><span class='ocrx_word' id='word_1_454' title='bbox 1092 1717 1186 1755; x_wconf 79' lang='lat' dir='ltr'>latur</span> <span class='ocrx_word' id='word_1_455' title='bbox 1211 1720 1340 1766; x_wconf 81' lang='lat' dir='ltr'>Nasica</span> <span class='ocrx_word' id='word_1_456' title='bbox 1362 1747 1372 1763; x_wconf 94' lang='lat'>‚</span> <span class='ocrx_word' id='word_1_457' title='bbox 1404 1723 1604 1770; x_wconf 88' lang='lat' dir='ltr'>quomodo</span> <span class='ocrx_word' id='word_1_458' title='bbox 1639 1726 1750 1763; x_wconf 79' lang='lat' dir='ltr'>etiam</span> <span class='ocrx_word' id='word_1_459' title='bbox 1790 1727 1825 1763; x_wconf 89' lang='lat' dir='ltr'>in</span> <span class='ocrx_word' id='word_1_460' title='bbox 1854 1728 1923 1764; x_wconf 78' lang='lat' dir='ltr'>Ed.</span> <span class='ocrx_word' id='word_1_461' title='bbox 1948 1731 2056 1779; x_wconf 81' lang='lat' dir='ltr'>Mog.</span> 
     </span>
     <span class='ocr_line' id='line_1_70' title="bbox 1092 1769 2061 1825; baseline 0.014 -21"><span class='ocrx_word' id='word_1_462' title='bbox 1092 1769 1192 1806; x_wconf 90' lang='lat' dir='ltr'>Ven.</span> <span class='ocrx_word' id='word_1_463' title='bbox 1220 1770 1377 1809; x_wconf 88' lang='lat' dir='ltr'>Mediol.</span> <span class='ocrx_word' id='word_1_464' title='bbox 1399 1774 1437 1809; x_wconf 71' lang='grc' dir='ltr'>ὃ(</span> <span class='ocrx_word' id='word_1_465' title='bbox 1454 1774 1613 1811; x_wconf 82' lang='lat' dir='ltr'>Ascensii</span> <span class='ocrx_word' id='word_1_466' title='bbox 1627 1804 1637 1819; x_wconf 90' lang='lat'><em>‚</em></span> <span class='ocrx_word' id='word_1_467' title='bbox 1665 1777 1728 1825; x_wconf 90' lang='lat' dir='ltr'>qui</span> <span class='ocrx_word' id='word_1_468' title='bbox 1747 1778 1902 1825; x_wconf 80' lang='lat' dir='ltr'>explieat</span> <span class='ocrx_word' id='word_1_469' title='bbox 1923 1780 1966 1816; x_wconf 87' lang='lat' dir='ltr'>de</span> <span class='ocrx_word' id='word_1_470' title='bbox 1980 1786 2061 1817; x_wconf 81' lang='lat' dir='ltr'>Na-</span> 
     </span>
     <span class='ocr_line' id='line_1_71' title="bbox 1082 1819 2059 1875; baseline 0.014 -20"><span class='ocrx_word' id='word_1_471' title='bbox 1082 1819 1152 1866; x_wconf 80' lang='lat' dir='ltr'>fica</span> <span class='ocrx_word' id='word_1_472' title='bbox 1177 1821 1306 1858; x_wconf 85' lang='lat' dir='ltr'>Duillii</span> <span class='ocrx_word' id='word_1_473' title='bbox 1337 1823 1499 1872; x_wconf 71' lang='lat' dir='ltr'>collega,</span> <span class='ocrx_word' id='word_1_474' title='bbox 1528 1826 1591 1874; x_wconf 91' lang='lat' dir='ltr'>qui</span> <span class='ocrx_word' id='word_1_475' title='bbox 1619 1836 1717 1864; x_wconf 85' lang='lat' dir='ltr'>certe</span> <span class='ocrx_word' id='word_1_476' title='bbox 1739 1829 1862 1875; x_wconf 60' lang='lat' dir='ltr'>&lt;Asina</span> <span class='ocrx_word' id='word_1_477' title='bbox 1896 1831 1964 1868; x_wconf 86' lang='lat' dir='ltr'>fuit</span> <span class='ocrx_word' id='word_1_478' title='bbox 1981 1860 1990 1873; x_wconf 94' lang='lat'>‚</span> <span class='ocrx_word' id='word_1_479' title='bbox 2017 1841 2059 1870; x_wconf 87' lang='lat' dir='ltr'>ut</span> 
     </span>
     <span class='ocr_line' id='line_1_72' title="bbox 1084 1872 2060 1925; baseline 0.013 -18"><span class='ocrx_word' id='word_1_480' title='bbox 1084 1872 1164 1918; x_wconf 74' lang='lat' dir='ltr'>jam</span> <span class='ocrx_word' id='word_1_481' title='bbox 1184 1872 1403 1910; x_wconf 77' lang='lat' dir='ltr'>scribebatur</span> <span class='ocrx_word' id='word_1_482' title='bbox 1431 1876 1542 1912; x_wconf 80' lang='lat' dir='ltr'>etiam</span> <span class='ocrx_word' id='word_1_483' title='bbox 1572 1877 1607 1913; x_wconf 89' lang='lat' dir='ltr'>in</span> <span class='ocrx_word' id='word_1_484' title='bbox 1630 1880 1793 1925; x_wconf 77' lang='lat' dir='ltr'>margine</span> <span class='ocrx_word' id='word_1_485' title='bbox 1812 1880 1879 1917; x_wconf 84' lang='lat' dir='ltr'>Ed.</span> <span class='ocrx_word' id='word_1_486' title='bbox 1908 1883 2060 1920; x_wconf 81' lang='lat' dir='ltr'>Medio-</span> 
     </span>
     <span class='ocr_line' id='line_1_73' title="bbox 1089 1922 2056 1979; baseline 0.013 -21"><span class='ocrx_word' id='word_1_487' title='bbox 1089 1922 1253 1959; x_wconf 80' lang='lat' dir='ltr'>lanenfis.</span> <span class='ocrx_word' id='word_1_488' title='bbox 1278 1924 1315 1961; x_wconf 91' lang='lat' dir='ltr'>in</span> <span class='ocrx_word' id='word_1_489' title='bbox 1336 1924 1468 1973; x_wconf 84' lang='lat' dir='ltr'>Copes.</span> <span class='ocrx_word' id='word_1_490' title='bbox 1495 1927 1594 1974; x_wconf 84' lang='lat' dir='ltr'>prior</span> <span class='ocrx_word' id='word_1_491' title='bbox 1614 1941 1688 1965; x_wconf 71' lang='lat' dir='ltr'>vox</span> <span class='ocrx_word' id='word_1_492' title='bbox 1709 1939 1784 1966; x_wconf 55' lang='lat' dir='ltr'>erat</span> <span class='ocrx_word' id='word_1_493' title='bbox 1803 1932 2002 1979; x_wconf 53' lang='lat' dir='ltr'>exponen,</span> <span class='ocrx_word' id='word_1_494' title='bbox 2018 1937 2056 1972; x_wconf 70' lang='grc' dir='ltr'>δε</span> 
     </span>
     <span class='ocr_line' id='line_1_74' title="bbox 1090 1974 2058 2027; baseline 0.015 -19"><span class='ocrx_word' id='word_1_495' title='bbox 1090 1974 1300 2010; x_wconf 78' lang='lat' dir='ltr'>recentiore</span> <span class='ocrx_word' id='word_1_496' title='bbox 1323 1986 1436 2013; x_wconf 81' lang='lat' dir='ltr'>manu</span> <span class='ocrx_word' id='word_1_497' title='bbox 1458 1977 1657 2025; x_wconf 68' lang='lat' dir='ltr'>repositum</span> <span class='ocrx_word' id='word_1_498' title='bbox 1672 1981 1805 2027; x_wconf 51' lang='lat' dir='ltr'>ffifina.</span> <span class='ocrx_word' id='word_1_499' title='bbox 1834 1982 1903 2020; x_wconf 82' lang='lat' dir='ltr'>Sed</span> <span class='ocrx_word' id='word_1_500' title='bbox 1925 1985 2058 2023; x_wconf 71' lang='lat' dir='ltr'>adino-</span> 
     </span>
     <span class='ocr_line' id='line_1_75' title="bbox 1091 2023 1562 2066; baseline 0.011 -7"><span class='ocrx_word' id='word_1_501' title='bbox 1091 2023 1172 2060; x_wconf 82' lang='lat' dir='ltr'>nuit</span> <span class='ocrx_word' id='word_1_502' title='bbox 1189 2023 1330 2062; x_wconf 83' lang='lat' dir='ltr'>dudum</span> <span class='ocrx_word' id='word_1_503' title='bbox 1351 2026 1562 2066; x_wconf 72' lang='lat' dir='ltr'>Glareanus.</span> 
     </span>
    </p>

    <p class='ocr_par' dir='ltr' id='par_1_17' title="bbox 1087 2073 2062 2315">
     <span class='ocr_line' id='line_1_76' title="bbox 1141 2073 2060 2135; baseline 0.016 -26"><span class='ocrx_word' id='word_1_504' title='bbox 1141 2073 1199 2119; x_wconf 77' lang='grc'>48.</span> <span class='ocrx_word' id='word_1_505' title='bbox 1236 2078 1424 2127; x_wconf 81' lang='lat' dir='ltr'>Consulque</span> <span class='ocrx_word' id='word_1_506' title='bbox 1461 2080 1562 2114; x_wconf 80' lang='lat' dir='ltr'>etiam</span> <span class='ocrx_word' id='word_1_507' title='bbox 1587 2081 1706 2117; x_wconf 78' lang='lat' dir='ltr'>iterum</span> <span class='ocrx_word' id='word_1_508' title='bbox 1732 2094 1859 2120; x_wconf 76' lang='lat' dir='ltr'>creatus</span> <span class='ocrx_word' id='word_1_509' title='bbox 1890 2084 1950 2135; x_wconf 80' lang='lat' dir='ltr'>est]</span> <span class='ocrx_word' id='word_1_510' title='bbox 2003 2086 2060 2124; x_wconf 80' lang='lat' dir='ltr'>Sic</span> 
     </span>
     <span class='ocr_line' id='line_1_77' title="bbox 1091 2123 2062 2181; baseline 0.012 -20"><span class='ocrx_word' id='word_1_511' title='bbox 1091 2123 1250 2172; x_wconf 77' lang='lat' dir='ltr'>Pighius.</span> <span class='ocrx_word' id='word_1_512' title='bbox 1293 2128 1416 2166; x_wconf 83' lang='lat' dir='ltr'>Antea</span> <span class='ocrx_word' id='word_1_513' title='bbox 1456 2129 1653 2178; x_wconf 75' lang='lat' dir='ltr'>legebatur.</span> <span class='ocrx_word' id='word_1_514' title='bbox 1702 2136 1826 2181; x_wconf 68' lang='lat' dir='ltr'>Consul</span> <span class='ocrx_word' id='word_1_515' title='bbox 1863 2139 1964 2172; x_wconf 79' lang='lat' dir='ltr'>etiam</span> <span class='ocrx_word' id='word_1_516' title='bbox 1998 2139 2062 2173; x_wconf 81' lang='lat' dir='ltr'>ite-</span> 
     </span>
     <span class='ocr_line' id='line_1_78' title="bbox 1092 2179 2057 2236; baseline 0.016 -25"><span class='ocrx_word' id='word_1_517' title='bbox 1092 2189 1163 2211; x_wconf 83' lang='lat' dir='ltr'>rum</span> <span class='ocrx_word' id='word_1_518' title='bbox 1190 2189 1329 2215; x_wconf 80' lang='lat' dir='ltr'>creatus.</span> <span class='ocrx_word' id='word_1_519' title='bbox 1356 2179 1464 2216; x_wconf 85' lang='lat' dir='ltr'>MSS.</span> <span class='ocrx_word' id='word_1_520' title='bbox 1503 2181 1703 2219; x_wconf 84' lang='lat' dir='ltr'>duodecim</span> <span class='ocrx_word' id='word_1_521' title='bbox 1738 2196 1823 2221; x_wconf 88' lang='lat' dir='ltr'>curn</span> <span class='ocrx_word' id='word_1_522' title='bbox 1856 2186 1922 2223; x_wconf 87' lang='lat' dir='ltr'>Ed.</span> <span class='ocrx_word' id='word_1_523' title='bbox 1952 2189 2057 2236; x_wconf 81' lang='lat' dir='ltr'>Mog.</span> 
     </span>
     <span class='ocr_line' id='line_1_79' title="bbox 1087 2228 2060 2313; baseline 0.016 -52"><span class='ocrx_word' id='word_1_524' title='bbox 1087 2228 1217 2313; x_wconf 51' lang='lat' dir='ltr'>fffisul</span> <span class='ocrx_word' id='word_1_525' title='bbox 1241 2230 1344 2265; x_wconf 72' lang='lat' dir='ltr'>etiam</span> <span class='ocrx_word' id='word_1_526' title='bbox 1370 2233 1491 2267; x_wconf 69' lang='lat' dir='ltr'>iterum</span> <span class='ocrx_word' id='word_1_527' title='bbox 1516 2243 1643 2269; x_wconf 72' lang='lat' dir='ltr'>creatus</span> <span class='ocrx_word' id='word_1_528' title='bbox 1670 2236 1724 2278; x_wconf 72' lang='lat' dir='ltr'>est.</span> <span class='ocrx_word' id='word_1_529' title='bbox 1777 2237 1895 2284; x_wconf 87' lang='lat' dir='ltr'>Quod</span> <span class='ocrx_word' id='word_1_530' title='bbox 1926 2239 2060 2277; x_wconf 67' lang='lat' dir='ltr'>Credidi</span> 
     </span>
     <span class='ocr_line' id='line_1_80' title="bbox 1087 2288 1262 2315; baseline 0.011 -2"><span class='ocrx_word' id='word_1_531' title='bbox 1087 2288 1124 2313; x_wconf 80' lang='lat' dir='ltr'>-u</span> <span class='ocrx_word' id='word_1_532' title='bbox 1168 2289 1262 2315; x_wconf 86' lang='lat' dir='ltr'>cere.</span> 
     </span>
    </p>
   </div>
   <div class='ocr_carea' id='block_1_12' title="bbox 1082 2329 2057 3080">
    <p class='ocr_par' dir='ltr' id='par_1_18' title="bbox 1088 2329 2054 2538">
     <span class='ocr_line' id='line_1_81' title="bbox 1137 2329 2054 2388; baseline 0.013 -25"><span class='ocrx_word' id='word_1_533' title='bbox 1137 2339 1196 2375; x_wconf 76' lang='lat'>49.</span> <span class='ocrx_word' id='word_1_534' title='bbox 1223 2329 1299 2370; x_wconf 49' lang='lat' dir='ltr'>vid</span> <span class='ocrx_word' id='word_1_535' title='bbox 1334 2330 1657 2380; x_wconf 62' lang='lat' dir='ltr'>Carthaginiensium</span> <span class='ocrx_word' id='word_1_536' title='bbox 1697 2337 1869 2382; x_wconf 64' lang='lat' dir='ltr'>pervenire</span> <span class='ocrx_word' id='word_1_537' title='bbox 1904 2338 2054 2388; x_wconf 72' lang='lat' dir='ltr'>catenas]</span> 
     </span>
     <span class='ocr_line' id='line_1_82' title="bbox 1090 2380 2052 2436; baseline 0.014 -22"><span class='ocrx_word' id='word_1_538' title='bbox 1090 2380 1330 2418; x_wconf 66' lang='lat' dir='ltr'>Pei-venturum</span> <span class='ocrx_word' id='word_1_539' title='bbox 1350 2396 1376 2426; x_wconf 47' lang='lat'>,*</span> <span class='ocrx_word' id='word_1_540' title='bbox 1405 2383 1535 2420; x_wconf 85' lang='lat' dir='ltr'>melius</span> <span class='ocrx_word' id='word_1_541' title='bbox 1562 2385 1598 2420; x_wconf 88' lang='lat' dir='ltr'>in</span> <span class='ocrx_word' id='word_1_542' title='bbox 1630 2386 1889 2436; x_wconf 78' lang='lat' dir='ltr'>manuscriptis.</span> <span class='ocrx_word' id='word_1_543' title='bbox 1916 2390 2052 2426; x_wconf 81' lang='lat' dir='ltr'>PIGH.</span> 
     </span>
     <span class='ocr_line' id='line_1_83' title="bbox 1089 2429 2050 2476; baseline 0.01 -10"><span class='ocrx_word' id='word_1_544' title='bbox 1089 2429 1213 2467; x_wconf 78' lang='lat' dir='ltr'>Etiam</span> <span class='ocrx_word' id='word_1_545' title='bbox 1239 2431 1277 2468; x_wconf 91' lang='lat' dir='ltr'>in</span> <span class='ocrx_word' id='word_1_546' title='bbox 1304 2433 1443 2471; x_wconf 88' lang='lat' dir='ltr'>nostris.</span> <span class='ocrx_word' id='word_1_547' title='bbox 1497 2435 1660 2473; x_wconf 79' lang='lat' dir='ltr'>Mutavit</span> <span class='ocrx_word' id='word_1_548' title='bbox 1688 2436 1814 2475; x_wconf 82' lang='lat' dir='ltr'>Aldus.</span> <span class='ocrx_word' id='word_1_549' title='bbox 1863 2439 2050 2476; x_wconf 80' lang='lat' dir='ltr'>Ascenfius</span> 
     </span>
     <span class='ocr_line' id='line_1_84' title="bbox 1088 2480 2053 2538; baseline 0.007 -21"><span class='ocrx_word' id='word_1_550' title='bbox 1088 2480 1150 2517; x_wconf 89' lang='lat' dir='ltr'>hic</span> <span class='ocrx_word' id='word_1_551' title='bbox 1183 2483 1341 2520; x_wconf 87' lang='lat' dir='ltr'>verbum</span> <span class='ocrx_word' id='word_1_552' title='bbox 1390 2484 1534 2532; x_wconf 87' lang='lat' dir='ltr'>prorsus</span> <span class='ocrx_word' id='word_1_553' title='bbox 1582 2487 1735 2532; x_wconf 84' lang='lat' dir='ltr'>omisit,</span> <span class='ocrx_word' id='word_1_554' title='bbox 1780 2489 1900 2538; x_wconf 77' lang='lat' dir='ltr'>postea</span> <span class='ocrx_word' id='word_1_555' title='bbox 1944 2489 2053 2526; x_wconf 77' lang='lat' dir='ltr'>semel</span> 
     </span>
    </p>

    <p class='ocr_par' dir='ltr' id='par_1_19' title="bbox 1082 2529 2057 3080">
     <span class='ocr_line' id='line_1_85' title="bbox 1089 2529 1980 2587; baseline 0.009 -20"><span class='ocrx_word' id='word_1_556' title='bbox 1089 2529 1274 2580; x_wconf 75' lang='lat' dir='ltr'>positum,</span> <span class='ocrx_word' id='word_1_557' title='bbox 1302 2542 1422 2578; x_wconf 84' lang='lat' dir='ltr'>ratus,</span> <span class='ocrx_word' id='word_1_558' title='bbox 1451 2537 1606 2584; x_wconf 89' lang='lat' dir='ltr'>opinor,</span> <span class='ocrx_word' id='word_1_559' title='bbox 1632 2539 1692 2576; x_wconf 88' lang='lat' dir='ltr'>hie</span> <span class='ocrx_word' id='word_1_560' title='bbox 1717 2540 1796 2577; x_wconf 79' lang='lat' dir='ltr'>satis</span> <span class='ocrx_word' id='word_1_561' title='bbox 1820 2540 1980 2587; x_wconf 79' lang='lat' dir='ltr'>intelligi.</span> 
     </span>
     <span class='ocr_line' id='line_1_86' title="bbox 1142 2584 2057 2639; baseline 0.005 -19"><span class='ocrx_word' id='word_1_562' title='bbox 1142 2595 1200 2631; x_wconf 74' lang='lat'>50.</span> <span class='ocrx_word' id='word_1_563' title='bbox 1242 2584 1318 2625; x_wconf 68' lang='lat' dir='ltr'>:Ad</span> <span class='ocrx_word' id='word_1_564' title='bbox 1345 2588 1481 2634; x_wconf 78' lang='lat' dir='ltr'>summa</span> <span class='ocrx_word' id='word_1_565' title='bbox 1515 2590 1646 2637; x_wconf 77' lang='lat' dir='ltr'>imperii</span> <span class='ocrx_word' id='word_1_566' title='bbox 1683 2601 1914 2639; x_wconf 64' lang='lat' dir='ltr'>perventurum</span> <span class='ocrx_word' id='word_1_567' title='bbox 1951 2591 2057 2634; x_wconf 74' lang='lat' dir='ltr'>sasti-</span> 
     </span>
     <span class='ocr_line' id='line_1_87' title="bbox 1082 2633 2049 2686; baseline 0.007 -16"><span class='ocrx_word' id='word_1_568' title='bbox 1082 2633 1165 2684; x_wconf 82' lang='lat' dir='ltr'>gia]</span> <span class='ocrx_word' id='word_1_569' title='bbox 1214 2634 1430 2675; x_wconf 86' lang='lat' dir='ltr'>Gronovius</span> <span class='ocrx_word' id='word_1_570' title='bbox 1467 2640 1657 2677; x_wconf 77' lang='lat' dir='ltr'>extribus</span> <span class='ocrx_word' id='word_1_571' title='bbox 1704 2640 1806 2677; x_wconf 80' lang='lat' dir='ltr'>MSS.</span> <span class='ocrx_word' id='word_1_572' title='bbox 1852 2639 2049 2686; x_wconf 78' lang='lat' dir='ltr'>legendum</span> 
     </span>
     <span class='ocr_line' id='line_1_88' title="bbox 1090 2685 2051 2738; baseline 0.004 -17"><span class='ocrx_word' id='word_1_573' title='bbox 1090 2685 1244 2730; x_wconf 85' lang='lat' dir='ltr'>censet,</span> <span class='ocrx_word' id='word_1_574' title='bbox 1288 2686 1363 2728; x_wconf 52' lang='lat' dir='ltr'>uid</span> <span class='ocrx_word' id='word_1_575' title='bbox 1390 2691 1516 2736; x_wconf 79' lang='lat' dir='ltr'>summi</span> <span class='ocrx_word' id='word_1_576' title='bbox 1544 2691 1672 2737; x_wconf 78' lang='lat' dir='ltr'>imperii</span> <span class='ocrx_word' id='word_1_577' title='bbox 1701 2700 1934 2738; x_wconf 67' lang='lat' dir='ltr'>perventurum</span> <span class='ocrx_word' id='word_1_578' title='bbox 1970 2691 2051 2737; x_wconf 85' lang='lat' dir='ltr'>infi-</span> 
     </span>
     <span class='ocr_line' id='line_1_89' title="bbox 1083 2736 2053 2789; baseline 0.005 -17"><span class='ocrx_word' id='word_1_579' title='bbox 1083 2738 1183 2786; x_wconf 82' lang='lat' dir='ltr'>gnia.</span> <span class='ocrx_word' id='word_1_580' title='bbox 1242 2736 1333 2776; x_wconf 81' lang='lat' dir='ltr'>Sunt</span> <span class='ocrx_word' id='word_1_581' title='bbox 1365 2748 1500 2776; x_wconf 50' lang='lat' dir='ltr'>nutem</span> <span class='ocrx_word' id='word_1_582' title='bbox 1543 2741 1666 2787; x_wconf 76' lang='lat' dir='ltr'>summi</span> <span class='ocrx_word' id='word_1_583' title='bbox 1711 2741 1839 2789; x_wconf 77' lang='lat' dir='ltr'>imperii</span> <span class='ocrx_word' id='word_1_584' title='bbox 1875 2742 2053 2786; x_wconf 65' lang='lat' dir='ltr'>infignia,</span> 
     </span>
     <span class='ocr_line' id='line_1_90' title="bbox 1090 2788 2050 2837; baseline 0.006 -13"><span class='ocrx_word' id='word_1_585' title='bbox 1090 2798 1186 2835; x_wconf 75' lang='lat' dir='ltr'>quae</span> <span class='ocrx_word' id='word_1_586' title='bbox 1221 2797 1306 2826; x_wconf 76' lang='lat' dir='ltr'>ante</span> <span class='ocrx_word' id='word_1_587' title='bbox 1331 2788 1498 2826; x_wconf 75' lang='lat' dir='ltr'>duodecim</span> <span class='ocrx_word' id='word_1_588' title='bbox 1518 2792 1644 2837; x_wconf 68' lang='lat' dir='ltr'>secures</span> <span class='ocrx_word' id='word_1_589' title='bbox 1679 2789 1827 2826; x_wconf 65' lang='lat' dir='ltr'>dixerat.</span> <span class='ocrx_word' id='word_1_590' title='bbox 1856 2791 2050 2830; x_wconf 75' lang='lat' dir='ltr'>VORST.</span> 
     </span>
     <span class='ocr_line' id='line_1_91' title="bbox 1088 2837 2049 2886; baseline 0.006 -12"><span class='ocrx_word' id='word_1_591' title='bbox 1088 2837 1188 2876; x_wconf 89' lang='lat' dir='ltr'>Vide</span> <span class='ocrx_word' id='word_1_592' title='bbox 1231 2839 1266 2886; x_wconf 92' lang='lat' dir='ltr'>J.</span> <span class='ocrx_word' id='word_1_593' title='bbox 1303 2839 1409 2878; x_wconf 86' lang='lat' dir='ltr'>Fred.</span> <span class='ocrx_word' id='word_1_594' title='bbox 1445 2842 1563 2877; x_wconf 83' lang='lat' dir='ltr'>Gron.</span> <span class='ocrx_word' id='word_1_595' title='bbox 1609 2841 1654 2876; x_wconf 88' lang='lat' dir='ltr'>L.</span> <span class='ocrx_word' id='word_1_596' title='bbox 1694 2853 1748 2877; x_wconf 74' lang='lat' dir='ltr'>tv.</span> <span class='ocrx_word' id='word_1_597' title='bbox 1800 2841 1886 2878; x_wconf 73' lang='lat' dir='ltr'>Obi&#39;.</span> <span class='ocrx_word' id='word_1_598' title='bbox 1930 2853 1960 2879; x_wconf 91' lang='lat' dir='ltr'>c.</span> <span class='ocrx_word' id='word_1_599' title='bbox 1989 2855 2049 2880; x_wconf 78' lang='lat' dir='ltr'>zo.</span> 
     </span>
     <span class='ocr_line' id='line_1_92' title="bbox 1088 2889 2046 2938; baseline 0.004 -12"><span class='ocrx_word' id='word_1_600' title='bbox 1088 2889 1126 2926; x_wconf 69' lang='grc' dir='ltr'>δε</span> <span class='ocrx_word' id='word_1_601' title='bbox 1168 2889 1214 2926; x_wconf 85' lang='lat' dir='ltr'>fic</span> <span class='ocrx_word' id='word_1_602' title='bbox 1254 2890 1361 2938; x_wconf 80' lang='lat' dir='ltr'>plane</span> <span class='ocrx_word' id='word_1_603' title='bbox 1400 2892 1501 2929; x_wconf 63' lang='lat' dir='ltr'>Harl.</span> <span class='ocrx_word' id='word_1_604' title='bbox 1547 2891 1614 2928; x_wconf 86' lang='lat' dir='ltr'>Bit.</span> <span class='ocrx_word' id='word_1_605' title='bbox 1662 2891 1767 2938; x_wconf 73' lang='lat' dir='ltr'>prim.</span> <span class='ocrx_word' id='word_1_606' title='bbox 1810 2892 1916 2929; x_wconf 80' lang='lat' dir='ltr'>Leid.</span> <span class='ocrx_word' id='word_1_607' title='bbox 1963 2900 2046 2931; x_wconf 84' lang='lat' dir='ltr'>tert.</span> 
     </span>
     <span class='ocr_line' id='line_1_93' title="bbox 1087 2940 2053 2991; baseline 0.003 -16"><span class='ocrx_word' id='word_1_608' title='bbox 1087 2940 1204 2988; x_wconf 85' lang='lat' dir='ltr'>quint.</span> <span class='ocrx_word' id='word_1_609' title='bbox 1246 2942 1334 2979; x_wconf 83' lang='lat' dir='ltr'>sext.</span> <span class='ocrx_word' id='word_1_610' title='bbox 1382 2952 1535 2991; x_wconf 85' lang='lat' dir='ltr'>uterque</span> <span class='ocrx_word' id='word_1_611' title='bbox 1581 2941 1711 2989; x_wconf 76' lang='lat' dir='ltr'>Ultraj.</span> <span class='ocrx_word' id='word_1_612' title='bbox 1751 2943 1789 2978; x_wconf 69' lang='grc' dir='ltr'>ὃς</span> <span class='ocrx_word' id='word_1_613' title='bbox 1824 2943 1942 2980; x_wconf 83' lang='lat' dir='ltr'>Duac.</span> <span class='ocrx_word' id='word_1_614' title='bbox 1978 2943 2053 2980; x_wconf 79' lang='lat' dir='ltr'>Ed..</span> 
     </span>
     <span class='ocr_line' id='line_1_94' title="bbox 1089 2991 2049 3043; baseline 0 -15"><span class='ocrx_word' id='word_1_615' title='bbox 1089 2991 1196 3040; x_wconf 57' lang='lat' dir='ltr'>hlog.</span> <span class='ocrx_word' id='word_1_616' title='bbox 1233 2991 1358 3031; x_wconf 74' lang='lat' dir='ltr'>Ceteri</span> <span class='ocrx_word' id='word_1_617' title='bbox 1390 2993 1494 3031; x_wconf 81' lang='lat' dir='ltr'>MSS.</span> <span class='ocrx_word' id='word_1_618' title='bbox 1539 2994 1670 3028; x_wconf 75' lang='lat' dir='ltr'>Summa</span> <span class='ocrx_word' id='word_1_619' title='bbox 1706 2993 1837 3041; x_wconf 74' lang='lat' dir='ltr'>imperii</span> <span class='ocrx_word' id='word_1_620' title='bbox 1868 3004 2049 3043; x_wconf 59' lang='lat' dir='ltr'>per-rentw</span> 
     </span>
     <span class='ocr_line' id='line_1_95' title="bbox 1978 3058 2054 3080; baseline -0.013 -2"><span class='ocrx_word' id='word_1_621' title='bbox 1978 3058 2054 3080; x_wconf 64' lang='lat' dir='ltr'>urin.</span> 
     </span>
    </p>
   </div>
  </div>
 </body>
</html>
