2516 3509
416 117 570 172 DE
674 117 1723 200 TEsT1M0N1is.
1985 148 2096 204 719

91 229 282 278 Scaurus
310 256 326 283 ,
379 237 573 286 namque
615 237 774 269 eorum
816 223 1025 289 suffragia
1067 221 1376 272 robustiffimis
1415 224 1463 270 &
1499 223 1758 273 feliciffimis
1804 226 2089 293 eloquentiae

88 302 319 367 stipendiis
352 303 537 367 regebat
561 336 578 362 ,
625 316 809 366 eratque
847 303 907 350 fic
943 304 1030 351 fori
1053 338 1068 363 ,
1115 317 1168 351 ut
1200 302 1275 349 ille
1311 303 1461 350 curiae
1495 304 1722 368 princeps.
1793 306 1915 356 Cum
1949 314 2083 362 vehe-
2102 329 2188 361 Arm.
2208 330 2279 364 urb.

86 384 408 436 mentiffimum
445 384 693 431 testimonii
729 383 902 431 fulmen
937 386 985 431 in
1019 387 1094 432 M.
1129 384 1408 432 Marcellum
1443 399 1570 430 reum
1607 386 1860 448 injecisset,
1906 374 2302 458 impetussfss'fffiib

86 469 262 536 gravis,
299 468 428 514 exitu
463 483 602 515 vanus
634 468 859 531 apparuit.

154 550 259 613 Age
295 548 367 608 Q
396 549 616 596 Metellus
650 551 784 610 Pius,
831 551 890 597 L.
927 549 999 596 M.
1034 547 1252 606 Luculli,
1300 545 1376 605 Q
1397 546 1699 608 Hortenfius,
1746 552 1820 598 M.
1855 553 2084 621 Lepidus,
2188 571 2224 605 4·

84 627 105 658 3
142 629 200 676 C.
236 628 443 675 Cornelii
479 628 716 693 majestatis
750 630 840 689 rei,
875 646 1010 692 quam
1045 645 1138 675 non
1173 640 1415 674 onerarunt
1451 630 1773 677 tantummodo
1810 634 1940 682 testes
1973 637 2079 685 salu·
2100 610 2278 687 arri-gp:

2101 695 2184 725 dian.
2210 694 2242 724 iu

81 726 176 760 tem
197 746 211 771 ,
255 711 327 758 sed
362 712 498 759 etiam
534 725 773 776 negantes,
806 711 884 758 illo
920 711 1143 758 incolumi
1179 709 1289 756 stare
1323 711 1548 774 rempubl.
1575 713 1723 776 poffe,
1755 722 1777 751 9
1803 715 2079 781 depoposce-
2100 737 2289 771 eor-neriam.

83 794 220 840 runt?
244 796 378 855 Quae
411 794 575 841 decora
609 795 804 842 civitatis
842 794 1003 857 (pudet
1034 792 1212 848 referre)
1243 798 1283 819 ¹0
1307 793 1505 839 umbone
1523 794 1728 857 judiciali
1763 800 1932 861 repulsa
1966 802 2080 850 sunt.

149 875 312 935 Qiid,
350 876 424 922 M.
449 875 618 923 Cicero
654 875 818 921 forensi
854 875 1015 921 militia
1050 872 1248 920 summos
1283 874 1478 921 honores
1512 877 1920 944 amplissimumque
1952 892 1985 912 ¹¹
2012 887 2078 933 di-
2100 931 2137 958 Α,
2188 891 2220 925 5·
2244 929 2264 961 b

2139 939 2181 959 ln.
2206 940 2239 960 ΠΙ
2266 953 2277 963 u

84 953 271 1016 gnitatis
306 955 464 998 locum
499 952 712 1015 adeptus,
749 967 896 997 nonne
923 959 963 978 ¹²
995 952 1042 997 in
1076 949 1180 1014 ipfis
1215 951 1500 1015 eloquentiae
1534 953 1633 1000 suae
1667 956 1816 1004 castris
1849 961 1969 1008 testis
2005 965 2078 1011 ab·
2100 976 2169 1003 ⁶92·
2196 972 2270 1006 Cic-

2100 1016 2166 1042 Att.
2194 1023 2219 1044 1.

77 1029 225 1094 jestus
259 1029 357 1088 est,
400 1036 448 1066 ⁷¹3
487 1029 599 1076 dum
633 1031 684 1076 P.
720 1029 942 1077 Clodium
975 1031 1158 1078 Romae
1192 1030 1312 1093 apud
1346 1030 1387 1078 se
1419 1031 1546 1078 fuisse
1570 1034 1743 1096 juravit
1767 1068 1782 1094 ,
1831 1043 1872 1076 ¹4
1904 1040 1983 1086 illo
2019 1042 2076 1089 sa·
2096 1055 2201 1084 senec.
2225 1065 2278 1098 ep,

1293 1123 1298 1127 ’
1992 1127 2078 1172 Cl‘i-
2097 1106 2226 1169 giblin

2095 1190 2234 1211 xxxvu.

2096 1223 2254 1257 mutaxch.

86 1241 255 1290 procellis
282 1240 530 1285 invidiarum,
559 1242 596 1279 &
618 1219 876 1291 hujuscemodi
899 1241 1061 1291 judicio-

92 1304 174 1330 rum
212 1293 395 1331 amfrae'tu
432 1294 534 1343 sequi
573 1294 733 1333 mallent.
789 1294 909 1359 Unde
938 1295 1063 1343 profe-

92 1343 175 1388 uo,
222 1345 311 1381 nihil
343 1344 468 1382 minus
499 1345 697 1394 conjicias,
736 1357 849 1395 quam
883 1358 920 1381 t..
956 1345 1063 1382 istum

83 1396 247 1431 flavium
267 1396 438 1440 pusionem
452 1424 463 1440 ,
478 1407 645 1445 unquam
670 1395 957 1445 repetundarum
979 1396 1064 1433 fuis-

1116 1240 1199 1277 lumi
1220 1243 1312 1289 stare
1341 1253 1442 1291 remp.
1474 1243 1558 1293 pesse
1584 1242 1850 1298 depopofierunt]
1895 1252 2003 1291 Haec
2039 1257 2078 1294 1'11

1118 1293 1368 1341 manuscriptis
1398 1305 1463 1342 per
1490 1295 1844 1344 interrogationem,
1880 1312 1991 1352 atque
2017 1319 2078 1344 05-

1118 1343 1203 1381 dine
1237 1345 1349 1381 etjam
1380 1346 1673 1390 commodiore,
1699 1352 1737 1386 C.
1766 1353 1910 1387 Corneli}
1931 1361 2086 1404 majesta-

1117 1399 1163 1431 tis
1201 1398 1250 1431 rei
1282 1408 1384 1445 quam
1424 1411 1491 1431 non
1522 1409 1699 1434 onerarunt
1734 1404 1958 1440 tantummodo
1994 1411 2091 1455 testes

84 1445 121 1482 se
148 1447 369 1484 accusatum.
422 1447 539 1484 Re<ste
568 1448 675 1495 igitur
714 1451 752 1485 C.
782 1450 944 1484 flavium
977 1450 1067 1483 Fz'm-
1108 1448 1256 1494 salutem
1284 1444 1347 1492 sed
1387 1448 1490 1482 etiam
1526 1459 1686 1499 negantes
1723 1452 1783 1485 illo
1820 1454 1972 1490 incolumi
1996 1462 2091 1505 stare

83 1495 191 1533 briam
219 1495 324 1535 fuisse
357 1509 402 1535 ex
427 1499 615 1536 Cicerone
647 1500 797 1536 monuit
829 1499 885 1536 Cl.
913 1498 1065 1536 Perizo-

87 1558 180 1585 nius.

138 1612 172 1646 ς.
208 1599 411 1647 Majestatis
439 1600 576 1635 crimine
599 1598 751 1647 publicae
778 1600 963 1648 quaestioni
986 1599 1065 1647 fich-

78 1649 221 1698 jeflum]
271 1649 390 1697 Quod
419 1651 550 1698 populi
578 1651 692 1687 Rom.
721 1650 951 1697 majestatem
986 1652 1068 1687 vio-

85 1697 198 1737 laffet.
251 1700 407 1747 Quaestio
437 1712 505 1749 pro
538 1702 782 1749 congnitione
807 1700 998 1748 judiciali,
1026 1708 1066 1737 ut

88 1751 201 1798 supra.
234 1750 429 1788 VORST.

137 1802 171 1838 6.
198 1802 407 1851 Quemquam
432 1800 587 1850 illorum]
635 1802 828 1839 Minutum
857 1800 904 1838 est
926 1831 937 1846 ,
978 1813 1067 1838 mo-

88 1853 254 1889 nendum
286 1861 412 1890 tamen
445 1853 552 1890 MSS.
591 1864 725 1890 omnes
762 1853 919 1890 retinere
953 1867 1062 1889 eorum

89 1914 175 1940 cum
210 1902 278 1940 Ed.
307 1905 414 1951 Mog.

138 1965 173 1999 7.
219 1957 259 1991 L.
292 1968 422 2004 quoque
458 1953 586 2004 Craffias
625 1964 739 1990 tantus
777 1951 866 2000 apud
902 1952 1057 1997 judices,

87 2015 234 2053 quantus
264 2004 351 2049 apud
385 2008 428 2041 P.
467 2009 506 2041 C.
534 2006 724 2053 ‘sdemylius
754 2003 913 2052 Scaurus]
955 2005 1062 2041 Haec

94 2054 234 2091 Valerii
263 2055 374 2091 verba
399 2055 540 2092 indoffi
569 2057 619 2092 ita
651 2056 920 2102 depravarunt,
948 2064 987 2091 ut
1012 2055 1060 2091 le-

89 2113 233 2152 gerent,
249 2107 402 2154 Qantus
422 2106 510 2154 apud
529 2109 641 2141 Patres
654 2109 691 2141 C.
705 2107 910 2151 ssemyltns.
934 2105 1060 2142 Litera

92 2156 140 2192 C.
174 2168 270 2206 quae
306 2158 497 2202 constriptcs
538 2155 712 2204 fignificat
755 2157 794 2191 in
829 2166 1060 2202 praenomen

91 2210 195 2251 Casus
233 2215 385 2244 mutata.
438 2206 553 2254 Quasi
584 2207 734 2243 Autlior
763 2207 800 2242 in
833 2206 906 2241 hoc
935 2218 1062 2243 exem-

90 2258 154 2306 plo
186 2257 231 2295 de
261 2258 334 2295 alio
354 2257 534 2306 Aemylio
558 2257 695 2294 Scauro
720 2256 918 2305 loquatur,
954 2268 1061 2294 nem-

91 2321 137 2357 pe
169 2309 215 2346 de
236 2312 319 2356 Cajo
335 2337 344 2352 ‚
366 2320 444 2345 non
474 2309 520 2344 de
542 2313 666 2344 Marco
681 2335 690 2351 ‚
719 2319 804 2343 cum
829 2306 962 2344 author
985 2308 1060 2345 hoc

90 2360 303 2408 exemplum
334 2360 378 2396 ad
408 2359 655 2407 praecedens,
679 2358 782 2407 quod
803 2357 992 2394 manifeste
1013 2359 1059 2396 de

90 2412 147 2448 M.
176 2410 356 2458 Aemylio
386 2410 524 2446 Scauro
560 2410 665 2446 sonat
688 2437 697 2450 ‚
746 2408 979 2455 compararit.
1016 2410 1058 2447 In

92 2473 184 2499 mox
230 2461 404 2511 sequente
453 2461 628 2509 exemplo
669 2459 780 2496 etiam
820 2466 978 2495 erratum
1019 2460 1056 2498 in

90 2511 257 2561 propriis.
326 2512 504 2549 Authoris
541 2512 648 2548 verba
683 2511 732 2548 ita
771 2509 927 2557 legenda
962 2509 1055 2549 sunt.

92 2565 176 2611 Age
203 2564 254 2610 Q.
286 2563 458 2599 Metellus
485 2563 567 2599 Pius
592 2591 602 2606 ‚
641 2562 685 2598 L.
724 2561 762 2598 &
792 2562 847 2598 M.
886 2561 1056 2607 Luculli,

95 2616 147 2662 Q.
174 2612 414 2658 Hortensius,
446 2615 484 2650 ὃ(
513 2615 568 2650 Μ.
597 2611 773 2660 Lepidus.
824 2613 880 2649 Ex
908 2612 976 2648 hac
1003 2612 1056 2650 le-

95 2665 219 2702 &ione
250 2664 423 2712 exemplo
456 2664 696 2713 praescriptus
726 2662 851 2700 titulus
883 2662 990 2700 facile
1019 2676 1056 2701 e-

94 2714 262 2753 mendari
292 2715 449 2763 poterit,
477 2717 541 2764 qui
568 2717 605 2753 in
636 2714 832 2757 omnibus,
869 2722 1058 2763 quotquot

92 2767 295 2810 habemus,
324 2765 614 2813 exemplaribus,
636 2772 826 2813 corruptus
848 2764 906 2801 est.
929 2764 1058 2804 GLA-

93 2818 251 2855 REAN.
281 2817 469 2855 stemilms
489 2819 637 2854 Scaurus.
659 2816 756 2863 Cop.
782 2815 882 2852 addit
901 2827 1054 2862 praeno·

93 2880 182 2906 men
203 2872 264 2904 M.
291 2869 329 2905 &
360 2866 406 2904 fic
428 2867 536 2905 Paris.
561 2875 643 2905 tert.
683 2866 726 2902 In
756 2865 827 2903 fine
850 2865 917 2904 Ed.
945 2869 1055 2917 Mog.

90 2920 126 2956 in
149 2923 209 2957 M.
231 2920 437 2955 Marcellum
466 2932 554 2955 reum
586 2916 751 2966 injeciffet.

141 2970 177 3008 8.
213 2972 252 3007 C.
286 2971 434 3006 cornel-ii
463 2971 649 3016 maiestatis
685 2969 733 3004 rei
758 2982 822 3004 non
847 2966 940 3004 modo
961 2970 1055 3015 testes

91 3032 290 3066 onerarunt,
314 3020 377 3070 sed
405 3021 506 3069 etiam
520 3022 668 3071 salntem
697 3031 854 3070 negantes
880 3021 940 3057 illo
966 3022 1055 3058 inco-

1116 1509 1215 1545 remp.
1239 1496 1344 1547 poffi,
1379 1495 1658 1547 depoposcerunt?
1694 1499 1837 1539 PIGH.
1878 1508 1992 1556 Qum
2024 1524 2089 1546 non

1117 1560 1293 1585 onerarunt
1323 1548 1549 1584 tantummodo
1568 1553 1661 1597 testes
1679 1553 1838 1597 salutem.
1867 1555 1920 1592 lta
1940 1556 2031 1595 haec
2051 1562 2089 1597 &

1116 1599 1306 1647 sequentia
1336 1611 1381 1635 ex
1411 1599 1520 1637 codd.
1548 1601 1653 1637 MSS.
1679 1602 1829 1641 restituit
1849 1605 2007 1653 Pighius.
2039 1610 2088 1648 Et

1116 1648 1249 1697 legitur
1269 1661 1421 1698 quoque
1440 1651 1538 1687 itain
1550 1663 1627 1688 uno
1647 1652 1730 1690 cod.
1744 1653 1875 1692 Brand.
1889 1653 2086 1698 VORST.

1120 1702 1316 1747 Quantum
1338 1701 1475 1745 video,
1496 1713 1628 1739 omnes
1649 1704 1727 1740 fere
1747 1706 1858 1743 nostri
1879 1718 1962 1744 cum
1979 1710 2086 1749 MSS.

1120 1751 1235 1798 I’ighii
1266 1752 1485 1798 conspirant.
1513 1753 1620 1800 Mog.
1649 1758 1848 1802 Majestatis
1869 1760 1916 1793 rei
1934 1775 1997 1796 non
2017 1776 2086 1797 mo·-

1117 1799 1159 1836 do
1195 1814 1414 1838 onera-rerunt
1442 1805 1537 1850 testes
1560 1805 1731 1850 salutem,
1751 1806 1813 1853 sed
1841 1811 1954 1847 etiam.
1994 1813 2088 1849 Vul-

1114 1862 1164 1899 gO
1195 1852 1283 1889 editi
1312 1855 1372 1888 Cn.
1401 1855 1588 1889 Cornelium
1616 1860 1800 1902 majestatis
1825 1872 1913 1896 reum
1936 1861 2086 1901 habent.

1165 1915 1199 1948 9.
1230 1906 1496 1952 Depoposrerunt
1517 1907 1665 1951 salutem
1695 1908 1784 1957 ejus]
1813 1910 1914 1948 Dum
1936 1920 2083 1952 rantum

1115 1953 1193 1990 odii
1226 1955 1264 1990 in
1297 1954 1401 1992 illum
1431 1955 1638 1999 declarant,
1665 1969 1707 1994 ac
1732 1958 1756 1995 fi
1775 1960 1862 1997 salus
1894 1963 1981 2010 reip.
2001 1965 2080 2012 ipso

1113 2003 1294 2041 incolumi
1317 2006 1593 2053 periclitaretur.
1608 2008 1711 2055 quod
1731 2012 1964 2050 tantumdem
1990 2024 2086 2060 erat,

1113 2065 1155 2090 ac
1185 2054 1208 2090 si
1236 2056 1427 2103 poscerent
1457 2068 1476 2092 a
1506 2057 1704 2103 judicibus,
1739 2069 1780 2096 ut
1808 2062 2082 2110 absolveretur,

1112 2117 1225 2154 quem
1251 2114 1326 2143 tam
1355 2107 1485 2143 acriter
1515 2108 1788 2156 impugnabant.

1168 2169 1224 2193 10.
1254 2157 1395 2193 L'mbone
1411 2157 1569 2205 judiciali
1589 2162 1718 2206 repulsa
1732 2160 1833 2210 June]
1878 2163 2023 2212 Clypeo
2046 2168 2084 2204 &

1112 2207 1348 2253 protectione
1370 2208 1539 2255 judicum
1571 2210 1778 2248 testimonia
1805 2207 1937 2251 eoruni
1964 2219 2083 2256 serul-

1110 2256 1144 2293 sa
1167 2285 1176 2300 ‚
1216 2270 1263 2294 ne
1301 2259 1587 2295 incommodare
1616 2260 1796 2299 Cornelio
1828 2274 1893 2301 reo
1927 2260 2081 2313 pollent,

1112 2307 1307 2345 VORST.
1330 2309 1432 2345 Nlale
1454 2310 1490 2345 in
1516 2309 1656 2359 aliquot
1676 2312 1794 2350 MSS..
1810 2327 1894 2363 qnae
1914 2315 2078 2357 dedecora,

1164 2370 1220 2396 11.
1256 2361 1450 2409 Dignitatis
1480 2359 1602 2409 lecum]
1652 2361 1758 2400 Paris.
1798 2372 1879 2402 tert.
1915 2368 2076 2406 Gradum,

1112 2408 1208 2457 Cop.
1235 2410 1475 2458 ,Ampliffimos
1495 2409 1676 2461 dtgnitatis
1689 2413 1830 2463 gradus.

1163 2473 1218 2498 12.
1248 2463 1288 2495 In
1308 2462 1385 2509 ipſs-5
1407 2462 1615 2510 eloquentiae
1626 2465 1710 2510 suae
1726 2465 1858 2515 castris]
1889 2467 1944 2503 Sic
1963 2469 2075 2507 MSS.

1108 2510 1218 2559 Mog-
1250 2511 1408 2548 Mediol.
1441 2512 1570 2562 reliqui
1593 2522 1677 2551 ante
1698 2515 1890 2565 Pighiuin,
1916 2519 1951 2552 in
1970 2519 2071 2567 ipfius

1106 2563 1313 2611 eloquentiae
1332 2565 1417 2610 suae
1442 2566 1566 2609 castris.

1160 2626 1216 2663 13.
1257 2616 1351 2648 Dum
1389 2610 1445 2650 P.'
1466 2614 1620 2650 Clodium
1647 2619 1772 2664 Romae
1795 2615 1882 2664 apud
1909 2616 1946 2660 se
1973 2617 2073 2664 fus'sse-

1103 2663 1258 2713 juravit]
1299 2664 1398 2701 Cum
1427 2663 1530 2703 domi
1551 2666 1709 2704 Caesaris
1739 2679 1784 2703 eo
1813 2677 1910 2701 anno
1943 2669 2067 2713 ponti-

1110 2713 1186 2752 ficis
1219 2727 1317 2753 max.
1353 2715 1450 2752 sacra
1478 2717 1604 2754 Bonae
1637 2719 1739 2754 Deae
1778 2715 2067 2763 celebrarentur,

1108 2765 1238 2814 quibus
1266 2766 1357 2803 nulli
1384 2767 1466 2803 viro
1493 2766 1658 2804 interesse
1682 2766 1831 2809 licebat,
1860 2766 1897 2802 P.
1914 2766 2073 2807 Clodius-

1107 2815 1338 2865 Pompeiae,
1364 2818 1487 2855 uxoris
1509 2817 1689 2860 Caesaris,
1715 2828 1843 2853 amore
1861 2828 2078 2865 correptus,

1108 2867 1217 2905 aedes
1247 2868 1406 2905 Caesaris
1444 2868 1603 2904 intravit.
1652 2868 1741 2914 Quo
1777 2867 1933 2905 nomine
1961 2880 2070 2907 accu-

1104 2918 1198 2956 satus
1227 2920 1369 2957 crimen
1395 2919 1575 2967 depellere
1603 2924 1753 2954 conatus
1786 2918 1833 2955 est
1864 2930 1936 2962 eo,
1962 2919 2066 2968 quod

1104 2969 1171 3006 isto
1199 2978 1371 3018 tempore
1392 2998 1403 3014 ,
1447 2981 1524 3018 quo
1555 2969 1647 3005 sacra
1678 2967 1805 3011 Bonae
1837 2970 1942 3006 Deae
1970 2971 2065 3006 celc-

1104 3019 1206 3059 brata
1246 3016 1361 3060 effent
1383 3051 1392 3067 ,
1441 3022 1586 3058 Romae
1621 3030 1700 3056 non.
1736 3018 1868 3059 fuiffet.
1918 3021 2060 3108 Verrbm

2035 3083 2070 3109 11-
