2387 3421
351 118 1044 178 DEDICATIONES
1097 117 1218 171 ET
1271 118 1494 172 PRAE
1518 117 2009 177 FATIONES.

76 259 209 310 quam
244 243 292 288 in
323 239 418 304 ipso
454 238 564 298 illo,
601 238 680 300 qui
710 252 834 284 novo
866 235 1068 300 quodam
1095 233 1256 280 habitu
1292 233 1478 283 vestitus
1509 252 1631 282 nune
1668 237 1854 300 prodit,
1889 235 2063 285 Valerii
2095 235 2292 284 Maximi.

76 312 206 357 libro.
276 307 536 354 Instituerat
570 301 777 360 Au&or,
810 314 863 347 ut
893 302 966 348 vel
997 317 1053 347 ex
1086 298 1366 364 praefatione
1396 315 1606 361 apparet,
1643 303 1698 347 de
1730 305 1853 350 urbis
1873 305 2083 361 Rornae,
2120 314 2293 348 extera—

76 389 269 437 rumque
305 372 517 436 gentium
549 367 677 416 fastis
711 365 843 412 fimul
883 383 933 413 ac
972 366 1102 413 dietis
1137 378 1394 411 memoratu
1427 364 1578 427 dignis
1612 365 1836 426 scribere,
1893 384 2033 431 eaque
2067 370 2114 413 in
2149 382 2292 412 unum

77 438 199 504 quasi
233 437 497 484 fasciculum
530 433 841 496 compingere.
913 431 966 479 Id
995 433 1137 496 igitur
1171 444 1264 477 tam
1301 430 1552 493 praeclare,
1602 442 1787 492 tamque
1819 434 2011 480 feliciter
2047 433 2122 478 ille
2154 431 2294 488 fecit,

76 518 129 551 ut
162 505 241 552 vix
271 504 518 566 quicquam
555 499 682 563 supra
721 497 856 561 po‘ffit
898 497 1016 543 addi.
1086 495 1184 542 Etfi
1216 496 1338 540 enim
1374 493 1422 540 &c
1451 510 1686 558 perperam
1719 494 1941 544 {afrorum
1973 498 2294 561 &fiscorumque

77 568 285 632 exempla
317 565 532 614 recensita
570 565 625 611 ab
659 564 754 627 ipso
792 562 905 622 sint,
939 576 1093 610 tamen
1125 561 1334 624 pleraque
1369 576 1463 606 non
1489 559 1571 606 nifi
1595 562 1822 607 virtutum
1847 561 2198 610 &laudabiliter
2230 561 2295 609 fa-

75 635 258 682 &orum
298 632 400 679 sunt
445 630 668 693 exempla.
740 627 874 687 Qae
907 644 1015 674 vero
1044 627 1224 674 alterius
1259 626 1434 690 generis
1465 624 1565 672 sunt
1585 659 1599 685 9
1647 642 1696 672 ea
1727 625 1774 671 ὃς
1806 625 1896 689 ipsa
1928 626 2006 672 usu
2039 644 2131 675 non
2161 629 2295 691 plane

77 689 244 746 carent.
279 713 427 761 neque
459 697 581 742 enim
613 693 715 741 ideo
745 693 960 757 congesta
986 693 1112 751 sunt,
1138 706 1190 738 ut
1222 691 1444 737 imitando
1478 691 1551 738 illa
1583 691 1815 755 quisquam
1851 693 2102 756 exprimam
2138 693 2208 740 sed
2240 707 2294 742 ut

77 765 286 811 detestari
322 780 372 809 ea
415 775 550 825 atque
582 759 742 823 fugere
778 758 1009 805 discamus.
1081 758 1238 818 Qiam
1272 755 1333 803 ob
1365 755 1536 802 causam
1574 756 1658 821 ipsi
1694 758 1853 803 talium
1888 756 2137 803 recensioni
2172 759 2294 806 vitu-

79 832 333 894 perationes
364 841 498 890 atque
532 825 872 870 dehortationes
906 824 1163 886 praemissae
1192 835 1268 867 aut
1303 821 1560 882 inter-jesiae
1604 822 1717 868 sunt.
1763 823 1986 869 Ceterum
2024 838 2137 886 quae
2169 839 2297 885 prae-

82 896 199 941 clare
226 910 278 940 ac
312 891 593 939 laudabiliter
628 889 682 935 ab
719 888 914 948 antiquis
946 888 1032 932 illis
1062 887 1256 934 ethnicis
1286 885 1387 930 sunt
1418 886 1558 945 facta,
1596 903 1754 932 eorum
1790 901 1915 934 tanta
1945 889 2020 934 hic
2041 887 2104 933 est
2130 889 2293 952 copia,

19 970 22 971 ’
81 971 293 1023 quantam
325 958 403 1003 vix
437 956 492 1002 ab
526 952 788 1000 hominibus
812 951 1079 999 Christianis
1113 951 1205 1014 pari
1232 950 1373 996 modo
1411 949 1635 997 fabiorum
1675 952 1874 998 invenire
1907 966 2043 1017 atque
2075 969 2299 1017 congere-

79 1042 126 1072 re
162 1023 314 1088 potuit
347 1023 378 1068 is
400 1055 414 1079 ,
452 1020 530 1083 qui
565 1019 779 1081 exemplo
806 1016 946 1063 nostri
978 1017 1143 1064 librum
1172 1017 1488 1069 concinnavit,
1527 1018 1600 1062 cui
1624 1017 1794 1063 Valerii
1825 1020 2023 1065 Maximi
2048 1018 2298 1068 Christiani

82 1104 250 1136 nomen
277 1086 402 1133 fecit.
473 1084 622 1131 Unius
655 1082 855 1146 exempli
893 1081 1020 1129 causa
1041 1082 1333 1131 abstinentiae
1362 1080 1453 1127 fere
1475 1082 1671 1146 viginti5
1710 1083 1993 1131 fortitudinis
2027 1084 2126 1148 plus
2159 1102 2295 1149 quam

78 1155 293 1218 triginta3
330 1164 674 1213 ceterarumque
708 1149 933 1195 virtutum
964 1148 1123 1195 itidem
1154 1148 1350 1211 plurima
1377 1149 1613 1210 exempla,
1650 1165 1796 1211 neque
1828 1149 1938 1195 haec
1959 1150 2186 1214 vulgaria,
2221 1150 2296 1200 sed

80 1221 293 1283 pleraque
323 1216 480 1263 seleeia
509 1229 644 1277 atque
678 1214 976 1260 admiratione
1008 1214 1172 1279 digna,
1209 1212 1356 1259 noster
1387 1213 1622 1275 congessit.
1672 1215 1842 1276 Neque
1874 1214 2116 1262 hominum
2154 1217 2301 1262 modo.

83 1286 394 1345 privatorum,
438 1280 509 1327 sed
543 1280 590 1326 &
626 1279 829 1343 ipsorum
853 1280 1122 1343 Principum
1157 1295 1208 1324 ac
1242 1278 1588 1342 magistratuum
1623 1280 1814 1325 virtutes
1840 1279 2153 1327 &laudabilia
2182 1281 2297 1328 faeta

84 1350 159 1396 hic
200 1347 502 1395 recensentur.
572 1346 654 1390 Ait
695 1344 846 1391 noster
883 1343 928 1390 in
961 1344 1240 1408 praefatione
1267 1377 1283 1403 ,
1328 1342 1618 1407 providentia.
1651 1345 1833 1389 Tiberii
1867 1347 2058 1392 virtutes
2099 1346 2298 1410 benigne

81 1415 254 1473 foveri,
302 1413 414 1460 vitia
440 1409 704 1458 severissime
736 1408 953 1456 vindicari
983 1428 992 1456 :
1040 1409 1087 1457 ὃ(
1120 1411 1165 1457 in
1194 1425 1295 1472 cap.
1338 1425 1408 1457 ιι.
1445 1409 1547 1455 libri
1584 1409 1836 1473 postremi,
1883 1409 2081 1474 ejusdem
2117 1412 2297 1460 Tiberii

79 1479 365 1544 providentia
396 1477 506 1524 stare
537 1492 693 1539 pacem
718 1509 733 1533 ,
780 1475 926 1522 valere
958 1475 1076 1539 leges
1096 1510 1111 1535 ,
1160 1474 1383 1521 fincerum
1415 1475 1580 1538 privati
1616 1490 1667 1520 ac
1704 1475 1880 1538 publici
1914 1474 2057 1522 officii
2090 1491 2296 1526 tenorem

88 1545 260 1591 servari.
328 1542 462 1601 Quae
490 1540 569 1587 etii
598 1541 654 1586 de
691 1539 786 1604 ipso
808 1540 1004 1587 Tiberio
1038 1558 1131 1588 non
1165 1540 1355 1587 omnino
1389 1556 1492 1586 vera
1523 1540 1608 1585 esse
1631 1540 1893 1600 videantur,
1929 1554 2081 1588 tamen
2105 1558 2162 1589 ex
2193 1543 2297 1607 ipfis

89 1625 274 1673 quoque
307 1607 391 1654 illis
426 1607 621 1671 intelligi
651 1606 785 1663 licet,
821 1604 1073 1669 qualesnam
1099 1607 1331 1668 Principes
1366 1618 1581 1668 oportere
1611 1605 1695 1651 esse
1720 1606 1928 1653 Valerius
1961 1607 2194 1664 statuerit3
2231 1621 2296 1655 ta-

82 1676 141 1721 les
175 1675 391 1721 nimirum
425 1686 477 1719 ut
509 1688 666 1718 eorum
701 1671 988 1736 providentia
1012 1673 1202 1718 virtutes
1233 1671 1432 1735 benigne
1468 1670 1738 1729 foveantur,
1772 1671 1882 1718 vitia
1913 1669 2176 1719 severissime
2198 1675 2296 1721 vin-

86 1740 321 1786 dicentur:
356 1752 500 1797 utque
532 1737 782 1783 eorundem
818 1735 1105 1800 providentia
1140 1737 1223 1782 stet
1258 1753 1376 1799 pax,
1412 1736 1588 1782 valeant
1618 1735 1766 1799 leges,
1815 1735 2098 1800 fincerusque
2131 1739 2297 1802 privati

80 1822 131 1852 ac
164 1804 338 1869 publici
373 1801 514 1849 officii
548 1816 681 1849 tenor
723 1801 934 1849 servetur.
1003 1801 1223 1848 Ceterum
1260 1817 1373 1865 quae
1407 1801 1462 1847 de
1495 1801 1682 1848 aliarum
1716 1814 1809 1847 tam
1844 1802 2128 1865 publicarum
2161 1820 2297 1867 quam

81 1871 357 1934 privatarum
387 1868 671 1931 personarum
703 1867 950 1914 virtutibus
977 1866 1023 1913 &
1049 1867 1346 1914 laudabilibus
1374 1866 1500 1914 factis
1535 1867 1738 1930 prodidit
1770 1869 1947 1926 noster,
1981 1884 2031 1915 ca
2065 1865 2127 1915 fic
2151 1872 2301 1915 omni-

86 1952 147 1982 no
182 1935 265 1982 sese
297 1934 490 1991 habent,
525 1934 713 1998 parique
745 1931 886 1979 modo
918 1932 966 1979 &
990 1932 1045 1979 ab
1079 1934 1172 1979 aliis
1206 1934 1253 1978 in
1288 1933 1435 1979 literas
1469 1931 1572 1978 sunt
1602 1932 1750 1977 relata.
1822 1932 1942 1993 Qis
1972 1933 2152 1980 dubitet
2189 1937 2300 1998 quin

84 2016 186 2047 vera
214 1999 300 2047 fint
337 2015 447 2063 quae
479 1998 534 2045 de
568 1998 840 2045 fortitudine
865 1998 1167 2062 Scipionum,
1205 1998 1468 2056 Catonum,
1505 1999 1663 2044 Sicinii
1690 1999 1909 2055 Dentati,
1938 1998 2085 2044 Caelii
2108 2001 2301 2047 Scaevae

87 2065 133 2110 δί
156 2065 348 2111 aliorum
378 2063 611 2128 prodidit?
646 2062 762 2122 Quis
793 2065 841 2111 in
874 2064 1067 2111 dubium
1102 2077 1267 2123 vocet,
1303 2080 1415 2127 quae
1445 2063 1500 2109 de
1535 2063 1800 2110 abstinentia
1825 2063 2018 2109 Catonis
2040 2064 2300 2124 Uticensis,

88 2128 218 2175 Curii
244 2130 464 2189 Dentati,
500 2128 698 2176 Fabricii
722 2129 935 2189 Luscini,
974 2129 1092 2175 Aelii
1114 2129 1380 2176 Tuberonis
1406 2129 1451 2174 ὃς
1477 2128 1669 2174 aliorum
1698 2128 2015 2191 consignavit?
2053 2128 2172 2190 Qis
2195 2147 2300 2179 vera

88 2193 174 2239 effe
194 2207 328 2258 neget
344 2228 357 2251 ,
386 2211 499 2258 quae
523 2193 579 2240 de
601 2194 856 2240 multorum
888 2194 1169 2241 humanitate
1194 2194 1240 2239 &
1263 2195 1531 2251 clementia,
1567 2195 1720 2240 animo
1757 2208 1889 2257 grato
1905 2228 1918 2249 ,
1954 2195 2124 2258 pietate
2155 2197 2200 2242 in
2222 2213 2301 2259 pa·-

87 2271 260 2316 rentes,
295 2258 386 2304 fide
416 2258 628 2321 publica,
663 2260 940 2317 constantia,
976 2260 1313 2315 moderatione,
1348 2258 1608 2318 severitate,
1645 2259 1793 2305 studio
1825 2259 1872 2305 ὃς
1904 2260 2146 2320 industria,
2188 2261 2303 2308 aliis-

88 2340 177 2386 que
209 2322 442 2387 praeclaris
467 2323 574 2368 aCtis
608 2338 665 2367 ex
701 2324 889 2384 optimis
911 2323 1249 2385 Scriptoribus,
1285 2324 1462 2369 Latinis
1488 2323 1787 2385 Graecisque,
1823 2325 2046 2389 collegit?
2084 2327 2195 2372 Sane
2221 2329 2301 2390 qui

87 2388 167 2434 ista
201 2402 412 2434 revocare
444 2386 489 2433 in
522 2385 716 2433 dubium
747 2384 886 2444 velit,
921 2386 956 2433 is
986 2386 1142 2433 eadem
1177 2403 1314 2450 opera
1346 2400 1419 2434 tot
1451 2386 1584 2434 fimul
1614 2388 1807 2435 aliorum
1837 2389 2142 2454 scriptorum,
2186 2407 2301 2454 quos

87 2452 237 2500 noster
270 2452 472 2499 auetores
506 2450 672 2510 habet,
719 2449 858 2497 fidem
889 2451 1098 2499 elevabit.
1167 2452 1248 2498 Est
1282 2468 1434 2499 revera
1467 2452 1581 2498 liber
1617 2453 1695 2500 iste
1727 2454 1957 2517 quoddam
1997 2456 2164 2501 florum
2196 2473 2301 2504 cor-

85 2518 351 2581 pusculum3
386 2517 454 2563 uti
479 2514 606 2563 suum
630 2514 655 2562 ἐ
682 2516 851 2579 Trogo
874 2516 1100 2582 Pompejo
1135 2518 1462 2564 concinnatum
1498 2517 1667 2564 librum
1692 2520 1889 2583 appellat
1908 2520 2124 2580 Justinus.
2160 2523 2300 2585 quip-

86 2599 144 2647 pe
177 2599 291 2647 quae
355 2581 542 2629 raeclara
581 2597 634 2628 ac
665 2581 902 2628 laudabilia
946 2581 1061 2630 faeta
1092 2583 1138 2629 in
1173 2595 1246 2629 tot
1282 2584 1475 2629 aliorum
1513 2582 1754 2631 ausfftorum
1789 2584 2098 2631 voluminibus
2130 2585 2300 2649 separa-

87 2649 173 2696 tim
206 2665 257 2694 ac
304 2599 483 2711 sgarfim
523 2645 623 2695 sunt
669 2646 962 2711 consignata,
998 2664 1048 2695 ea
1078 2647 1291 2712 fingulari
1327 2660 1428 2695 tum
1460 2648 1632 2709 studio,
1669 2663 1768 2697 tum
1796 2650 1975 2714 judicio
2004 2651 2152 2698 noster
2174 2653 2221 2698 in
2241 2669 2296 2700 u-

92 2729 202 2760 num
225 2712 350 2776 quafi
371 2711 634 2759 fasciculum
666 2713 920 2777 compegit.
2128 2752 2134 2756 .

152 2779 308 2842 Hujus
337 2778 481 2841 igitur
511 2779 682 2842 egregii
712 2777 882 2825 florum
912 2778 1195 2843 corpusculi,
1231 2780 1512 2828 Sereniffime
1533 2782 1779 2845 Princeps,
1812 2796 1920 2827 cum
1956 2780 2002 2826 in
2024 2781 2297 2832 Serenisfimi

90 2859 143 2890 ac
162 2842 466 2890 Potentiffimi
486 2844 686 2890 Parentis
718 2845 812 2903 tui,
849 2845 1046 2891 Domini
1079 2847 1167 2892 mei
1203 2845 1564 2905 clementiffimi,
1605 2846 1896 2893 Bibliotheca
1930 2844 2044 2892 duos
2079 2863 2213 2894 manu
2249 2850 2296 2896 in

89 2908 349 2956 membrana
377 2921 579 2955 exaratos
610 2908 790 2955 codices
819 2908 1099 2958 offenderem
1123 2946 1138 2971 ,
1191 2910 1442 2975 sciremque
1485 2912 1699 2976 plurimas
1732 2912 1780 2957 in
1821 2928 1875 2959 eo
1907 2911 2101 2959 maculas
2135 2913 2293 2963 latere:

83 2988 246 3037 operae
279 2974 481 3038 pretium
515 2990 588 3021 me
619 2973 842 3022 facturum
883 2976 1080 3037 credidi,
1130 2976 1162 3023 fi
1192 2975 1304 3024 serio
1337 2980 1433 3037 eius
1462 2994 1618 3024 curam
1649 2976 1943 3041 susciperem,
1979 2993 2086 3024 cum
2121 2978 2299 3025 codici-

85 3038 169 3088 bus
198 3054 333 3088 manu
364 3040 551 3088 exaratis
577 3038 626 3088 id
656 3040 941 3103 conferrem,
983 3055 1120 3109 atque
1151 3037 1364 3093 omnibus
1400 3043 1545 3108 palam
1579 3041 1773 3091 facerem
1796 3075 1811 3102 ,
1857 3056 2076 3108 quantum
2108 3044 2299 3092 mendo-
