2516 3509
134 619 205 654 eie.
215 580 316 651 iiixviii.

140 674 169 694 x.
183 673 211 698 7.
235 661 318 694 Plut.

137 799 191 820 22.

138 831 212 863 Cic.
238 830 279 862 de

136 913 322 952 C.13.Ob—

134 957 202 1000 seq.
217 969 268 993 99.

137 1003 216 1033 Tac.
231 1004 317 1032 Ann.

138 1052 186 1074 lv.
205 1048 252 1080 64.
264 1040 318 1072 ubi

137 1084 213 1116 vide
232 1081 320 1124 Lips.

140 1131 226 1158 Arm.
247 1124 318 1158 urb.

141 1178 213 1206 ‘242-

138 1216 225 1243 Ann.
245 1209 314 1244 urb.

139 1262 212 1289 755.

365 148 475 221 1042

645 117 1058 192 VALERII
1129 115 1513 176 MAXIMI
1553 117 1949 180 L113.1.CA1·.
1991 121 2157 183 VIII.

354 267 456 303 nem
479 238 672 296 secessit,
707 248 822 298 quae
845 231 965 278 inter
984 224 1290 275 Rhamnunta
1308 225 1512 275 nobilem
1535 226 1686 275 Attici
1706 225 1788 274 soli
1810 241 2013 293 partem,
2048 229 2368 299 Caristumque

351 320 622 375 Chalcidico
645 314 765 362 freto
787 311 986 361 vicinam
1010 307 1310 370 interjacens,
1346 313 1392 346 74
1410 305 1580 355 Coelae
1602 306 1820 356 Euboeae
1852 326 2021 358 nomen
2049 312 2256 375 obtinet,
2289 316 2375 364 ubi

349 419 453 454 ante
472 396 779 450 Pharsalicum
803 405 1034 441 certamen
1053 387 1220 437 morbo
1243 386 1570 451 consumptus,
1607 395 1647 427 ⁷5
1671 391 1955 454 praediaum
1975 392 2000 441 ᾗ
2021 392 2108 441 deo
2129 392 2287 442 locum
2307 395 2369 444 se.

355 482 543 548 pultura
562 476 776 545 poffedit.

420 560 613 609 Post-unt
637 558 685 606 ἃ
702 557 778 605 issa
813 554 854 591 76
870 551 1198 602 miraculorum
1217 550 1324 597 loco
1342 549 1478 622 poni:
1500 547 1660 611 'Qod
1679 549 1838 600 deusto
1858 560 1900 594 ⁷7
1913 554 2100 603 sacrario
2122 555 2374 620 Saliorum,

356 641 472 690 nihil
491 641 540 689 in
557 657 612 688 eo
648 650 826 703 praeter
859 635 1026 684 lituum
1043 631 1244 679 Romuli
1278 632 1514 697 integrum
1548 642 1781 695 repertum
1800 631 1879 679 est.
1946 635 2093 697 Qod
2113 638 2374 689 Sei-,Tullii

330 718 527 776 ‚statua,
562 731 670 761 cum
692 712 820 759 aedes
842 711 1074 757 Fortunae
1110 707 1150 740 ⁷⁸
1175 706 1484 772 deflagraffet,
1518 707 1735 754 inviolata
1755 709 2016 773 permansit.
2057 712 2205 774 Qod
2241 723 2283 756 79
2305 719 2379 785 Q

360 792 577 843 Claudiae
601 790 744 836 statua
761 790 809 836 in
829 785 1054 836 vestibulo
1077 784 1239 850 templi
1260 785 1429 832 Matris
1448 783 1593 832 deum
1627 786 1802 851 posita,
1836 787 1904 835 bis
1939 804 1990 835 ea
2023 790 2130 836 aede
2162 794 2374 847 incendio

136 876 216 906 Har·
241 871 339 913 Resp.
361 869 625 929 consumta,
661 862 705 895 80
730 868 854 931 prius
881 867 934 912 P.
955 863 1128 911 Nasica
1153 864 1373 928 Scipione
1405 862 1454 909 &
1480 864 1539 910 L.
1562 864 1735 914 Bestia:
1773 866 1886 914 item
1916 867 1992 915 M.
2023 868 2216 919 Servilio
2247 873 2296 922 &
2315 877 2374 925 L²

358 950 522 1001 Lamia
550 965 662 997 coss.
699 949 748 996 in
779 946 853 996 sua
885 944 977 994 bafi
1010 945 1205 994 flammis
1239 943 1407 993 intasta
1440 942 1578 992 stetit.

354 1167 616 1215 interpretatur
625 1162 744 1202 finum
755 1159 981 1201 Euboicum.
991 1167 1194 1211 utrumque
1211 1167 1339 1199 autem

355 1217 529 1256 dicebant
556 1216 583 1254 «ἒ
611 1216 769 1261 'Eventu
789 1214 834 1251 τοὶ
854 1213 977 1256 κωλαῖ,
1007 1220 1049 1250 ut
1077 1212 1192 1250 Strab.
1217 1212 1278 1249 lib.
1305 1224 1339 1249 x.

356 1268 407 1307 Et
425 1268 477 1310 τήν
494 1268 600 1308 natam
612 1265 775 1312 ’Έυβοιων
787 1290 798 1308 ,
817 1272 858 1302 ut
875 1264 1127 1303 Ptolemaeus.
1153 1272 1195 1302 ut
1214 1263 1342 1301 Philo-

355 1321 482 1359 stratus
507 1316 676 1367 Ἐξιιοίτων
696 1314 880 1366 ι’πεξᾴρφι
909 1315 949 1352 ἰδ
967 1314 1117 1360 cnidi&-
1143 1316 1179 1352 όν
1197 1315 1339 1364 Ἐυβοίςι

355 1375 467 1418 κοίλῃ.
517 1369 692 1408 Similiter
710 1367 846 1405 dicitur
870 1365 966 1408 κόιλη
986 1365 1124 1412 Σοφία.
1161 1365 1340 1404 Euboeae

357 1422 508 1461 coelam
529 1418 825 1458 circumscribere
852 1425 1007 1456 conatus
1035 1418 1084 1456 est
1104 1418 1280 1456 Lucanus
1298 1418 1342 1455 li-

355 1473 425 1512 bro
453 1485 488 1510 v.
526 1471 719 1510 COLER.
776 1468 926 1507 Euboeae
953 1471 1054 1506 coela
1081 1468 1254 1506 obtinebis.
1286 1469 1342 1507 Ita

355 1524 552 1563 rthiffime
575 1521 689 1560 edidit
700 1520 1024 1570 Chalcocondyles
1036 1532 1081 1558 ex
1092 1520 1176 1558 cod.
1186 1520 1341 1558 Parrha-

357 1575 410 1614 sii.
461 1575 510 1613 Et
530 1573 662 1624 probat
681 1572 940 1611 celeberrimus
958 1572 1198 1617 Gronovius,
1228 1573 1281 1610 uti
1298 1572 1341 1610 li-

357 1627 445 1665 teris
464 1625 509 1664 ad
531 1637 593 1663 me
614 1625 758 1662 testatus
778 1624 838 1662 est.
874 1624 1022 1673 Pighius
1042 1622 1173 1661 maluit
1192 1623 1341 1660 Euboeae

359 1680 526 1715 coelam:
567 1687 732 1725 eumque
768 1674 923 1712 Colerus
952 1677 990 1712 ὃς
1017 1675 1078 1712 alii
1110 1675 1192 1712 sunt
1217 1675 1343 1712 secuti„

361 1730 510 1767 Verum
538 1726 564 1764 fi
590 1728 723 1763 Coelam
748 1725 871 1774 legere
896 1726 1007 1770 velis,
1038 1727 1076 1763 &
1106 1726 1270 1763 Euboeam
1291 1726 1344 1763 le·-

361 1779 530 1831 gendum
558 1778 646 1816 erit:
684 1784 724 1815 ut
748 1776 1010 1814 substantivum
1039 1777 1078 1813 &
1104 1775 1235 1825 adJest.
1262 1777 1345 1815 casu

362 1838 582 1880 congruant.
633 1829 683 1866 Et
701 1827 829 1865 dicunt
846 1828 930 1865 sane
953 1826 1151 1872 &ussvssom
1168 1829 1258 1868 κόιλη
1277 1831 1346 1865 Eu-

360 1882 442 1920 boea
462 1895 549 1919 cava
571 1907 582 1924 ,
620 1878 822 1930 quomodo
848 1879 952 1918 Κὸιλη
977 1878 1096 1922 Συρμόι
1122 1891 1208 1914 cava
1231 1881 1347 1926 Syria.

359 1935 509 1973 Verum
529 1933 616 1982 quia
635 1932 672 1968 in
692 1930 866 1969 omnibus
887 1928 996 1968 codd.
1017 1928 1066 1966 est
1087 1929 1256 1972 Euboeae,
1277 1942 1347 1979 pu-

358 1993 439 2024 tem
457 1983 658 2032 legendum
677 1982 800 2031 potius
810 1982 909 2018 Coela
922 2001 932 2027 ;
943 1989 984 2018 ut
1003 1981 1149 2018 numeri
1167 1981 1243 2019 hoc
1253 1982 1346 2030 plur.

360 2038 402 2075 δε
427 2036 571 2085 generis
598 2034 762 2071 neutrius
788 2031 851 2070 fit:
889 2033 928 2070 &
958 2031 1219 2069 substantivum
1242 2033 1345 2070 alteri

361 2086 586 2126 substantivo
601 2086 790 2135 jungatur.
819 2084 913 2121 Sane
932 2081 1117 2120 Aueiores
1134 2090 1216 2121 tum
1229 2084 1347 2122 Grae-

365 2139 424 2183 ci,
458 2145 540 2174 tum
570 2136 696 2173 Latini
722 2136 771 2172 ita
797 2133 1013 2185 loquuntur.
1066 2134 1196 2172 Strabo
1223 2134 1283 2174 lib.
1310 2148 1346 2174 x.

362 2191 498 2239 Πςὸτον
525 2188 552 2225 2³
578 2186 734 2229 Ἐυβέιοις
759 2188 873 2224 Kinna
897 2188 1041 2228 λέγω-ι.
1105 2188 1256 2223 Primam
1277 2189 1347 2224 Eu-

362 2238 462 2276 boeae
475 2250 607 2288 partem
629 2239 745 2275 Κῖιλοι
762 2248 895 2274 vocant.
947 2236 1076 2274 Livius
1096 2249 1182 2281 xxx,
1203 2250 1262 2287 43.
1291 2240 1348 2285 Est

358 2290 454 2339 finus
478 2289 660 2332 Euboicus,
680 2303 776 2338 quem
795 2290 894 2324 Coela
914 2298 1055 2328 vocant,
1071 2290 1244 2337 suspec‘lus
1263 2302 1348 2324 nau-

362 2343 423 2379 tis..
475 2339 628 2379 Orosius
658 2340 799 2376 Euboica
826 2339 928 2375 Coela
953 2336 1122 2387 appellat.
1150 2339 1346 2376 VORST.

304 2396 307 2398 ’
363 2389 468 2430 Paul.
488 2391 706 2440 Leopardus
726 2391 771 2428 L.
794 2403 904 2428 xrrr.
931 2388 1092 2427 Emend.
1122 2390 1166 2427 C.
1192 2403 1253 2428 21.
1280 2390 1348 2428 Ait

365 2443 487 2481 solum
513 2442 671 2480 Paulum
701 2441 880 2478 Orosium
907 2441 1030 2477 sanam
1058 2440 1118 2477 hic
1143 2441 1348 2479 leetionem

2274 1036 2376 1086 Aii-

1393 1158 1523 1199 locum
1545 1161 1721 1201 citaverat
1741 1163 1778 1201 in
1804 1164 1970 1214 margine
1986 1163 2158 1204 Perizon.
2202 1165 2274 1205 Sed
2293 1167 2377 1207 scri-

1390 1210 1479 1249 bens
1497 1215 1610 1252 Coela.
1637 1215 1677 1251 in
1696 1215 1712 1255 v]
1728 1216 1884 1260 Ἐυβοίως
1911 1218 2019 1257 κοίλη.
2077 1217 2374 1267 Subintelligetur

1390 1260 1492 1311 χώρει
1506 1288 1518 1306 ,
1540 1271 1581 1300 ut
1600 1264 1639 1301 in
1654 1264 1761 1313 o'gmr)
1773 1291 1782 1307 ‚
1796 1268 1901 1310 Φιλίκ
1914 1293 1925 1309 ,
1937 1267 2094 1311 πολεμίαι
2112 1268 2271 1319 aliisque.
2300 1271 2376 1308 Ce-

1391 1320 1514 1351 terum
1533 1322 1624 1352 nota
1642 1314 1703 1353 hic
1731 1316 1823 1354 mihi
1843 1329 2009 1356 errorem
2029 1320 2168 1358 Vorstii
2187 1321 2376 1360 Strabonis

1391 1364 1503 1403 verba
1525 1365 1713 1404 reddentis
1731 1367 1832 1417 quasi
1847 1371 1992 1418 primam
2005 1369 2152 1407 Euboeae
2168 1382 2298 1418 partem
2308 1375 2378 1410 κοῖ-

1390 1425 1439 1453 λαι
1464 1417 1646 1455 vocarint.
1700 1418 1800 1457 Cum
1830 1419 1960 1458 Strabo
1987 1421 2078 1458 nihil
2104 1422 2275 1470 cogitarit
2303 1424 2380 1462 mi:

1391 1479 1471 1506 nus.
1515 1469 1620 1506 Dicit
1642 1468 1744 1507 enim
1762 1469 1798 1507 se
1818 1470 1865 1508 de
1886 1471 1961 1509 aliis
1980 1471 2159 1510 Euboeae
2178 1473 2269 1511 locis
2289 1474 2373 1514 alibi

1393 1517 1503 1568 egiffe
1532 1519 1717 1569 copiofius
1737 1548 1749 1565 ‚
1782 1533 1883 1560 nunc
1917 1534 2010 1560 vero
2038 1534 2081 1560 ea
2114 1523 2373 1564 exsecuturum

1392 1582 1489 1621 quae
1509 1572 1815 1620 praetermiserit,
1843 1574 1882 1611 ὃς
1902 1581 1992 1611 tunc
2013 1573 2114 1613 addit
2131 1578 2165 1625 ις
2184 1577 2319 1626 agimur,
2338 1577 2378 1616 id

1397 1622 1447 1660 est
1468 1651 1480 1667 ‚
1516 1625 1561 1660 Ec
1583 1624 1730 1673 primum
1755 1623 1890 1674 quidem
1908 1653 1921 1669 ‚
1951 1624 2087 1663 scilicet
2111 1637 2231 1674 agam.
2304 1628 2379 1667 Pro

1396 1672 1620 1723 Rhamnunta
1630 1675 1741 1712 MSS.
1765 1678 1942 1724 Qmunta
1956 1706 1964 1719 ,
1979 1676 2174 1714 Thamuntae
2184 1707 2196 1722 ‚
2206 1677 2382 1716 Chamma-

1396 1724 1477 1767 cba,
1497 1727 1531 1760 T
1525 1725 1687 1769 amatha,
1710 1725 1844 1764 deinde
1863 1727 1970 1765 multi
1990 1727 2216 1767 Chalcbidico.
2251 1729 2379 1771 Etiam.

1397 1776 1569 1814 nonnulli
1588 1778 1722 1817 viatici
1733 1779 1824 1825 soli,
1847 1778 2048 1829 quomodo
2076 1780 2115 1817 ὃς
2141 1779 2210 1818 Ed.
2237 1781 2347 1830 Mog.

1450 1838 1508 1874 74.
1521 1827 1640 1864 Coelae
1658 1827 1805 1865 Euboeae
1822 1845 1938 1867 nomen
1957 1829 2099 1879 obtinet]
2121 1831 2198 1868 Hic
2212 1832 2293 1881 jam
2313 1845 2380 1882 per

1398 1889 1544 1916 nomen
1572 1878 1833 1918 substantivum
1854 1883 1892 1919 &
1909 1880 2139 1930 adjeetivum
2166 1884 2288 1920 Coelae
2313 1887 2384 1922 Eu·

1397 1929 1495 1965 haeae
1514 1929 1648 1967 dicitur
1661 1959 1671 1975 ,
1698 1931 1753 1968 uti
1772 1932 1916 1970 Graece
1944 1932 2051 1973 Ko'can
2074 1933 2245 1980 ''Eop0m.
2266 1933 2380 1979 Κοίλη

1400 1982 1528 2026 Σινρλκ.
1553 1982 1750 2020 VORST.

1451 2044 1510 2081 75.
1536 2032 1749 2082 sepulturae]
1780 2032 1865 2071 Lib.
1885 2032 1984 2070 Dan.
2010 2034 2207 2083 Sepultura.
2252 2035 2383 2076 Insane

1397 2081 1505 2121 bene.
1534 2083 1730 2122 COLER.
1783 2082 1994 2121 Praedic‘ium
2013 2084 2035 2121 ἃ
2064 2087 2133 2120 Dee
2152 2087 2256 2122 locum
2267 2091 2384 2139 sepul-

1397 2144 1475 2171 tura
1501 2133 1650 2183 possedit.
1690 2135 1838 2184 Pighius
1866 2134 1886 2172 ὲ
1913 2135 2131 2185 quibusdam
2161 2136 2272 2176 codd.
2300 2151 2382 2178 ma-

1397 2186 1477 2223 vult
1494 2185 1566 2234 legi
1579 2188 1789 2236 sepulturae.
1842 2187 2086 2236 Antiquiores
2104 2188 2201 2236 typis
2228 2192 2382 2239 expreffi

1396 2236 1536 2274 habent
1555 2236 1602 2274 fic
1617 2246 1658 2275 ut
1676 2250 1745 2275 nos
1766 2237 1933 2276 edimus:
1948 2239 1986 2275 ὃς
2007 2237 2116 2275 MSS.
2136 2239 2229 2277 item
2246 2241 2383 2282 Brand.

1399 2299 1473 2325 una
1494 2299 1580 2324 cuin
1604 2300 1651 2325 eo
1673 2301 1787 2339 quem
1810 2289 1967 2326 Colerus
1987 2288 2164 2338 inspexit,
2190 2291 2385 2332 P.Danie-

1397 2336 1449 2374 lis.
1504 2338 1702 2377 Cecinerat
1718 2339 1859 2388 Apollo
1872 2369 1882 2386 ,
1910 2340 2090 2379 Euboeae
2110 2340 2229 2380 Coela
2249 2344 2383 2382 obten-

1397 2396 1525 2427 turum
1544 2391 1724 2438 Appium.
1773 2392 1878 2429 Dicit
1894 2391 2004 2440 igitur
2021 2392 2212 2437 Valerius,
2238 2395 2384 2443 praedi-

1403 2439 1505 2477 &um
1529 2439 1549 2477 a
1570 2441 1659 2478 Deo
1676 2441 1806 2478 locum
1827 2443 1865 2478 &
1892 2441 2084 2488 poffedifi'e
2100 2444 2292 2491 Appium;
2319 2447 2383 2486 sed

367 2495 551 2538 retinere,
577 2493 642 2543 qui
659 2491 748 2540 legit
766 2490 906 2526 Euboica
924 2493 1034 2531 coela,
1062 2491 1212 2539 scriptos
1233 2504 1348 2537 vero,
1390 2492 1569 2539 sepultura
1590 2520 1601 2536 ,
1636 2490 1675 2528 id
1702 2491 1750 2528 est
1770 2519 1780 2535 ‚
1817 2499 1856 2528 ut
1880 2491 1917 2528 in
1955 2491 2043 2530 loco
2069 2492 2134 2530 illo
2160 2494 2385 2542 sepeliretur.

368 2557 466 2595 quos
488 2545 562 2594 ipse
583 2543 738 2585 viderit,
772 2541 907 2579 habere
928 2541 1058 2589 partim
1094 2542 1348 2586 Euboecbelam‚

370 2597 505 2646 partim
518 2595 642 2632 Euboee
658 2595 777 2631 cellam
788 2621 798 2636 ‚
812 2590 990 2642 quosdam
1009 2593 1071 2626 cele
1096 2591 1236 2629 Euboae.
1262 2593 1352 2631 alios

371 2650 468 2685 Ocele
492 2646 637 2684 Euboae.
687 2645 746 2683 Sic
767 2644 842 2682 ille.
895 2642 1019 2680 Nostri
1046 2642 1153 2680 MSS.
1182 2644 1350 2681 maximo

373 2710 536 2736 numero
563 2696 671 2735 Euboe
686 2698 816 2733 cellam.
844 2695 952 2732 Unus
973 2694 1010 2731 &
1030 2693 1120 2731 alter
1140 2695 1254 2730 celam.
1286 2695 1354 2731 Ul-

370 2751 570 2798 traj.prim.
588 2748 745 2786 Choelam
756 2773 766 2791 ,
781 2748 819 2784 ὅτ
835 2745 883 2783 fic
902 2757 1055 2795 quoque
1073 2745 1184 2793 paulo
1196 2745 1275 2794 post
1287 2757 1353 2783 eo-

372 2800 462 2838 dem
475 2800 604 2838 modo.
615 2798 749 2848 Ultraj.
761 2798 868 2847 prim.
879 2805 1007 2834 tamen
1018 2797 1227 2834 Caeleenboe.
1249 2797 1355 2845 Quid

375 2859 479 2890 vetat
497 2851 620 2898 legere
632 2880 641 2895 ‚
662 2850 810 2886 Euboeae
826 2850 930 2885 coelen
943 2850 960 2885 ?
973 2850 1104 2897 Quum
1117 2848 1161 2886 de
1175 2848 1355 2894 faucibus,

372 2903 505 2951 quibus
515 2902 730 2940 Thaumaci
739 2901 953 2943 imminent,
965 2898 1011 2936 fic
1021 2899 1195 2950 loquatur
1211 2900 1294 2937 Liv.
1307 2900 1353 2939 L.

374 2966 509 2992 XXXII.
528 2966 562 3000 4.
584 2955 741 3002 Namque
758 2952 943 2987 Thaumaci
962 2950 983 2987 ἂ
1002 2953 1096 2998 Pylis
1112 2951 1250 3001 linitque
1267 2954 1356 2988 Ma·

375 3006 459 3041 liaco
481 3034 493 3049 ‚
526 3018 586 3055 per
608 3005 763 3040 Lamiam
782 3004 894 3045 eimti,
921 3004 1077 3039 Ioco'alto
1091 3001 1157 3049 siti
1167 3005 1272 3052 sunt,
1293 3003 1356 3052 ipsi

370 3056 525 3101 saar-ibus
546 3057 776 3101 imminentes,
796 3067 897 3106 quam
915 3055 1021 3093 coelen
1039 3064 1174 3095 vocant.
1224 3056 1353 3105 Quem

1401 2543 1597 2581 VORST.
1650 2542 1747 2580 Tres
1766 2544 1876 2580 Rem.
1896 2553 1980 2580 cum
2003 2543 2147 2582 duobus
2173 2546 2248 2584 aliis
2269 2551 2386 2598 sepul-

1400 2603 1485 2632 ture.
1531 2593 1678 2643 Reliqui
1690 2595 1875 2643 sepultura.
1906 2593 2015 2632 Leid.
2033 2596 2151 2645 quint.
2176 2598 2281 2634 Iocum
2300 2598 2388 2636 obti-

1401 2646 1488 2682 nuit.
1539 2645 1639 2682 Inter
1666 2644 1779 2682 lineas
1808 2646 2002 2695 sepulturae
2028 2645 2180 2696 possedit.
2229 2649 2385 2690 Modius

1406 2693 1474 2742 Ep.
1501 2707 1586 2734 L1v.
1612 2695 1745 2744 probat
1772 2697 1962 2744 sepultura.
1990 2698 2029 2735 ὃς
2056 2698 2203 2736 merito.
2264 2702 2385 2749 Quod

1405 2756 1498 2784 vero
1518 2748 1590 2791 ait,
1617 2747 1655 2783 in
1676 2747 1751 2783 aliis
1769 2746 1839 2795 legi
1857 2759 1916 2797 pro
1930 2750 2103 2797 sepultura
2117 2774 2127 2790 ‚
2154 2749 2193 2786 id
2210 2751 2308 2799 apud
2327 2754 2385 2792 A-

1402 2794 1511 2834 scens.
1525 2798 1647 2834 Colin.
1660 2798 1801 2847 Gryph.
1815 2800 1852 2836 &
1865 2800 1959 2837 Rob.
1972 2799 2198 2847 Stephanum
2212 2806 2385 2843 occurrit.

1459 2847 1517 2894 76.
1543 2851 1790 2886 Miraculorum
1808 2851 1874 2885 loco
1891 2849 1985 2899 poni]
2016 2850 2159 2889 Ultima
2188 2865 2263 2891 vox
2286 2855 2383 2895 abest

1406 2897 1466 2936 lib.
1486 2899 1584 2937 Dan.
1619 2901 1667 2938 Et
1692 2902 1742 2938 ita
1771 2901 1916 2938 concise
1942 2901 2046 2951 loqui
2074 2911 2175 2940 amat
2202 2905 2386 2945 Valerius.

1409 2949 1604 2989 COLER.
1657 2952 1794 3000 Possunt
1811 2960 1857 2988 <9⁶
1875 2953 1940 2988 illa
1958 2955 2190 2990 miraculorum
2207 2957 2275 2992 Ioco
2291 2959 2387 3006 poni.

1407 3001 1550 3040 Ultima
1570 3015 1646 3041 vox
1664 3015 1743 3041 non
1763 3003 1929 3052 apparuit
1947 3002 1986 3040 in
2016 3004 2116 3042 Cod.
2136 3006 2262 3044 Coleri
2275 3036 2285 3051 ‚
2311 3020 2381 3056 pro

1405 3063 1452 3092 eo
1480 3053 1601 3095 noster
1630 3054 1756 3095 haberi.
1791 3053 1954 3093 PERIZ.
2013 3057 2099 3095 Poni
2130 3056 2228 3097 delet
2254 3059 2385 3098 Heius,

2277 3110 2388 3159 prim³

2485 12 2490 21 ι

2481 0 2516 118 ξ

2486 74 2494 83 e

2494 87 2499 94 ι

2503 147 2509 154 x

2472 2871 2516 2894 §ss

2505 200 2513 220 l
