2516 3509
497 95 615 151 DE
671 90 1160 150 EXTERNIS
1225 92 1812 164 INSTITUTIS.

2055 94 2152 146 181

133 205 290 254 uxoris
332 201 474 268 pietas
527 200 569 228 80
613 199 660 245 in
703 196 896 244 modum
940 196 1126 261 genialis
1172 199 1262 245 tori
1305 198 1587 262 propinquae
1629 198 1789 245 mortis
1834 196 1985 246 secura
2025 214 2136 246 con-

136 281 322 330 scendit.

205 360 298 407 Cui
319 357 520 423 gloriae2
554 356 591 384 8¹
618 353 1217 414 Punicarum-feminarum,
1250 365 1305 400 ut
1336 367 1394 399 ex
1423 352 1763 414 comparatione
1784 356 1968 419 ,turpius
1997 371 2131 420 appa·
2150 348 2265 429 Justiffss

857 430 900 461 3²
927 435 1083 482 Siccae
1111 434 1233 479 enim
1259 431 1415 477 fanum
1435 430 1498 476 est
1517 430 1734 490 Veneris,
1769 433 1816 478 in
1839 436 1962 496 quod
1979 436 2020 482 se
2040 416 2262 482 lna-'mn

136 451 254 499 reat,
288 437 482 485 dedecus
512 434 786 482 subneAEtam.

138 532 295 567 tronae
328 515 621 564 conferebant
637 549 652 574 9
699 511 740 549 3³
763 526 897 578 atque
924 513 1028 559 inde
1055 510 1350 576 procedentes
1377 507 1433 554 ad
1465 507 1699 570 quaestum
1721 542 1736 567 ‚
1781 509 1908 557 dotes
1936 516 2141 578 corporis

138 599 302 664 injuria
334 595 689 653 contrahebant,
723 592 908 641 honesta
941 592 1156 639 nimirum
1192 602 1284 636 tam
1312 585 1550 633 inhonesto
1579 587 1766 635 vinculo
1799 591 2016 654 conjugia
2030 596 2138 656 jun-

140 683 308 732 &urae

207 765 248 802 ⁸4
271 766 400 813 Nam
420 761 652 810 Persarum
668 758 917 806 admodum
939 752 1173 821 probabile
1192 751 1454 798 institutum
1474 750 1562 797 fuit
1576 784 1590 810 ‚
1605 750 1730 814 quod
1748 750 1911 799 liberos
1931 751 2028 800 suos
2048 770 2140 800 non

140 849 264 913 prius
291 845 587 912 aspiciebant,
621 859 757 906 quam
793 841 831 874 ⁸⁵
857 838 1101 901 septimum
1132 834 1385 899 implessent
1411 851 1605 893 annum,
1652 850 1745 896 quo
1776 833 2070 896 parvulorum
2099 850 2143 879 a-
2166 853 2212 874 ιι.

142 927 393 976 mistionem
412 924 620 986 aequiore
641 920 792 966 animo
811 915 1090 962 sustinerent.

211 1007 251 1035 ⁸⁶
273 1007 355 1053 Ne
378 999 631 1050 Numidiae
653 995 837 1060 quidem
858 1008 984 1056 reges
1002 989 1316 1056 vituperandi,
1350 990 1428 1054 qui
1450 1005 1578 1036 more
1594 989 1743 1055 gentis
1764 987 1862 1035 suae
1884 989 1995 1036 nulli
2018 1005 2140 1035 mor-

145 1085 222 1133 tali
246 1081 451 1129 osculum
472 1076 685 1123 ferebant.
721 1085 731 1095 “
753 1068 996 1133 Qicquid
1014 1069 1135 1115 enim
1158 1069 1204 1114 in
1221 1067 1395 1114 excelso
1418 1065 1599 1131 fastigio
1635 1065 1836 1133 positu-m
1855 1067 1944 1125 est,
1980 1066 2143 1113 humili

146 1161 196 1208 &
215 1160 322 1208 trita
340 1152 689 1210 consuetudine,
723 1165 816 1213 quo
840 1146 896 1196 fit
917 1145 1213 1195 venerabilius
1225 1179 1241 1204 9
1275 1161 1471 1194 vacuum
1490 1144 1576 1192 effe
1595 1146 1823 1193 convenit.

151 1290 211 1328 Sic
240 1288 396 1336 Justinus
421 1284 480 1322 lib.
509 1294 621 1321 xvm.
659 1280 705 1319 d‘e
738 1279 884 1329 Cypriis
916 1276 1125 1325 virginibus.

148 1345 235 1378 Mos
253 1351 327 1376 erat
348 1339 476 1387 Cypriis
495 1337 643 1386 ”virgines
662 1343 740 1368 ante
754 1330 886 1381 nuptias
897 1330 1036 1376 statutis
1057 1326 1128 1364 die--

151 1393 210 1429 bus
226 1389 366 1427 dotalem
383 1389 552 1438 pecuniam
572 1385 790 1435 quaefituras.
820 1380 1013 1418 COLER.
1051 1377 1130 1415 Inde

150 1445 352 1493 procedentes
373 1439 417 1476 ad
435 1441 601 1489 quaestum
615 1464 625 1480 ,
651 1434 741 1470 dotes
757 1434 895 1482 corporis
912 1432 1038 1480 injuria
1057 1445 1131 1466 con-

154 1494 342 1531 trahebant.
372 1493 425 1528 lta
445 1491 570 1526 locum
591 1488 691 1524 hunc
711 1497 757 1521 ex
777 1483 885 1521 MSS.
907 1481 1056 1518 restituit
1071 1481 1131 1518 Pi-

157 1546 274 1594 ghius.
326 1543 442 1580 Aldus
462 1539 646 1582 ediderat,
674 1543 805 1586 (Atque
825 1532 898 1571 inde
913 1530 1132 1583 procedentes,

154 1600 323 1647 quaestum
342 1593 429 1630 dctis
443 1592 601 1639 ,corperis
614 1590 739 1637 injuria
760 1597 860 1623 contr.
889 1586 999 1632 Quae
1017 1582 1133 1620 lcffio.

159 1649 198 1684 ὃς
218 1648 257 1683 in
277 1644 384 1682 codd.
406 1642 536 1680 Brand.
555 1646 724 1688 apparet:
753 1639 791 1675 ὃς
812 1638 850 1674 in
864 1635 958 1672 libro
980 1635 1073 1671 item
1088 1634 1129 1671 P.

156 1698 255 1737 Dan.
284 1695 472 1744 observata
499 1692 547 1729 est
574 1690 736 1732 Colero;
765 1688 832 1737 qui
848 1685 1002 1736 quidem
1029 1684 1133 1722 alteri

159 1749 255 1786 hanc
277 1749 315 1784 ὃς
334 1745 504 1795 praefert.
556 1742 654 1779 Mihi
666 1748 801 1778 tamen
821 1737 937 1793 magis
959 1735 1133 1784 probatur

159 1801 290 1838 altera:
319 1809 432 1847 quam
464 1796 502 1831 in
527 1801 653 1831 vetere
674 1801 825 1841 quoque
846 1788 1010 1844 editione
1030 1787 1133 1824 Mar-

155 1852 225 1890 tini
246 1849 397 1897 Herbip.
418 1847 586 1884 observo.
635 1844 690 1880 Ut
716 1840 834 1879 noster
861 1839 948 1876 dicit
964 1836 1134 1887 procedere

157 1901 206 1940 ad‘
220 1904 389 1952 quaestum
403 1927 413 1943 ‚
440 1898 489 1934 ita
507 1895 662 1943 Justinus
680 1892 739 1931 lib.
765 1902 877 1929 xvm.
897 1889 1003 1927 simili
1025 1888 1071 1926 de
1092 1901 1132 1926 re

158 1965 289 2003 agens,
301 1956 335 1988 in
352 1952 518 2001 quaestum
538 1949 678 1983 mittere.
705 1944 754 1981 Et
772 1940 1015 1996 memorabile
1027 1940 1133 1989 quod

160 2012 355 2042 matronae
378 2001 458 2038 illae
481 1997 661 2036 Siccenses
675 2025 685 2040 ,
712 2005 870 2044 quarum
893 2000 1131 2030 mentionem

161 2055 331 2091 Valerius
360 2053 468 2095 facit,
506 2047 682 2087 oriundae
711 2047 861 2083 fuerunt
885 2044 929 2081 ab
956 2042 1023 2080 illis
1056 2042 1134 2091 Cy-

160 2105 246 2155 priis
261 2133 270 2149 ‚
298 2104 343 2141 de
361 2103 490 2151 quibus
507 2100 662 2147 Justinus
687 2096 876 2146 praedicto
905 2094 994 2132 loco
1014 2094 1133 2142 gemi-

162 2167 256 2194 num
283 2153 452 2202 prodidit.
505 2154 588 2187 Mos
616 2161 688 2185 erat
708 2150 862 2197 Cypriis,
888 2146 1030 2195 inquit,
1057 2148 1132 2181 ‘vir—

154 2210 253 2259 gines
271 2215 347 2240 ante
365 2206 496 2253 nuptias
507 2203 646 2249 statutis
666 2198 777 2234 diebus
803 2196 946 2233 dotalem
962 2197 1133 2245 pecuniam

162 2257 368 2309 quaesituras
383 2282 393 2297 ‚
419 2257 454 2289 in
481 2255 649 2301 quaestum
677 2248 721 2284 ad
741 2250 839 2283 littus
864 2249 966 2283 maris
981 2249 1132 2289 mittere,-

161 2320 223 2360 pro
253 2308 382 2355 reliqua
406 2301 569 2352 pudicitia
598 2301 777 2336 libamenta
804 2299 927 2335 Veneri
950 2297 1131 2342 filatur-as.

164 2364 301 2400 Harum
321 2359 425 2406 igitur
444 2368 483 2389 ex
501 2365 630 2388 numero
649 2352 799 2386 LXXX.
826 2345 997 2382 admodum
1023 2346 1133 2394 ‘virgi-

164 2426 219 2448 nes
237 2418 352 2459 raptas
379 2404 520 2442 navibus
543 2403 663 2451 imponi
684 2398 787 2446 Eliffit
812 2397 927 2446 jubet3
954 2407 992 2432 ut
1012 2403 1058 2431 ω’
1073 2401 1132 2443 jn-

166 2473 284 2504 ‘tentas
311 2457 521 2497 matrimonia
535 2482 546 2500 ‚
571 2461 617 2492 ω’
634 2450 711 2491 urbs
729 2449 876 2500 subolem
894 2446 1008 2487 habere
1017 2446 1132 2498 poffet.

1176 1276 1278 1324 Ergo
1300 1275 1463 1312 feminae
1482 1274 1566 1312 istae
1579 1303 1589 1319 ‚
1617 1286 1706 1324 quas
1726 1267 1838 1312 Eiiffa'
1853 1274 1976 1312 secum
1997 1276 2034 1312 in
2045 1275 2146 1312 Afri-

1178 1337 1262 1364 cam
1283 1325 1410 1370 duxit,
1438 1325 1591 1374 vulgato
1614 1337 1771 1374 corpore
1793 1326 1921 1363 dotem
1952 1326 2151 1374 quaerendi
2219 1372 2221 1374 Ι

1180 1388 1327 1415 morem
1341 1405 1352 1421 ‚
1378 1388 1492 1427 quern
1510 1378 1549 1414 in
1567 1377 1682 1425 patria
1704 1376 1833 1424 Cypro
1862 1376 2084 1419 didicerant,
2111 1376 2158 1414 ad

1180 1428 1345 1478 posteros
1366 1429 1405 1465 in
1434 1427 1507 1477 ipsa
1529 1427 1659 1465 Africa
1691 1426 1975 1464 transmiserunt.
2030 1427 2160 1465 Strabo

1182 1479 1257 1517 fine
1286 1478 1368 1516 libri
1398 1491 1450 1516 xx.
1477 1477 1635 1516 fimilem
1664 1478 1742 1515 fere
1773 1489 1920 1515 morem
1952 1477 2160 1516 Armeniis:

1185 1532 1224 1568 &
1242 1528 1462 1568 Herodotus
1486 1543 1521 1574 1,
1538 1541 1599 1579 93.
1627 1537 1739 1579 atque
1757 1528 1933 1566 Aelianus
1951 1540 2006 1574 iv,
2030 1542 2059 1566 1.
2080 1529 2160 1577 Ly-

1183 1581 1236 1619 dis
1254 1581 1430 1619 tribuunt.
1456 1580 1653 1618 VORST.
1699 1580 1755 1616 Ut
1778 1578 1992 1617 emendavit
2010 1580 2156 1628 Pighius

1182 1633 1234 1670 ita·
1254 1632 1402 1669 exhibet
1412 1630 1547 1680 Ultraj.
1568 1631 1643 1670 sec:
1659 1632 1697 1668 &
1710 1630 1814 1668 Toil.
1834 1642 1958 1679 neque
1978 1630 2080 1668 aliter
2089 1630 2159 1668 Ed.

1183 1685 1292 1732 Mog.
1310 1682 1415 1732 quod
1434 1683 1555 1732 probo
1568 1709 1580 1727 ‚
1602 1680 1665 1720 etsi
1679 1681 1738 1719 alii
1757 1681 1861 1731 supra
1880 1681 2011 1729 viginti
2028 1689 2158 1720 tuean-

1182 1742 1243 1772 tur
1263 1734 1467 1781 vulgatum.

1234 1785 1293 1831 84.
1321 1785 1408 1830 J'am
1426 1782 1621 1833 Persarum]
1653 1784 1798 1822 Omnes
1826 1784 1903 1821 fere
1928 1783 2036 1822 MSS.
2063 1787 2160 1820 Nam

1184 1838 1384 1885 Persarum,
1410 1843 1452 1873 ut
1473 1837 1554 1873 sunt
1579 1836 1674 1873 haec
1695 1834 1770 1873 duo
1799 1849 1876 1871 nam
1897 1841 1944 1871 w
1959 1839 2035 1884 jam
2062 1834 2160 1883 apud

1183 1887 1348 1926 nostrum
1370 1886 1518 1925 infinitis
1537 1886 1629 1924 locis
1649 1886 1744 1924 inter
1764 1886 1798 1923 se
1820 1893 2038 1934 permutata.
2082 1887 2159 1923 Hic

1184 1951 1277 1977 vero
1299 1942 1397 1975 Nam
1428 1937 1571 1976 editum
1594 1938 1663 1975 fuit
1691 1945 1776 1974 ante
1798 1937 1981 1986 Pighium.
2036 1937 2156 1985 Quod

1184 1989 1331 2028 Auster
1350 1989 1472 2027 noster
1490 1989 1579 2027 dicit
1607 1999 1741 2037 pueros
1763 1995 1961 2037 antequam
1980 1990 2162 2037 septimum

1184 2038 1394 2090 implessent
1414 2052 1554 2078 annum
1577 2038 1598 2076 ἒι
1621 2039 1827 2088 parentibus
1849 2050 1927 2077 non
1942 2038 2067 2076 solitos
2094 2038 2160 2076 ad-

1184 2093 1295 2141 spici,
1321 2091 1359 2130 id
1379 2091 1509 2129 Strabo
1538 2090 1627 2128 dicit
1657 2102 1736 2127 non
1766 2098 1856 2127 antev
1871 2101 2049 2140 quartum,
2077 2090 2160 2126 Hee·

1181 2143 1337 2182 rodotus
1365 2150 1451 2180 ante
1477 2144 1631 2193 quintum
1654 2141 1794 2179 fadum
1816 2139 1919 2178 fuiffe
1932 2156 1944 2184 ;
1974 2148 2014 2177 ut
2036 2139 2156 2177 obser-

1185 2195 1288 2233 vavit
1306 2193 1460 2278 Briflon.
1482 2193 1528 2231 de
1546 2194 1682 2241 Regno
1699 2192 1793 2230 Pers.
1812 2193 1857 2229 L.
1875 2204 1918 2229 11.
1941 2204 1976 2241 p.
1992 2203 2071 2240 192.
2091 2190 2158 2234 Ed,

1187 2246 1354 2282 Comme
1371 2272 1378 2280 .

1238 2295 1299 2341 85.
1325 2294 1508 2342 Septimum
1528 2292 1709 2342 impleffimt
1735 2290 1875 2340 annum]
1905 2291 2051 2329 Herod.
2073 2291 2154 2328 Lib,

1185 2356 1231 2384 11.
1260 2342 1330 2381 Sed
1352 2344 1518 2393 quinque
1537 2354 1654 2380 annos
1673 2343 1801 2380 scribit.
1830 2343 2065 2381 CORRAD.

1236 2395 1295 2433 86.
1323 2396 1378 2430 Ne
1395 2392 1598 2442 Numidiae]
1626 2394 1785 2444 Aliquot
1812 2393 1918 2433 MSS.
1954 2398 2013 2433 Ne
2033 2392 2153 2433 Numa.

1183 2445 1244 2485 dae
1262 2444 1394 2499 quidem
1414 2459 1517 2496 reges.
1544 2445 1712 2494 Optime,

2034 3043 2077 3093 C
2092 3059 2155 3091 Au

2223 751 2278 787 16.

2160 801 2317 832 Herodot.
