2516 3509
407 105 515 174 528
651 84 1065 157 VALERII

1139 77 1522 139 MAXIMI
1563 77 1695 139 Lu.
1731 81 1836 141 VI.
1879 81 2028 141 CAP.
2067 82 2112 138 Ι.

408 204 667 257 verberibus
684 237 700 262 ‚
747 201 854 266 quia
886 198 1095 262 stuprum
1140 191 1238 257 pati
1284 170 1493 237 noluerat
1515 222 1532 248 ‚
1574 187 1761 238 affectus
1786 223 1803 249 ,
1846 191 2075 256 querelam
2117 189 2173 238 ad
2216 190 2417 243 consules

408 288 587 336 detulit.
658 285 701 332 A
743 281 909 347 quibus
951 280 1038 328 hac
1081 276 1138 324 de
1182 290 1231 321 re
1280 273 1450 320 certior
1490 270 1634 320 Factus
1667 271 1839 321 senatus
1859 308 1876 334 ‚
1917 276 2110 322 Plotium
2142 279 2186 321 in
2218 292 2420 323 carcerem

404 371 497 416 duci
524 365 667 432 justit,
739 371 782 402 33
820 365 878 412 In
911 360 1218 429 qualicunque
1250 355 1373 402 enim
1407 352 1525 401 statu
1559 351 1756 418 pofitam
1789 354 2010 403 Romano
2033 355 2249 419 'smiguini
2283 356 2423 420 pudiff

412 453 569 500 citiam
604 462 755 498 tutam
789 447 875 495 effe
907 445 1074 496 voluit.

481 533 546 580 Et
587 529 700 595 quid
745 528 915 576 mirum
936 561 953 587 ‚
1009 522 1044 571 fi
1088 522 1182 570 hoc
1227 517 1425 568 universi
1479 518 1533 564 P.
1578 514 1637 562 C.
1679 515 1994 565 censuerunt?
2051 519 2110 566 C.
2153 519 2418 570 Pescennius

419 621 464 654 34
507 611 720 660 triumvir
761 607 962 674 capitalis
982 641 998 667 ‚
1050 601 1323 652 Cornelium
1367 596 1605 646 fortiflime
1649 597 1838 645 militiae
1882 598 2100 662 stipendia
2144 604 2385 652 emeritum
2404 641 2422 666 ,

419 694 691 759 virtutisque
724 694 910 741 nomine
942 701 1101 756 quater
1137 695 1177 726 35
1217 686 1394 732 honore
1426 681 1650 748 primipili
1683 681 1740 728 ab
1776 682 2126 746 imperatoribus
2160 684 2381 734 donatum
2404 724 2421 751 ‚

422 779 549 846 quod
595 793 701 825 cum
745 777 947 840 ingenuo
993 769 1329 820 adolescentulo
1373 765 1515 830 stupri
1561 764 1895 811 commercium
1927 765 2148 813 habuifl'et
2166 801 2182 827 ,
2226 769 2422 833 publicis

417 855 612 903 vinculis
657 856 877 903 oneravit.
945 855 989 903 A
1035 870 1128 919 quo
1172 849 1387 916 appellati
1429 846 1602 895 tribuni
1639 880 1656 906 ,
1699 863 1807 894 curn
1854 845 1911 892 de
1944 845 2102 911 stupro
2136 848 2252 894 nihil
2285 864 2421 914 nega-

418 948 487 982 ret
507 969 522 994 9
565 934 638 981 sed
674 932 720 972 36
743 934 995 999 sponstonem
1028 932 1080 995 se
1118 931 1266 994 fucere
1301 938 1506 991 puratum
1538 924 1740 985 diceret,
1788 926 1896 988 quod
1923 927 2147 989 adolescens
2180 930 2249 975 ille
2274 932 2422 989 palam

417 1028 540 1079 atque
570 1027 712 1078 aperte
744 1030 904 1078 corpore
934 1014 1146 1078 quaestum
1165 1010 1428 1074 faciitufflt,
1461 1005 1824 1054 interceffionem
1858 1005 1979 1054 suam
2014 1007 2302 1071 interponere
2335 1025 2419 1058 no-

419 1100 615 1148 luerunt.
689 1100 851 1163 Itaque
884 1096 1128 1145 Cornelius
1161 1096 1209 1141 in
1243 1107 1422 1141 carcere
1455 1090 1575 1138 mori
1609 1088 1794 1137 coactus
1828 1089 1909 1137 est.
1980 1095 2022 1126 3⁷
2045 1091 2164 1139 Non
2200 1104 2420 1157 putarunt

419 1328 507 1366 ‹f‘lum
527 1331 594 1376 est,
621 1326 710 1380 quod
737 1325 823 1364 nefli
845 1325 1024 1374 desierunt,
1072 1323 1192 1362 Item:
1222 1325 1262 1360 L.
1284 1319 1393 1372 Papi-

416 1382 487 1418 rius
507 1381 636 1426 isfuit.
686 1380 752 1416 cni
769 1391 839 1414 cum
851 1381 890 1427 se
911 1380 951 1414 C.
984 1374 1150 1413 Publilius
1177 1373 1216 1410 ob
1233 1387 1290 1410 aes
1305 1374 1392 1408 alie—

418 1445 497 1467 num
520 1442 698 1480 paternum
726 1443 849 1465 nexum
878 1427 1026 1476 dediffet.
1063 1425 1260 1464 VORST.
1294 1423 1395 1462 Ede-

421 1481 575 1519 debatur
592 1490 677 1520 ante
697 1480 869 1529 Pighium
892 1481 1006 1516 Coelio
1029 1479 1153 1515 Plotio.
1181 1475 1253 1513 Sed
1264 1478 1302 1513 C.
1314 1476 1394 1511 Plo-

417 1534 467 1569 tio
486 1532 535 1570 est
553 1533 591 1570 in
619 1531 726 1570 MSS.
754 1532 793 1569 ὃς
810 1529 1064 1580 antiquissimis
1083 1527 1320 1566 editionibus.

469 1595 529 1633 33.
557 1586 599 1619 In
617 1584 840 1632 qualicunque
866 1584 952 1617 enim
971 1583 1061 1625 statu
1084 1580 1228 1630 positam
1247 1583 1397 1628 Romano

406 1634 573 1683 fimguini
587 1632 804 1684 pudicitiam]
818 1633 955 1670 Melius
968 1660 978 1677 ‚
984 1631 1101 1682 posito.
1113 1630 1235 1667 LIPS.
1254 1633 1296 1666 In
1313 1641 1397 1679 qua-

417 1686 569 1734 licunque
583 1688 678 1730 statu
694 1684 834 1733 pcfitam
855 1688 1000 1732 Romano
1013 1683 1180 1730 sanguini
1195 1678 1392 1726 pudicitiam

420 1745 531 1772 tutam
549 1735 608 1784 esse
625 1736 745 1772 voluit.
775 1733 916 1782 Lipfius
937 1745 1005 1782 pro
1022 1733 1165 1781 postiam
1191 1729 1391 1779 legendum

422 1786 543 1823 censet
568 1786 693 1834 pofito:
729 1784 834 1835 quod
860 1784 944 1821 sane
965 1784 1004 1820 &
1025 1781 1130 1819 nobis
1157 1782 1207 1818 ita
1233 1780 1391 1818 videtur.

422 1836 620 1875 VORST.
648 1841 688 1873 In
706 1838 937 1888 qualicumque
956 1834 1042 1870 enim
1053 1836 1150 1879 statu
1166 1832 1311 1881 positam
1329 1835 1393 1881 Q-

423 1903 520 1925 mano
537 1889 703 1936 sanguini
730 1897 839 1924 tutam
859 1885 918 1935 esse
939 1885 1059 1921 voluit.
1088 1883 1185 1931 Lips.
1213 1884 1252 1920 &
1269 1882 1393 1920 Vorst.

423 1948 553 1977 contra
583 1939 706 1976 Codd.
735 1938 864 1986 legunt
888 1936 1003 1985 posito.
1054 1934 1167 1971 Male.
1219 1932 1392 1970 Pudicitia

417 1992 455 2026 in
481 1991 712 2040 qualicumque
730 1992 826 2037 statu
849 1988 984 2038 posita,
1011 1985 1050 2023 id
1079 1985 1150 2029 est,
1173 1984 1392 2035 qualiscum-

418 2053 493 2091 que
521 2041 628 2078 status
656 2039 890 2083 hominibus,
919 2038 980 2075 vel
1010 2035 1164 2085 pudicus
1193 2036 1323 2073 animo
1351 2035 1392 2072 in

418 2091 684 2142 qualicumque
703 2091 794 2128 statu
813 2089 934 2127 fuerit.
953 2087 1199 2126 PERIZON.
1226 2086 1391 2134 Pofitam,

419 2142 624 2181 defendunt
648 2141 777 2191 utique
796 2152 929 2178 omnes
947 2140 1079 2188 scripti.
1131 2137 1248 2176 Recte
1277 2136 1391 2185 expli-

422 2195 499 2232 cuit
518 2194 745 2231 Perizonius.
772 2191 906 2230 Fraudi
926 2191 997 2229 fuit
1021 2188 1149 2239 Lipfio
1169 2190 1207 2226 &
1226 2188 1391 2233 Vorsti0‚

422 2244 526 2295 quod
545 2256 674 2294 parum
697 2244 970 2285 meminerant,
997 2253 1111 2292 quam
1131 2241 1303 2290 frequens
1322 2251 1394 2277 no-

422 2297 493 2335 stro
511 2295 551 2333 fit
573 2295 744 2344 adjuncta
763 2306 831 2344 pro
852 2292 1017 2342 subjeffis
1038 2292 1220 2340 usurpare.

475 2359 534 2397 34.
559 2347 731 2383 Triumvir
755 2343 930 2394 capitalis]
977 2344 1163 2380 Trium-viri
1201 2341 1393 2380 variorum

422 2408 604 2447 generum
626 2397 730 2435 fuere
740 2411 752 2439 3
781 2397 877 2433 inter
895 2395 985 2432 alios
1006 2402 1133 2432 autem
1154 2394 1192 2430 &
1211 2393 1393 2443 capitales.-

425 2449 492 2499 qui
514 2448 617 2497 supra
645 2460 682 2485 v.
710 2459 744 2493 4.
774 2458 808 2492 7.
836 2447 875 2483 &
904 2445 1010 2488 alibi,
1038 2443 1247 2492 fimpliciter
1275 2443 1396 2479 trium·

425 2501 495 2537 viri
533 2499 716 2537 dicuntur.
776 2495 876 2534 Vide
904 2496 1024 2532 Notas
1050 2494 1098 2531 ad
1125 2505 1212 2530 eum
1249 2492 1392 2530 locum.

425 2550 622 2589 VORST.
658 2547 842 2587 Nonnulli
871 2545 979 2583 MSS.
1026 2555 1169 2581 nomen
1213 2543 1397 2580 triumviri

426 2603 579 2640 faciunt.
592 2602 850 2649 G.Fescennius.
879 2596 917 2633 τὲ
938 2595 1110 2644 Capitalis
1124 2593 1243 2639 ,deest
1261 2593 1298 2630 in
1320 2593 1396 2631 edi-

427 2653 590 2692 tionibus
611 2651 758 2689 vetustis
777 2652 816 2688 &
836 2647 958 2686 multis
980 2646 1106 2683 MStis.

481 2717 540 2753 35.
571 2706 706 2740 Honore
721 2701 886 2751 primi-pili
903 2697 947 2734 ab
968 2694 1195 2745 imperatorib.
1217 2694 1393 2744 donatum]

431 2748 629 2802 Primipxlus
650 2755 687 2791 &
707 2751 927 2802 primipilaris
950 2747 1159 2790 dicebatur,
1187 2747 1251 2796 qui
1267 2746 1397 2794 pilum,

434 2804 473 2842 id
494 2805 564 2847 est,
590 2806 751 2851 primum
770 2801 944 2840 ordinem
973 2798 1184 2837 triariorum
1220 2796 1396 2839 ducebam

432 2853 625 2904 primarius
648 2854 784 2891 scilicet
811 2850 1083 2890 centurionum.
1108 2847 1304 2886 VORST.
1331 2847 1401 2883 Vi-

432 2906 478 2944 de
501 2906 559 2954 Sp.
587 2904 766 2952 Ligustini
785 2904 996 2942 orationem
1017 2898 1114 2949 apud
1135 2898 1221 2935 Liv.
1236 2898 1402 2936 L.xr.11.

435 2969 492 3006 34.
521 2957 567 2993 L.
589 2967 693 2992 XLIV.
721 2967 779 3005 33.
821 2953 989 2992 Tribunus
1013 2951 1160 2988 militum
1187 2951 1293 2995 primo
1326 2949 1398 2998 pilo

430 3008 571 3059 legionis
591 3005 683 3046 edere
692 3008 853 3055 secretum
870 3005 1054 3056 imperinm.
1065 3000 1312 3042 PERIZON.
1329 3000 1399 3039 Vi-

2339 1172 2421 1220 tri-

1445 1315 1552 1354 detur
1574 1314 1612 1352 id
1629 1312 1803 1364 spectasse
1821 1315 1876 1353 vir
1904 1315 1961 1353 Cl.
1986 1316 2080 1355 haec
2097 1314 2347 1356 adscribendo.
2371 1328 2417 1356 an

1445 1379 1524 1405 non
1545 1367 1738 1415 praestaret
1756 1366 1963 1415 disjungere
1979 1368 2082 1418 primi
2093 1369 2163 1417 pili
2173 1382 2185 1411 ς
2202 1368 2241 1405 δε
2257 1369 2343 1407 sane
2363 1370 2419 1408 fa-

1446 1420 1548 1456 ciunt
1566 1417 1655 1455 illud
1674 1417 1817 1467 aliquot
1834 1418 1942 1455 MSS.
1976 1418 2081 1468 quod
2106 1418 2239 1466 placet.

1445 1469 2140 1570 ..1325st2‘20'51s223’3hssinfflst
2150 1468 2418 1568 ssii:{²’ss{“fi‘f

1446 1571 1574 1616 miles,
1600 1571 1701 1620 sequi
1727 1569 1819 1608 solet
1842 1573 1890 1608 m'.
1918 1572 1974 1610 Ut
1997 1572 2073 1621 sup.
2104 1584 2160 1610 11.
2182 1572 2215 1609 3.
2247 1549 2286 1610 2.’
2309 1577 2418 1621 Spon-

1441 1623 1535 1671 Jione
1555 1625 1733 1659 Lutatium
1747 1623 1944 1671 provocavit
1957 1651 1968 1668 ‚
1994 1625 2032 1659 ni
2043 1628 2107 1671 Juo
2124 1622 2224 1659 duft'u
2243 1624 2314 1661 δίε.
2340 1623 2419 1662 Cu-

1443 1675 1504 1722 jus
1538 1673 1681 1721 generis
1718 1673 1821 1722 plura
1859 1673 1945 1711 vide
1984 1673 2082 1722 apud
2110 1671 2332 1711 Briffonium
2371 1674 2418 1712 de

1446 1725 1561 1762 form.
1583 1736 1619 1773 p.
1648 1735 1734 1773 370.
1786 1723 1858 1760 Sed
1884 1724 2071 1761 interdum
2100 1731 2227 1761 tamen
2256 1724 2417 1774 sequitur

1444 1774 1551 1824 quod:
1579 1775 1633 1812 uti
1653 1775 1737 1820 hic,
1765 1775 1803 1812 &
1820 1774 1914 1812 infra
1930 1786 2018 1833 γης
2046 1787 2081 1811 2.
2108 1787 2145 1820 4.
2354 1826 2360 1832 ο

1445 1824 2419 1926 mmm{zuzzzzzrzfflfflfiff·mune

1445 1927 1559 1975 empli
1598 1927 1801 1975 superioris.
1860 1930 1902 1963 In
1936 1929 2169 1976 qualicumque
2203 1927 2288 1963 enim
2317 1931 2416 1975 statu

1442 1979 1601 2027 pofitam.
1620 1979 1668 2016 Et
1691 1978 1797 2026 saepe
1814 1977 1920 2019 alibi,
1933 1977 1995 2015 sed
2011 1986 2139 2015 tamen
2159 1989 2239 2015 non
2259 1977 2417 2028 semper,

1443 2029 1610 2078 loquitur
1630 2028 1811 2066 Valerius.

1495 2080 1556 2130 38.
1583 2081 1644 2117 M.
1669 2077 1836 2127 Laetoria]
1865 2079 1968 2117 Ante
1994 2078 2165 2128 Pighium
2187 2081 2246 2117 M.
2271 2080 2418 2118 Ζεῖὲονὶἑ

1442 2130 1654 2179 legebatur,
1674 2129 1779 2180 quod
1798 2130 1837 2167 in
1859 2129 2073 2179 quibusdam
2101 2130 2256 2168 invenio
2287 2132 2419 2170 MStis.

1446 2181 1517 2220 Sed
1536 2183 1711 2220 Laetorius
1741 2181 1884 2220 rectum
1910 2179 1982 2219 effe
2011 2182 2123 2220 etiam
2151 2193 2197 2219 ex
2217 2181 2327 2220 Suida
2353 2195 2418 2232 pa·

1443 2241 1558 2335 tet⁴39.
1585 2286 1720 2335 esseque
1740 2284 1868 2331 similis
1885 2281 2005 2329 foedus
2026 2283 2139 2320 exitus
2163 2282 2338 2334 sequitur]
2373 2284 2420 2323 II-

1431 2336 1530 2384 Vlud‚
1547 2337 1699 2384 fimitis,
1725 2334 1926 2373 infarfium
1955 2334 2015 2371 est.
2056 2334 2177 2372 LIPS.
2217 2340 2351 2386 ‘Aeque
2367 2336 2419 2381 fi-

1445 2390 1538 2425 milis
1567 2387 1688 2434 foedus
1725 2388 1851 2423 exitus.
1903 2383 2047 2433 Lipfius
2083 2385 2117 2422 π’
2150 2385 2278 2431 fimilis
2304 2386 2419 2424 infar-

1445 2447 1527 2477 tum
1543 2467 1554 2483 ,
1581 2440 1620 2476 &
1639 2435 1926 2487 expungendum
1949 2435 2081 2473 censet.
2132 2435 2305 2474 Schottus
2322 2437 2416 2476 item

1447 2489 1629 2540 velaeque
1648 2488 1768 2536 foedus
1789 2491 1901 2525 exitus
1920 2486 1978 2524 vel
1999 2486 2126 2533 fimilis
2154 2488 2267 2524 exitus
2294 2487 2420 2536 legen-

1447 2540 1538 2579 dum
1558 2540 1710 2591 judicat.
1737 2539 1838 2578 Vide
1859 2537 1947 2576 Obs.
1963 2538 2420 2587 hum.111.32.VORST.

1448 2591 1616 2641 Suspecta
1637 2591 1766 2629 eadem
1789 2602 1866 2628 vox
1884 2589 1954 2627 fuit
1967 2588 2178 2626 Perizonio.
2200 2590 2423 2629 Constantis·

1448 2642 1539 2680 fime
1564 2650 1692 2680 tamen
1718 2643 1877 2680 retinent
1904 2641 1980 2677 hoc
2016 2650 2148 2676 omnes
2174 2640 2305 2689 scripti.
2355 2641 2420 2679 An

1450 2694 1575 2731 denuo
1602 2693 1677 2731 duo
1703 2692 1882 2742 adjectiva
1900 2690 2044 2740 junxit,
2059 2702 2127 2739 pro
2146 2704 2249 2742 aeque
2258 2692 2421 2737 similiter

1450 2743 1566 2788 foedus
1588 2744 1625 2782 id
1652 2743 1698 2781 est
1718 2744 1860 2792 prorsus
1876 2740 2058 2778 fimiliter?
2089 2741 2188 2779 Vide
2214 2742 2318 2791 supra
2331 2743 2424 2782 L.v.

1452 2808 1487 2843 9.
1514 2795 1592 2833 init.
1619 2794 1810 2832 Ascenfius
1839 2791 1985 2836 omisit,
2004 2792 2143 2838 similis.

1502 2858 1564 2891 40.
1593 2847 1860 2882 cornicularium
1875 2842 1989 2892 suum]
2022 2842 2243 2883 Cornicularii
2271 2844 2308 2880 in
2329 2842 2424 2880 mili-

1456 2895 1507 2931 tia
1528 2897 1644 2933 Rom.
1672 2897 1776 2934 fuere
1797 2895 1931 2933 milites
1947 2894 2207 2931 honoratiores
2221 2921 2231 2936 ,
2255 2893 2423 2930 tribuno-

1455 2957 1537 2983 rum
1557 2957 1599 2983 ac
1617 2947 1878 2984 centurionum
1898 2943 2120 2982 beneficiarii
2130 2959 2141 2987 ;
2157 2943 2242 2982 dieti
2262 2944 2311 2980 ita
2324 2942 2424 2980 {core

1455 2997 1576 3035 viculis
1587 2996 1789 3046 galearum,
1801 3008 1896 3048 quae
1917 2995 2074 3045 speciem
2089 3005 2270 3033 cornuum
2290 2994 2427 3082 regere-

2358 3053 2434 3085 ant.
