2387 3421
325 86 1070 168 nanieATmNEs
1121 82 1242 139 ET
1300 77 2031 137 PRAEFATloNEs

78 236 152 282 A„
186 248 241 279 ne
276 231 434 277 instinc
469 221 520 268 ad
555 216 726 262 clarum
761 206 947 257 rationis
981 204 1135 251 lumen
1170 207 1198 246 a
1231 199 1367 262 longe
1402 195 1612 261 pergenti
1654 194 1914 258 frequenter
1947 193 2289 259 cespitandum,=

76 300 200 362 saepe
235 287 567 359 paspjmndum,
599 272 1062 348 saepeycaecutientes
1093 266 1219 313 oculi
1253 263 1355 336 sunt
1392 258 1690 324 emergendi,
1725 273 1778 306 ut
1801 260 1975 307 semitas
1998 262 2053 308 ab
2078 262 2171 308 aliis
2190 264 2288 325 jam

79 378 180 409 ante
216 362 362 414 tritas,
398 353 626 408 alienaque
658 340 849 404 vestigia
886 347 1030 384 tentet
1064 346 1201 395 atque
1234 325 1451 392 colligat?
1487 325 1636 385 Qod
1667 324 1878 390 profesto
1911 324 2100 374 difficile
2134 327 2288 375 existi-

80 444 182 482 mo3
217 440 266 470 ac
302 418 427 468 valde
459 407 747 460 laboriosum.

521 527 668 593 Qale
695 538 770 586 per
803 524 1003 569 incertam
1039 518 1179 562 lunam
1202 509 1286 573 stab
1319 512 1404 557 luce
1440 510 1626 571 maligna

524 593 601 653 Est
636 594 716 636 iter
746 592 789 635 in
813 589 965 648 silvis,
1002 583 1071 628 ubi
1105 582 1260 625 caelum
1295 574 1475 621 condidit
1509 574 1658 618 umbra

521 659 716 719 Jupiter,
755 653 807 705 ἰᾷ
843 651 960 696 rebus
997 663 1073 693 nox
1107 643 1277 702 abstulit
1311 652 1409 686 atra
1444 640 1601 685 colores.

197 782 355 828 ulchre
389 777 584 824 summus
607 783 728 818 vates
761 763 945 813 cecinit.
991 760 1089 806 Ubi
1110 753 1404 820 vagabundus
1430 754 1579 800 viator
1599 751 1719 799 votis
1753 751 1967 799 omnibus
2003 754 2134 817 cupit
2158 755 2289 802 Mer-

75 851 255 899 curium
292 847 486 906 aliquem
515 834 785 885 Euhodium
822 832 868 876 in
903 824 1139 891 quadrivio
1176 819 1378 885 positum
1414 819 1637 881 reperire,
1673 817 1752 880 qui
1773 819 1892 863 viam
1928 817 2094 865 restam
2131 820 2289 882 virgu-

75 916 117 961 la
152 911 367 959 monstret
395 926 404 953 :
451 905 521 951 vel
547 904 868 964 Hegemonam
905 904 1145 938 occurrere
1180 887 1308 932 deam
1334 918 1349 942 ‚
1391 899 1505 947 quae
1540 899 1673 928 manu
1710 881 1860 929 ducat.
1927 883 2079 930 Poss'et
2113 897 2262 931 tamen

80 981 125 1026 ni
161 978 313 1032 fallor,
349 971 506 1018 melius
540 962 821 1026 securiusque
857 957 1090 1013 Historia,
1127 967 1262 1014 quam
1299 964 1403 994 vere
1441 947 1572 993 simul
1608 947 1655 992 ὃς
1688 948 1914 1009 praeclare
1948 950 2159 1012 princeps
2183 920 2288 996 Roz

76 1058 227 1090 manae
259 1036 542 1100 eloquentiae
575 1030 760 1078 Tullius
795 1027 943 1072 lucem
979 1018 1178 1068 veritatis
1216 1032 1266 1061 ac
1302 1016 1422 1060 vitae
1456 1011 1714 1077 magistram
1749 1012 1980 1076 appellat3
2018 1015 2064 1059 in
2099 1030 2188 1076 qua
2221 1030 2289 1060 re-

77 1124 176 1155 rum
212 1117 398 1151 eventus
433 1100 559 1147 velut
595 1097 641 1142 in
674 1091 856 1157 speculo
893 1083 1194 1147 contemplari
1228 1082 1363 1137 licet,
1399 1094 1546 1124 mores
1583 1076 1629 1123 ὃς
1656 1093 1770 1139 quos
1804 1079 2062 1136 imitemur,
2099 1079 2147 1125 ἅ
2173 1095 2287 1141 quos

78 1176 269 1218 vitemus
316 1166 405 1213 fine
451 1161 719 1210 difficultate
765 1151 1052 1219 cognoscere.
1124 1148 1253 1194 Haec
1298 1144 1420 1190 enim
1463 1143 1584 1206 leges
1627 1142 1757 1188 nobis
1793 1141 1882 1188 fine
1918 1141 2073 1188 fraude
2106 1143 2290 1204 scribit,

73 1236 293 1301 justitiam
328 1229 517 1292 aliasque
552 1228 740 1273 virtutes
776 1223 837 1266 ira
869 1219 1035 1273 docet,
1071 1225 1123 1258 ut
1156 1211 1209 1256 ad
1245 1226 1313 1255 eas
1349 1206 1681 1270 ample&endas
1717 1223 1809 1252 non
1844 1207 1970 1252 velut
2007 1207 2291 1267 iurisconsul-

82 1316 235 1347 torum
271 1295 475 1345 formulis
511 1294 555 1339 in
585 1294 656 1354 jus
692 1287 839 1350 rapti,
876 1278 1315 1347 pliilolophorumve
1351 1272 1550 1319 tristibus
1585 1274 1836 1336 praeceptis
1872 1265 2018 1318 coafit‘i
2063 1273 2289 1320 constrin-

75 1381 261 1430 gamur-3
284 1361 357 1409 sed
391 1360 548 1423 sponte
582 1355 698 1402 moti
736 1352 1031 1414 pelliciamur.
1063 1342 1214 1389 Facile
1249 1339 1370 1385 enim
1407 1338 1551 1383 homo
1586 1337 1793 1383 eruditur
1824 1336 2071 1400 exemplis,
2108 1340 2185 1402 qui
2221 1355 2291 1385 re-

75 1447 178 1477 rum
213 1444 269 1474 ex
301 1424 566 1474 successibus
601 1419 690 1483 ipse
714 1418 794 1464 sibi
817 1413 1002 1462 consilia
1035 1409 1229 1466 format,
1263 1417 1563 1465 normamque
1596 1401 1828 1448 affionum
1863 1402 2039 1448 suarum
2075 1404 2136 1450 ita
2158 1419 2290 1450 com-

78 1496 241 1559 ponit,
276 1506 329 1539 ut
364 1492 479 1537 inter
513 1501 668 1532 omnes
703 1484 820 1528 vitae
852 1493 1020 1526 errores
1057 1473 1299 1534 omniaque
1336 1467 1534 1532 pericula
1569 1480 1696 1513 tutus
1731 1465 1984 1513 transmeet.
2054 1467 2199 1528 Qod
2236 1486 2289 1515 0-

80 1561 240 1607 mnino
277 1557 384 1614 fiet,
422 1554 453 1600 si
488 1552 541 1598 ad
579 1552 725 1596 lucem
762 1547 903 1592 sacrae
938 1541 1147 1588 historiae
1183 1538 1425 1582 humanam
1465 1531 1526 1578 fic
1550 1532 1751 1596 applicet
1774 1532 2120 1595 examinetque3
2155 1546 2209 1580 ut
2232 1534 2290 1582 ab

82 1626 156 1671 illa
192 1625 408 1689 pietatem
445 1619 663 1679 colligat,
695 1630 750 1658 ex
788 1613 870 1657 hac
903 1608 1097 1655 aetiones
1130 1602 1277 1649 eidem
1314 1597 1615 1654 conformet3
1660 1609 1803 1660 utque
1836 1611 1986 1643 rerum
2021 1599 2170 1644 exitus
2204 1615 2291 1645 no—

81 1704 204 1749 tans,
240 1689 439 1734 animum
464 1684 517 1729 ad
538 1680 682 1728 causas
709 1676 896 1733 referat,
931 1672 1263 1734 diligenterque
1296 1665 1495 1726 inquirat
1513 1696 1528 1722 ‚
1561 1678 1644 1708 cur
1667 1662 1758 1708 hoc
1783 1660 1981 1721 faetum3
2015 1662 2129 1709 illud
2154 1664 2292 1711 omis-

80 1755 174 1801 sum
195 1789 208 1813 ‚
242 1769 323 1799 cur
358 1767 413 1796 ex
445 1751 535 1794 hoc
570 1746 715 1809 gloria
750 1756 827 1787 aut
860 1739 1077 1793 felicitas,
1114 1750 1166 1779 ex
1204 1734 1296 1778 hoc
1331 1730 1558 1777 calamitas
1592 1739 1670 1773 aut
1703 1728 1986 1791 vituperium
2014 1728 2291 1790 processerit,

82 1822 237 1882 Atque
271 1819 332 1863 ita
365 1813 525 1861 deinde
557 1815 675 1858 viam
711 1804 959 1854 rationibus
993 1801 1077 1847 suis
1112 1797 1294 1861 seliget,
1329 1811 1416 1859 qua
1449 1805 1553 1840 tuto
1577 1792 1630 1839 ad
1655 1805 1867 1854 optatum
1893 1791 2032 1838 finem
2058 1795 2293 1857 pervenire

81 1885 266 1949 poterit.
336 1881 423 1927 Nil
463 1876 582 1924 aliud
628 1873 812 1938 quidem
849 1869 1028 1917 videtur
1064 1866 1257 1911 humana
1290 1859 1566 1925 prudentia,
1621 1873 1771 1903 rerum
1817 1858 1991 1922 quippe
2032 1858 2291 1906 futurarum

81 1948 470 2012 praesentiumque
504 1958 558 1988 ex
593 1937 840 2005 praeteritis
877 1934 996 1981 reeta
1029 1929 1280 1977 observatio
1315 1939 1449 1988 atque
1483 1921 1698 1969 deduffio
1721 1956 1736 1981 ,
1780 1938 1916 1985 quam
1960 1939 2100 1981 acque
2145 1925 2293 1989 magi-

84 2015 213 2060 stram
251 2015 368 2058 vitae
392 2045 406 2068 ‚
454 2011 596 2053 immo
630 2005 794 2050 ducem
829 2016 881 2046 ac
918 2010 1057 2061 caput
1093 1994 1277 2040 aliarum
1314 1991 1539 2037 virtutum
1573 1987 1627 2033 ad
1661 2003 1813 2035 veram
1846 1982 2112 2034 felicitatem
2148 1990 2292 2050 perti-

82 2080 286 2125 nentium
324 2077 435 2121 dicit
470 2073 552 2117 effe
588 2070 743 2127 Plato,
776 2063 1043 2126 accusatque
1078 2060 1369 2106 vehementer
1403 2056 1450 2101 in
1485 2055 1681 2100 Timaeo
1718 2053 1948 2111 Graecos,
1983 2052 2045 2100 ob
2081 2053 2292 2101 historiae

83 2159 220 2207 atque
253 2139 531 2203 antiquitatis
567 2133 892 2198 negligentiam
919 2163 934 2187 ,
980 2126 1152 2190 quippe
1186 2123 1263 2186 qui
1299 2120 1463 2167 fabulis
1496 2117 1690 2165 delibuti
1723 2129 1859 2179 atque
1893 2115 2061 2164 sedu6ii
2086 2152 2101 2177 ‚
2147 2120 2295 2182 majo-

82 2226 184 2255 rum
220 2207 400 2254 suorum
434 2202 656 2264 originem
693 2197 812 2244 resve
846 2194 986 2259 gestas
1021 2192 1308 2255 ignorarent,
1344 2201 1419 2232 eos
1451 2183 1624 2247 semper
1657 2197 1821 2247 pueros
1856 2180 1941 2227 effe
1974 2183 2127 2229 dicens
2149 2217 2164 2243 ‚
2206 2199 2292 2231 nec

83 2288 357 2352 quemquam
381 2269 404 2315 e
428 2267 612 2315 Graecis
648 2263 770 2326 posse
800 2261 944 2308 senem
968 2272 1070 2302 vere
1094 2255 1274 2311 vocari,
1308 2251 1413 2314 quia
1446 2248 1628 2312 puerilis
1664 2252 1837 2309 [emper
1869 2246 1922 2292 iis
1954 2247 2061 2295 effet
2092 2248 2290 2309 animus,

87 2342 135 2384 e<
170 2338 290 2385 nulla
321 2353 376 2381 ex
411 2331 687 2392 antiquitatis
722 2321 1161 2374 commemoratione
1194 2316 1335 2381 prisca
1357 2314 1544 2379 opinio,
1579 2313 1701 2359 nulla
1732 2327 1841 2360 cana
1874 2310 2072 2360 scientia.
2108 2313 2164 2360 In
2184 2330 2295 2378 qua-

89 2404 148 2449 ¹ies
185 2403 231 2449 ἃ
255 2403 486 2449 Homerus
510 2393 669 2456 Odyls.
707 2405 742 2451 φ
779 2389 1053 2437 amarulente
1085 2382 1416 2431 stomachatur:

75 798 127 831 Ut
164 801 191 847 p

625 2509 769 2562 Νήπιοι
800 2508 978 2567 α’γροιῶἶ)
1002 2537 1016 2561 ,
1063 2505 1276 2562 ἐφημέριοι
1311 2495 1522 2558 ΦρονέονἹες

92 2584 135 2633 id
175 2583 238 2629 est

252 2617 266 2642 ³
626 2639 815 2704 Agra-stes
847 2634 1007 2695 stolidi,
1042 2643 1282 2691 tantumque
1317 2629 1468 2674 diurna
1492 2626 1683 2689 scientes.

90 2759 233 2821 Atqui
266 2754 473 2802 historiae
510 2750 706 2798 studium
743 2748 858 2794 hanc
894 2741 1142 2807 perversam
1178 2738 1463 2785 securitatem
1498 2734 1717 2798 depellit,
1740 2731 1787 2779 &
1811 2731 1866 2779 ab
1896 2732 1982 2780 hac
2013 2731 2195 2780 infamia
2218 2749 2300 2783 nos

91 2825 274 2880 liberat,
310 2837 363 2866 ne
399 2819 601 2864 dicamur
637 2813 943 2875 καθημεςόζιωῑ
992 2809 1135 2853 immo
1165 2804 1414 2867 juvenilem
1448 2801 1649 2847 animum
1684 2799 1927 2861 sapientem
1965 2797 2011 2843 &
2037 2814 2200 2844 canum
2238 2799 2305 2848 fii-

94 2890 187 2943 cit·‚
224 2887 282 2931 sic
316 2888 539 2947 majorum
577 2880 789 2926 institutis
825 2890 960 2939 atque
994 2871 1212 2934 exemplis
1247 2867 1454 2924 instruit,
1490 2879 1541 2911 ut
1566 2881 1669 2911 cum
1704 2863 1879 2910 senibus
1913 2860 2038 2926 saepe
2063 2863 2304 2926 prudentia

95 2956 142 3000 ἃ
173 2967 320 2997 rerum
357 2948 626 3012 cognitione
660 2941 934 2989 contendere
969 2936 1117 3001 poslit.
1153 2935 1344 2983 Senibus
1367 2944 1519 2978 autem
1556 2930 1658 2994 ipfis
1683 2928 1857 2975 affatim
1884 2928 2069 2974 confilia
2104 2928 2158 2975 ad
2186 2945 2305 2977 rem-

95 3018 323 3078 publicam
357 3013 574 3075 sapienter
608 3005 946 3075 gubernandam
982 3001 1252 3065 suppeditat.
1323 2997 1679 3061 Imperatoribus
1713 3006 1855 3041 artem
1892 2993 2135 3041 militarem
2170 2993 2307 3061 largi-

2210 3073 2311 3123 tur,
