2516 3509
630 125 1561 183 DE-OMINIBua
1814 128 1820 133 ¹
2002 143 2073 200 w

90 258 96 261 -
150 244 197 277 ·¹3
229 235 387 298 'HuJus
405 242 498 280 tam
515 228 729 296 praeclari
747 228 894 294 operis
913 227 1069 277 aufitor
1089 229 1306 277 Camillus
1319 263 1336 289 ,
1370 243 1478 275 cum
1497 226 1603 275 esset
1642 234 1680 264 ¹4
1696 231 1944 292 precatuS,'
1961 238 2016 274 ut
2038 225 2073 273 fi

83 318 167 365 cui
187 316 378 364 deorum
402 312 541 360 nimia
560 311 750 360 felicitas
764 309 934 375 upopuli
955 311 1099 357 Rom.
1119 311 1373 369 videretur,
1414 313 1452 341 ¹⁵
1474 308 1569 371 ejus
1590 307 1780 367 invidia,
1816 307 1895 356 suo
1926 307 2077 372 aliquo
2094 321 2261 370 serr-23

89 394 386 446 incommodo
415 391 675 451 satiaretur,
705 389 853 438 subito
879 388 1001 454 lapsu
1030 387 1214 435 decidit.
1252 386 1292 415 ¹⁶
1319 383 1445 449 quod
1469 398 1605 430 omen
1631 383 1686 430 ad
1716 384 2076 447 damnationem,
2091 364 2277 435 {lliilf‘

88 493 177 542 qua
192 475 345 541 postea
363 471 595 537 oppreffus
614 471 706 531 est,
740 469 1000 535 pertinuiffe
1026 468 1170 517 visum
1190 465 1268 512 est.
1337 465 1514 512 Merito
1542 476 1695 510 autem
1721 464 1777 510 de
1805 466 1933 512 laude
1959 468 2077 516 inter

87 557 155 617 se,
189 554 403 612 victoria,
441 551 490 598 &
513 552 593 615 pia
618 552 825 615 precatio
856 547 1109 615 amplissimi
1135 546 1222 593 viri
1254 555 1556 590 certaverunt.
1590 558 1730 607 aeque
1760 544 1880 591 enim
1900 546 2078 597 virtutis

85 633 150 681 est
169 631 217 678 &
239 631 359 678 bona
375 629 543 693 patriae
561 628 752 688 auxisse,
787 628 836 675 ὃς
864 636 901 667 ¹7
921 626 1100 674 malain
1117 622 1159 669 se
1179 619 1413 670 transferre
1431 621 1632 670 voluisse.

151 711 198 740 ¹8
232 708 365 769 Qid
383 707 522 766 illud,
557 706 682 770 quod
721 712 757 741 ¹9
776 706 835 753 L.
854 704 1013 752 Paullo
1044 700 1216 750 consuli
1242 701 1417 760 evenit,
1447 717 1589 764 quam
1616 699 1934 748 memorabile!
1970 716 2077 747 cum

93 870 285 936 gressus,
323 877 361 896 ²¹
386 867 575 915 filiolam
593 866 713 912 suam
734 866 917 911 nomine
936 863 1172 927 Tertiam,
1190 875 1322 921 rquae
1341 871 1444 905 tum
1472 873 1566 905 erat
1593 859 1840 906 admodum
1871 860 2079 924 parvula,

42 1003 49 1006 .
93 943 338 1001 osculatus,
373 940 545 988 tristem
571 926 979 985 animadverteret:
1024 933 1352 995 interrogavit,
1386 934 1489 993 quid
1515 937 1579 980 ita
1606 950 1648 980 eo
1680 939 1805 983 vultu
1828 939 1934 998 cffit.
1970 956 2000 1003 q

98 1151 205 1190 ruinis
233 1146 381 1196 infundi]
406 1145 575 1185 Victoria
601 1145 661 1183 hic
689 1145 738 1182 est
758 1172 768 1189 ‚
804 1156 876 1194 qua
902 1141 1068 1181 Romani

97 1203 215 1251 Vejos
245 1206 509 1248 expugnarunt.
560 1197 608 1233 Et
634 1195 762 1244 abyeaa
789 1195 866 1231 urbs
892 1193 954 1243 ipsi
981 1192 1070 1242 Veji

94 1254 187 1291 sunt.
239 1250 385 1288 Dicitur
405 1256 530 1286 autem
549 1247 678 1294 abjella
696 1258 765 1295 pro
782 1245 878 1283 victa
891 1274 900 1289 ‚
926 1244 1071 1293 supera-

94 1311 143 1340 ta.
196 1301 256 1339 Sic
282 1301 375 1337 infra
402 1312 442 1344 v,
474 1312 506 1343 1,
535 1298 569 1335 8.
595 1297 734 1343 abjicere
754 1296 873 1344 bostem
894 1307 962 1344 pro
988 1295 1065 1331 vin-

96 1364 191 1390 cere.
243 1352 289 1389 Et
308 1351 436 1399 Nepos
453 1349 490 1386 in
509 1350 588 1385 Att.
608 1347 767 1393 Alfeno
787 1350 898 1383 Bruto.
924 1346 1066 1383 Dicunt

86 1405 135 1441 ⁷&
151 1403 286 1447 dejicere
304 1413 371 1450 pro
392 1401 553 1438 vincere.
604 1398 703 1436 Vide
731 1398 902 1435 Curtium
928 1409 1011 1440 111,
1032 1410 1064 1444 5.

96 1467 130 1502 ς.
158 1452 354 1491 VORST.
381 1450 504 1497 ,Vide
533 1450 691 1488 L.·111.
718 1461 751 1486 z.
787 1449 871 1486 Ext.
890 1460 923 1496 ς.
951 1447 998 1485 L.
1026 1460 1058 1492 1,

98 1517 133 1552 7.
161 1504 196 1542 8.

152 1567 208 1604 13.
234 1555 351 1602 Hujus
367 1562 437 1589 tam
453 1552 617 1601 praeclari
633 1551 737 1601 operis
752 1550 866 1587 auflor
885 1547 1069 1597 Camillus]

97 1605 155 1642 Ut
173 1607 211 1642 in
232 1605 319 1642 urbe
345 1611 579 1647 maneretur,
605 1614 728 1651 neque
754 1603 971 1650 migraretur
989 1601 1068 1637 Ve-

95 1657 156 1706 j08
176 1683 186 1700 ,
221 1655 332 1703 longa
366 1654 536 1691 oratione
571 1652 748 1690 Camillus
781 1652 943 1689 suaserat.
996 1650 1067 1689 Sed

100 1717 156 1744 res
170 1715 230 1750 ,ut
247 1705 342 1749 dixi,
364 1704 472 1742 dubia
490 1712 617 1741 tamen
637 1702 788 1748 mansit,
808 1702 930 1740 donec
950 1712 1066 1739 omen

97 1756 257 1806 signiferi
281 1754 483 1793 accederet.
509 1755 704 1792 VORST.

152 1821 205 1855 14.
231 1810 391 1844 Precatuc
409 1816 468 1847 ut,
490 1805 577 1853 ficui
595 1808 736 1843 Deorum
758 1803 850 1853 σὺ]
877 1803 921 1841 In
951 1803 1064 1842 MStO

89 1857 194 1896 deest
213 1869 269 1901 ut,
293 1858 332 1895 δε
350 1856 467 1906 potest
487 1855 692 1894 commode
709 1853 838 1893 deeffe.
858 1853 968 1903 paulo
984 1855 1065 1904 post

93 1920 155 1959 pro
181 1911 356 1955 transferri
384 1907 494 1944 habet
513 1910 704 1953 transferre.
735 1906 979 1944 PERIZON.
1027 1911 1071 1942 Ut

98 1960 260 1997 retinent
285 1958 417 2003 nostri,
452 1957 512 1996 sed
539 1969 606 2006 pro
633 1959 811 2002 transferri
837 1968 975 2005 magno
1001 1968 1069 1994 nu-

100 2022 207 2048 mero
224 2009 360 2047 habent
377 2012 557 2055 transferre
572 2020 658 2046 cum
679 2008 780 2045 editt.
800 2008 1070 2057 vetustis‚qua-

101 2071 141 2097 re
158 2060 301 2098 restitui.
351 2060 459 2098 MSS.
484 2059 544 2097 sed
569 2059 675 2108 pauci
705 2058 912 2096 admodum
932 2058 1069 2096 habent

101 2111 225 2159 Populo
244 2114 396 2158 Romano
412 2136 421 2154 ,
450 2110 555 2160 quod
578 2111 616 2147 in
645 2109 896 2160 antiquissimis
914 2109 1067 2147 invenio

104 2160 206 2197 editt.
225 2160 351 2198 Heins.
363 2162 437 2198 sec.
456 2161 565 2198 habet
578 2163 724 2211 patriae.
747 2172 815 2209 pro
835 2159 955 2197 decidit
971 2190 979 2204 ‚
991 2162 1065 2196 ceci-

103 2211 155 2247 a'it
177 2209 283 2247 Leid.
309 2211 377 2248 sec.
402 2223 470 2260 pro
495 2222 704 2248 certaverunt
737 2211 865 2248 Heins.
891 2212 998 2259 prim.
1025 2211 1063 2249 ὃς

106 2262 212 2310 prim.
231 2259 335 2298 Barb.
352 2263 552 2302 cantaverint
565 2286 575 2304 ‚
601 2261 706 2310 quod
726 2261 954 2298 concinnius.

160 2325 214 2360 15.
241 2315 322 2350 Eius
341 2310 474 2346 invidia
495 2314 556 2357 suo
581 2314 698 2358 aliquo
718 2310 914 2345 incommodo
925 2311 1071 2356 satiare-

106 2360 179 2410 tur]
207 2362 334 2398 Livius
359 2360 381 2397 l.
409 2372 443 2397 v.
469 2371 548 2397 non
573 2359 624 2396 sui
648 2359 780 2406 privati
803 2365 947 2395 tantum
967 2386 977 2401 ,
1010 2357 1072 2394 sed

109 2415 148 2450 ὃς
169 2412 324 2461 publici,
359 2410 422 2447 etfi
448 2409 615 2453 minimi,
649 2408 886 2445 incommodi
911 2410 1073 2445 mentio-

108 2475 196 2500 nem
225 2474 311 2500 eum
340 2459 462 2498 fecisse
488 2460 610 2498 docet.
661 2459 785 2496 Verba
804 2460 881 2507 ejus
899 2459 997 2496 sunt:
1028 2464 1072 2495 Ut

96 2514 180 2561 ficui
212 2515 352 2550 Deorum
377 2513 484 2548 nimia
501 2514 567 2560 sua
582 2512 743 2556 fortuna,
770 2510 948 2559 populique
970 2513 1072 2558 Rom.

105 2563 297 2604 videretur.
329 2572 367 2598 nt
398 2577 469 2598 eam
500 2559 666 2598 invidiam
691 2561 792 2597 lenire
817 2574 918 2609 quam
937 2562 1073 2596 minimo

94 2617 159 2664 suo
174 2616 312 2664 privato
338 2612 558 2656 incommodo,
582 2611 777 2662 publicoque
804 2613 978 2660 Romano,
999 2612 1074 2647 lice-

102 2676 166 2703 ret.
196 2664 388 2702 VORST.

34 2724 38 2728 ’
161 2716 215 2755 16.
242 2714 342 2765 Quod
363 2729 452 2750 omen
470 2713 515 2751 ad
534 2711 794 2762 damnationem]
828 2713 921 2750 Non
940 2723 1073 2756 unum,

105 2760 166 2804 sed
203 2766 279 2803 duo
307 2765 476 2813 exempla
512 2765 649 2802 ominis
675 2765 761 2801 hinc
786 2772 912 2812 petere
937 2763 1074 2811 potuis-

106 2818 158 2854 set
183 2817 314 2854 noster.
375 2816 503 2853 Livius
531 2816 631 2852 enim
657 2814 772 2852 rursus
798 2814 845 2851 fic
867 2828 875 2851 :
912 2814 953 2850 Id
988 2828 1080 2850 omen

100 2867 293 2917 pertinuisse
318 2869 429 2914 postea
451 2877 570 2902 eventu
594 2880 661 2902 rem
692 2864 947 2910 conieflantt'bus
970 2866 1080 2912 ‘visum

105 2917 151 2954 ad
170 2916 413 2954 damnationem
433 2917 533 2966 ipfius
556 2917 694 2953 Camilli
715 2934 725 2960 3
759 2926 872 2964 captae
888 2914 1004 2951 deinde
1022 2928 1077 2951 ur-

108 2968 158 3004 bis
177 2971 373 3011 Romanae,
394 2966 481 3017 quod
498 2970 568 3016 post
585 2978 701 3012 paucos
720 2963 837 3002 accidit
853 2979 956 3001 annos
971 2993 980 3007 ‚
1008 2967 1075 3000 cla-

105 3018 196 3057 aem.
255 3017 347 3056 Vult
382 3019 541 3057 omnino
570 3018 699 3057 Livius
720 3045 732 3063 ,
765 3015 903 3065 lapsum
931 3015 1079 3055 Camilli

2090 279 2154 311 An.
2174 276 2248 311 urbo

2091 444 2196 483 tarch.

2095 750 2156 779 An.
2179 748 2248 779 urb.

92 793 132 840 ei
151 790 267 838 sorte
284 788 494 837 evenisset
531 793 570 815 ²0
588 800 641 834 ut
659 786 831 833 bellum
860 800 968 831 cum
996 798 1103 846 rege
1122 779 1251 828 Perse
1280 793 1481 844 gereret,
1518 780 1567 827 &
1598 779 1788 827 domum
1810 780 1835 826 ἐ
1854 781 1978 827 curia
2010 797 2078 827 re·
2097 795 2167 825 sss.
2187 791 2256 820 eic-

2095 831 2192 862 divin.
2208 840 2233 860 1.
2251 832 2295 862 C,

1902 1011 2083 1076 respon-

1119 1139 1165 1177 ad
1192 1139 1334 1178 cladem
1361 1151 1515 1190 quoque
1540 1139 1636 1178 urbis
1663 1140 1777 1178 Rom.
1812 1152 1898 1179 cum
1929 1140 1949 1178 a
1979 1142 2091 1182 Gallis

1120 1199 1384 1240 occuparetur,
1404 1189 1612 1240 pertinuisse
1630 1191 1746 1228 visum
1766 1191 1881 1229 fuiffe.
1909 1192 2089 1232 Ceterum

1117 1241 1291 1278 damnatio
1316 1243 1455 1278 Camilli
1483 1242 1552 1278 fuit
1579 1253 1620 1278 ea
1641 1269 1652 1286 ,
1697 1243 1833 1291 quain
1861 1243 2009 1281 exilium
2036 1245 2090 1281 ire

1115 1290 1229 1341 juffus
1251 1320 1261 1336 ,
1298 1291 1495 1341 absensque
1532 1292 1618 1329 XV.
1654 1292 1810 1330 millibus
1844 1294 1962 1342 gravis
1998 1295 2091 1332 aeris

1117 1342 1312 1380 damnatus
1340 1343 1409 1380 fuit
1431 1371 1442 1387 ‚
1479 1341 1533 1379 uti
1566 1342 1625 1380 lib.
1652 1354 1688 1379 v.
1715 1342 1844 1381 auctor
1867 1343 1919 1381 est
1946 1344 2091 1383 Livius..

1116 1394 1314 1439 VORST.

1170 1456 1226 1491 17.
1237 1445 1346 1496 Mala
1360 1444 1527 1493 (patriae)
1540 1443 1576 1479 in
1586 1444 1625 1491 se
1642 1443 1820 1492 transferri
1828 1443 1982 1493 volut'ffe]
1997 1444 2089 1482 Non

1114 1496 1257 1543 prorsus
1279 1495 1523 1533 consentanea
1542 1495 1634 1531 haec
1652 1494 1732 1532 sunt
1750 1495 1951 1532 narrationi
1972 1495 2089 1539 Livii;

1117 1554 1158 1583 ut
1184 1558 1229 1583 ex
1255 1546 1332 1590 his,
1359 1557 1453 1595 quae
1475 1546 1555 1593 jam
1583 1543 1678 1582 dieta
1703 1545 1806 1590 sunt,
1841 1545 1993 1593 intelligi
2018 1558 2089 1594 pov

1116 1596 1192 1634 test.
1246 1597 1337 1634 Non
1355 1598 1404 1634 ait
1430 1596 1580 1638 Livius,
1609 1595 1809 1634 Camillum
1837 1595 1933 1633 mala
1950 1597 2089 1644 patriae

1117 1648 1302 1685 transferri
1328 1647 1365 1685 in
1391 1647 1426 1684 se
1462 1643 1617 1684 voluiffe
1644 1661 1654 1689 ;
1691 1646 1752 1683 sed
1780 1657 1950 1697 precatum
1964 1648 2090 1695 fuisse,

1116 1709 1186 1742 ut,
1247 1715 1258 1735 ι
1287 1699 1338 1734 cui
1365 1700 1515 1734 Deorum
1548 1696 1777 1746 bominumque
1811 1698 1916 1733 nimia
1944 1699 2087 1743 fortuna

1112 1751 1229 1799 popul-i
1275 1752 1368 1799 Rom.
1414 1747 1586 1785 videretur
1604 1771 1614 1789 ,
1664 1761 1735 1782 eam
1771 1746 1938 1784 invidiam
1983 1749 2088 1785 lenire

1116 1814 1219 1851 quam
1249 1800 1383 1836 minimo
1409 1795 1606 1837 incommodo
1627 1797 1761 1847 publico
1790 1803 1936 1849 Romano
1963 1799 2089 1839 liceret.

1174 1902 1230 1940 18.
1258 1901 1350 1953 Qid
1369 1899 1456 1938 illud
1473 1898 1582 1952 quod]
1613 1902 1720 1938 Unus
1748 1899 1855 1936 Leid.
1881 1899 1978 1949 Qia’
2001 1899 2090 1937 illud

1119 1952 1297 2004 est‚quod.
1321 1961 1476 2002 uterque
1496 1952 1600 1989 Barb.
1616 1951 1664 1988 id.
1695 1950 1766 1988 Sed
1784 1949 1873 1987 illud
1895 1951 1992 1988 delet
2012 1952 2089 1989 Co-

1119 2005 1190 2054 pes.
1216 2005 1351 2052 Consuli
1370 2003 1466 2041 deest
1485 2003 1523 2039 in
1539 2003 1607 2040 sec.
1626 2002 1757 2051 Ultraj.

1174 2068 1229 2105 19.
1265 2059 1307 2091 L.
1330 2055 1450 2091 Paullo
1478 2051 1621 2102 consuli]
1659 2052 1718 2090 Est
1744 2053 1771 2089 is
1797 2051 1939 2091 Paullus
1957 2051 2087 2093 Aemi-=

1118 2105 1197 2143 lius.
1250 2106 1429 2144 Ceterum
1449 2104 1524 2142 hoc
1543 2105 1581 2141 &
1608 2104 1823 2152 proximum
1852 2103 2003 2153 sequens
2023 2114 2089 2138 ex„

1121 2157 1287 2205 emplum
1314 2169 1359 2194 ex
1383 2156 1444 2193 lib.
1473 2167 1505 2193 1.
1534 2154 1723 2192 Ciceronis
1751 2153 1796 2190 de
1823 2154 1911 2191 Div.
1937 2151 2090 2191 haufiss'e

1120 2207 1277 2245 videtur.
1304 2228 1309 2232 ·
1341 2205 1680 2255 Quemadmodum
1721 2205 1822 2241 enim
1857 2205 1991 2254 Cicero
2025 2204 2089 2240 ista

1123 2257 1199 2294 duo
1228 2258 1444 2306 conjunxit,
1470 2257 1519 2293 ita
1546 2256 1653 2304 plane
1681 2257 1719 2292 ὃς
1744 2254 1876 2292 noster.
1896 2253 2092 2292 VORST.

1173 2319 1234 2343 20.
1259 2312 1302 2341 Ut
1317 2307 1441 2341 bellum
1459 2319 1528 2340 cum
1545 2319 1619 2355 rege
1639 2307 1735 2352 Perse
1756 2303 1902 2354 gereret]
1929 2305 2093 2347 Perseus,

1122 2354 1272 2392 ultimus
1289 2355 1540 2393 Macedoniae
1555 2367 1639 2398 rex,
1669 2356 1706 2392 ὃς
1727 2357 1842 2402 Perses
1861 2354 1987 2393 dictus.
2026 2356 2094 2392 ‘Ci-

1125 2416 1213 2443 cero
1236 2417 1264 2443 1.
1286 2405 1330 2443 de
1349 2407 1436 2444 Div.
1465 2409 1547 2442 Cum
1565 2408 1594 2441 ei
1612 2405 1733 2440 bellum
1752 2416 1790 2440 ut
1816 2419 1885 2441 cum
1901 2419 1976 2456 rege
1995 2407 2094 2453 Perse

1118 2467 1272 2506 gereret,
1297 2456 1473 2507 obtigiffet.
1498 2455 1728 2494 VORST.
1778 2458 1859 2492 Cum
1884 2470 1958 2506 rege
1981 2459 2089 2502 Persen

1126 2507 1224 2544 Cum
1251 2507 1374 2555 postea
1397 2508 1518 2553 Persa,
1557 2508 1594 2544 ὃς
1612 2509 1749 2555 Persam
1773 2505 1948 2554 legimus,
1977 2508 2014 2543 ὃ(
2030 2506 2090 2541 hic

1125 2562 1211 2604 cum
1236 2557 1349 2595 MSto
1385 2569 1524 2606 repone
1559 2559 1670 2604 Persa.
1706 2557 1804 2594 Vide
1832 2558 1986 2594 omnino
2007 2555 2089 2591 Sca·

1123 2608 1184 2656 lig.
1200 2607 1246 2645 ad
1261 2607 1390 2645 Euseb.
1407 2620 1443 2645 n.
1467 2609 1571 2655 1841.
1588 2608 1831 2646 PERIZON.
1859 2609 1954 2654 Persa
1975 2606 2087 2641 etiam

1125 2660 1164 2696 in
1191 2659 1391 2697 duodecim
1420 2660 1580 2697 occurrit
1608 2659 1697 2696 mihi
1734 2659 1840 2696 MSS.
1867 2656 2008 2693 Eadem
2036 2664 2091 2692 ta—

1125 2722 1214 2747 men
1239 2711 1395 2748 variatio
1416 2738 1426 2754 ‚
1464 2719 1503 2748 ut
1531 2712 1613 2748 Rex
1639 2712 1752 2756 Perses
1772 2737 1784 2750 ‚
1819 2706 1961 2744 catellus
1991 2707 2093 2753 Persa

1125 2761 1264 2799 dicatur
1279 2789 1289 2805 ,
1308 2761 1355 2798 est
1375 2760 1473 2809 apud
1493 2762 1570 2798 Cic.
1590 2760 1635 2797 de
1645 2760 1770 2797 Dixtin.
1797 2757 1909 2806 Apud
1929 2756 2094 2794 nostrum

1128 2813 1175 2849 C.
1196 2812 1230 2849 8.
1249 2812 1361 2849 Ex.2.
1389 2814 1510 2860 Persen
1527 2816 1658 2862 IQ’gem.
1678 2811 1714 2846 ὃς
1734 2810 1832 2845 L.11.
1855 2808 1898 2845 C.
1913 2807 2023 2853 7.Ex.
2038 2819 2094 2852 14.

1129 2864 1226 2909 Perse
1241 2876 1317 2911 rege
1328 2865 1495 2913 superato.
1522 2863 1566 2898 L.
1581 2859 1727 2909 1v.3.8.
1753 2865 1821 2900 esst
1833 2861 1927 2905 Perse
1947 2871 2019 2906 reg-e
2037 2856 2096 2892 de-

1133 2914 1232 2950 vic‘lo.
1257 2910 1315 2950 Sic
1327 2914 1372 2950 L.
1388 2925 1444 2950 1v.
1462 2925 1492 2958 4.
1507 2926 1540 2962 9.
1560 2911 1659 2948 nulla
1680 2910 1887 2947 mutatione
1907 2908 2012 2944 MSS.
2033 2919 2098 2943 ex-

1126 2962 1255 3000 hibent
1273 2964 1444 3001 omnibus
1460 2964 1562 3000 locis.
1586 2961 1696 2998 habet
1723 2960 1809 2998 edit.
1829 2961 1964 2995 Vener.
1987 2958 2095 3003 1478.

1129 3015 1167 3052 6<
1189 3013 1292 3062 1485.
1316 3022 1444 3053 tamen
1471 3015 1582 3054 etiam
1608 3012 1668 3050 hic
1693 3014 1817 3066 Persa,
1857 3010 1893 3047 ἃ
1921 3007 1967 3046 fic
1994 3007 2094 3097 segle,

1751 3067 1788 3097 is
2047 3069 2094 3095 'ier

2096 878 2146 910 46.
2168 872 2239 903 Plu—

2094 912 2196 945 tarch.
2217 913 2253 943 in
2312 914 2346 929 ‘⁹¹'

2001 956 2082 986 uae
2098 955 2217 988 Pau110.
2239 954 2275 984 δε

2097 999 2131 1031 in
2151 1000 2244 1039 Apol>

2249 971 2516 1029 παπ-ῶνα

2285 1025 2475 1083 Aaou
2498 1025 2516 1076 ἑ

2280 1082 2516 1153 ‘sssf-201<
