2516 3509
653 112 790 169 DE
869 117 1632 181 RELIGIONE.
2081 152 2144 190 11

178 236 180 239 v
213 220 252 252 ¹5
276 211 433 260 Cereri
461 228 647 278 quoque
685 212 727 242 ¹⁶
747 233 884 282 quam
918 235 1047 266 more
1076 221 1258 271 Graeco
1288 227 1486 273 venerari
1519 228 1830 289 instituerant,
1873 212 2152 283 sacerdotem

137 297 162 342 ὲ
184 294 341 355 Velia,
382 302 554 343 ¹7-cum
586 296 634 343 id
664 297 891 363 oppidum
919 300 1125 348 nondum
1156 304 1351 353 civitatis
1371 322 1541 354 nomen
1561 312 1825 373 accepislct‚
1862 311 2146 365 Culcitanam
2164 346 2261 377 Anno
2283 351 2312 379 ς

131 389 363 441 peterent,
398 376 497 437 vel,
532 388 586 424 ut
603 376 676 424 alii
697 377 888 440 dicunt,
932 380 970 408 ¹8
991 380 1364 446 Calliphennam:
1408 391 1446 420 ¹9
1465 401 1522 431 ne
1544 385 1652 433 deae
1675 389 1860 438 vetustis
1880 391 2041 439 ritibus
2066 411 2144 459 pe·
2167 394 2269 462 “gc
2315 373 2325 381 ’

130 458 215 506 rita
241 458 405 508 deesset
436 457 631 508 antistes.
701 460 848 524 Cujus
870 478 977 508 cum
999 464 1047 510 in
1064 464 1177 513 urbe
1208 473 1249 493 ²0
1268 465 1632 530 pulcherrimum
1651 467 1878 530 templum
1898 470 2115 523 haberent
2129 514 2144 539 9
2164 455 2335 554 ἓωξῖίῑῦν

125 675 268 727 rerique.
295 675 415 726 Quod
435 687 499 714 cur
517 685 702 716 mutatum
726 678 988 716 est?cohaeret
1009 678 1110 715 enim

128 738 215 764 cum
243 727 500 777 superioribus.

183 779 238 816 16.
267 782 368 816 More
401 778 545 829 Graeco]
576 781 680 817 Hinc
707 779 850 818 Graeca
877 780 975 818 sacra
1003 780 1110 820 dic‘ta.

123 828 264 867 Festus:
281 832 409 866 Graeca
419 833 518 879 sacra
532 832 621 876 festa
634 833 762 867 Cereris
785 846 826 866 ex
841 833 983 867 Graecia
1001 843 1115 868 trans-

268 881 403 918 Cicero
430 892 498 928 pro
516 880 643 918 Balbo.
672 883 712 918 ὃς
729 881 789 918 lib.
824 892 876 916 11.
896 880 942 916 de
960 881 1109 927 legibus.

273 931 465 969 COLER.
520 932 630 978 Quam
653 945 740 966 more
767 932 908 966 Graeco.
938 930 1030 966 Inde
1056 931 1111 968 sa-

121 881 212 918 lata.

126 931 170 969 C.
198 944 235 981 9.

51 976 57 979 .
123 994 183 1020 Cra
203 982 369 1025 Cereris,
399 983 527 1017 Graeca
547 981 643 1018 dicta
663 983 753 1017 sunt.
807 979 949 1017 Festus:
980 983 1109 1018 Graeca

107 1037 232 1082 sacra,
256 1034 344 1080 festa
363 1033 491 1069 Cereris
517 1045 560 1068 ex
588 1034 730 1068 Graecia
759 1032 944 1070 translata.
973 1033 1109 1071 VOR-

151 1084 229 1180 Ἱ17.
257 1137 341 1171 Cum
368 1132 404 1170 id
433 1131 586 1185 oppidum
613 1132 756 1170 nondam
774 1134 926 1170 civitatis
944 1135 1109 1183 accepiffi’t

117 1183 252 1234 nomen]
283 1186 374 1222 Hoc
395 1187 495 1223 enim
510 1185 642 1222 ordine
654 1185 898 1222 MS.sedC1c.
910 1198 978 1235 pro
990 1187 1105 1226 Balbo

120 1247 152 1272 c.
170 1248 229 1283 24.
257 1247 372 1286 quem
390 1237 451 1274 hic
470 1236 654 1286 sequitur,
683 1236 794 1282 dicit,
818 1238 899 1286 jaun
928 1238 990 1275 diu
1018 1249 1104 1278 ante

117 1287 353 1325 foederatam
375 1286 480 1325 fuiffe
501 1289 690 1325 civitatem
702 1303 714 1332 ;
736 1288 874 1326 dehoc
893 1301 984 1326 vero
1003 1298 1101 1329 tem-

114 1349 210 1386 pore
227 1339 278 1377 ita
299 1338 387 1376 dicit
407 1368 418 1384 ,
444 1350 524 1376 ante
541 1341 716 1377 civitatem
739 1339 950 1386 Veliensibus
968 1340 1098 1381 datam.

111 1390 136 1427 i.
157 1401 192 1428 e:
217 1395 270 1433 ius
296 1391 419 1427 civium
449 1394 691 1440 Romanorum.
743 1390 1005 1440 Intelligendus
1031 1394 1099 1442 igi-

113 1448 174 1478 tur
194 1442 232 1478 ὃς
248 1442 309 1479 hic
326 1441 431 1480 locus
458 1442 505 1480 de
533 1443 682 1481 civitate
710 1442 897 1481 Romana.
933 1443 959 1481 P
973 1444 1005 1482 E
1018 1446 1051 1484 R
1064 1446 1100 1484 I-

164 1543 221 1581 18.
249 1544 523 1595 Calliplzennam]
552 1544 634 1582 MS.
654 1557 748 1583 unus
769 1545 1008 1596 Calliphanam
1022 1574 1032 1590 ,
1058 1550 1098 1587 &

105 1594 157 1631 ita
178 1595 315 1633 Cicero
335 1597 502 1645 appellat.
531 1596 726 1635 COLER.
767 1597 849 1634 MS.
878 1597 1098 1636 ColeriCal-

105 1645 279 1695 Iiphanam
291 1675 303 1690 ,
330 1647 391 1685 alii
409 1647 629 1698 Calepbenam
641 1677 653 1692 ,
677 1660 771 1686 unus
790 1650 1019 1686 Callitennam
1031 1676 1040 1693 ,
1055 1652 1094 1690 &

108 1696 221 1746 paulo
240 1706 326 1736 ante
344 1711 412 1748 pro
433 1700 648 1749 §alemanam
663 1727 669 1742 ,
682 1700 763 1736 sunt
781 1700 845 1749 qui
865 1698 1002 1739 habent
1012 1704 1094 1739 Cal-

106 1749 285 1792 citariam.
313 1750 465 1800 quidam
495 1752 747 1788 Calcitrariam.

164 1813 221 1849 19.
251 1804 382 1849 Vetusti
411 1804 496 1838 ritus
523 1800 653 1852 perita]
695 1802 817 1839 Nimis
852 1801 1091 1852 superstitiose

107 1858 275 1897 veteres,
303 1853 390 1891 ritus
411 1855 449 1891 &
469 1854 574 1890 Deos
586 1854 693 1902 juxta
715 1853 897 1892 colebant.
945 1856 1091 1895 Servius

103 1902 152 1940 ad
174 1916 285 1942 VIII.
305 1904 464 1942 Aeneid.
492 1908 638 1941 Cautum
659 1907 776 1952 fuerat
795 1913 840 1941 <J
861 1906 951 1955 apud
969 1909 1086 1948 ςΛιΙγε-

103 1955 231 2004 aienses
251 1964 297 1991 (θ’
320 1955 410 2005 apud
429 1960 590 2005 Romanos
611 1971 650 1992 ne
682 1959 758 2007 quis
779 1971 886 1993 novas
907 1958 1074 1996 introduce

103 2016 155 2041 ret
173 2007 362 2058 religiones.
414 2007 505 2044 Unde
526 2015 572 2043 <J
597 2010 742 2045 Socrates
768 2007 948 2046 damnatus
973 2014 1017 2055 est
1045 2021 1092 2048 (θ’

104 2054 269 2094 Chaldaei
302 2061 358 2095 vel
386 2058 508 2108 Judaei
534 2058 613 2095 urbe
641 2062 727 2109 sunt
747 2061 850 2110 pulfi.
910 2061 1016 2099 Idem
1045 2063 1093 2102 de

109 2106 285 2147 Gracchis
311 2110 531 2149 Prudentius
556 2110 616 2148 lib.
649 2124 678 2150 1.
707 2119 838 2150 contra
877 2112 1092 2162 Symmach.

148 2176 243 2228 Jam
270 2181 356 2267 'quid
383 2182 564 2232 plebicolas
588 2195 778 2234 percurram
806 2187 952 2223 carmine
984 2188 1089 2225 Grac-

254 2245 325 2268 (705

151 2278 243 2325 Jnre
267 2285 437 2329 potestatis
447 2285 556 2329 fultos
569 2310 581 2327 ,
607 2292 653 2320 (J
673 2286 710 2322 in
725 2299 798 2321 arce
811 2288 951 2332 senatus

146 2334 344 2381 Praecipnos
355 2333 539 2380 fimulacra
560 2337 664 2369 Deum
677 2333 796 2381 Juffiffi:
812 2337 956 2371 revelli?

107 2416 303 2456 COLER.
358 2419 414 2454 Ne
436 2421 528 2454 Deae
543 2418 684 2465 vetustis
702 2417 822 2455 ritibus
837 2419 951 2467 perita
974 2418 1090 2467 deeffiet

105 2471 256 2516 antistes.
286 2469 340 2507 Ita
360 2470 585 2519 antiquiores
611 2469 707 2518 typis
729 2469 879 2518 expreffi
891 2486 902 2514 ;
932 2470 971 2507 ὃς
991 2478 1090 2507 uter-

104 2532 179 2570 que
197 2520 310 2557 etiam
333 2521 416 2559 cod.
436 2521 518 2559 MS.
537 2519 716 2560 Brandeb.
745 2521 831 2558 Imo
852 2522 889 2559 ὃς
908 2520 1089 2559 Bafileen·

103 2571 179 2617 ses,
208 2580 249 2609 ut
268 2571 323 2609 Cl.
342 2573 395 2609 W
399 2572 567 2611 etstenius
596 2573 634 2611 in
662 2572 773 2610 literis
791 2572 836 2611 ad
864 2583 926 2616 me
943 2572 1089 2611 testatus

106 2623 168 2661 est.
218 2622 367 2671 Pighius
386 2624 545 2662 mutavit
561 2623 632 2670 fic,
658 2629 718 2661 Ne
738 2626 837 2660 Deae
856 2625 979 2671 vetusti
1004 2626 1090 2662 ritus

98 2675 214 2725 perita
233 2672 349 2722 deesset
368 2676 525 2723 antistes,
550 2676 663 2714 credo
676 2705 686 2721 ‚
714 2675 819 2726 quod
836 2682 1003 2725 putaret,
1023 2675 1087 2714 ad-

98 2724 246 2775 Jeffivo
266 2727 413 2764 nomini
430 2729 539 2773 perita
557 2726 817 2766 substantivum
845 2728 943 2766 casus
959 2726 1087 2765 secun-

107 2776 145 2816 di
172 2776 361 2826 adjestum
390 2776 461 2816 effe
489 2785 676 2827 oportere.
735 2780 882 2817 Verum
911 2777 1008 2816 casus
1034 2778 1088 2816 se-

105 2827 218 2866 cundi
235 2827 463 2867 vocabulum
483 2829 675 2878 quoddam
704 2830 883 2869 subaudiri
911 2841 1088 2868 commo-

104 2877 152 2916 de
169 2879 287 2928 potest
300 2908 311 2925 ,
344 2881 420 2919 hoc
439 2880 579 2919 modo:
607 2885 668 2918 Ne
685 2883 776 2917 Deae
803 2883 941 2930 vetustis
966 2881 1088 2919 ritibus

97 2932 212 2980 perita
241 2931 398 2978 (eorum
416 2933 554 2971 rituum
573 2933 683 2982 puta)
719 2931 834 2981 deesset
854 2935 1000 2981 antistes.
1028 2932 1086 2970 Sic

104 2982 201 3019 infra
225 2994 255 3020 1.
283 2981 317 3020 8.
336 2995 372 3030 4.
397 2985 501 3021 Cultu
520 2986 641 3036 anguis
658 2983 678 3020 a
693 2985 812 3034 peritis
841 2985 941 3034 (ejus
968 2984 1085 3022 cultus

106 3035 221 3084 puta)
249 3044 390 3085 accepto.
417 3036 614 3087 VORST.
642 3036 699 3076 Ita
716 3047 869 3088 quoque
886 3035 976 3087 legit
987 3036 1084 3077 Cod.

1933 557 1968 578 ²¹
1997 553 2143 602 Grac-

1166 680 1299 730 Copes.
1319 693 1406 721 cum
1424 683 1615 733 permultis
1636 683 1711 722 aliis
1724 713 1734 730 ‚
1753 693 1794 723 ut
1812 686 1919 736 poffit
1936 689 2053 728 videri
2064 692 2144 732 Au*

1166 732 1246 770 6101·
1265 732 1453 783 το“ρενι”ειις
1475 733 1635 784 junxisse
1663 748 1749 773 cum
1776 738 1879 776 sexto
1909 741 2013 786 casu,
2042 747 2146 792 quod

1163 783 1343 832 probabat
1370 786 1467 834 apud
1497 787 1594 824 Suet.
1621 787 1660 823 in
1688 787 1818 826 Claud.
1847 801 1877 827 c.
1897 803 1954 837 42.
1980 794 2147 832 summus

1163 835 1220 870 vir
1235 835 1264 881 J.
1286 835 1343 872 Fr.
1365 838 1583 875 Gronovius
1604 837 1651 875 ad
1669 839 1764 877 Gell.
1784 840 1829 877 L.
1856 854 1911 879 1v.
1933 855 1962 880 e.
1985 844 2018 881 8.
2073 846 2147 885 Sed

1163 894 1250 920 cum
1278 885 1385 922 MSS.
1412 887 1462 924 ibi
1486 887 1646 926 habeant
1667 901 1829 937 paratus,
1859 893 1988 933 malim
2014 895 2147 935 statue-

1159 944 1198 969 re
1213 962 1222 978 ,
1251 934 1290 971 ‘co‘
1308 939 1448 984 vetustis
1465 938 1586 976 ritibus
1607 940 1683 987 regi
1701 952 1722 977 a
1741 942 1859 980 verbo
1877 943 1999 993 deesse,
2033 955 2074 984 ut
2085 960 2147 998 pe-

1160 985 1229 1020 rita
1249 987 1387 1034 antistes
1405 997 1567 1036 ponatur
1587 989 1748 1029 absolute
1762 1020 1772 1036 ‚
1800 1000 1841 1030 ut
1857 994 1958 1032 idem
1979 997 2076 1036 Suet.
2104 1001 2145 1039 in

1160 1035 1259 1085 Aug.
1281 1048 1312 1074 c.
1333 1050 1391 1089 23.
1420 1050 1457 1076 ut
1476 1038 1497 1076 ῖι
1513 1042 1634 1091 peritis
1652 1050 1698 1077 ω’
1720 1043 1854 1091 αῃὴειίε
1882 1046 1952 1084 &c.
1980 1047 2018 1085 in
2044 1051 2145 1096 Aue.

1160 1087 1203 1125 C.
1225 1101 1285 1138 95.
1313 1091 1441 1127 nemine
1460 1093 1643 1140 peritorum
1659 1094 1763 1130 aliter
1780 1098 1992 1139 conjeffante.
2047 1091 2144 1150 Quis

1160 1139 1255 1177 ferat
1274 1141 1384 1188 igitur
1402 1142 1597 1181 audaciam
1617 1145 1793 1193 Ruperti,
1820 1147 1869 1184 ita
1888 1148 1981 1187 haec
2007 1153 2141 1191 consti‹

1155 1191 1319 1229 tuentis?
1345 1207 1385 1229 ne
1409 1196 1521 1230 Cereri
1538 1197 1648 1243 perita
1668 1196 1785 1244 deesset
1802 1201 1985 1246 eAtztistes.

1206 1254 1265 1280 20.
1299 1243 1561 1282 Pulclaerrimum
1605 1247 1790 1297 templum]
1829 1249 2137 1301 Antiquiffilnum

1155 1292 1300 1331 Cereris
1326 1295 1510 1344 templum
1538 1296 1582 1334 ab
1612 1298 1816 1337 Arcadibus
1843 1302 2037 1342 conditum
2065 1306 2139 1344 effe

1152 1344 1317 1383 traditur.
1369 1347 1486 1385 Dion.
1514 1347 1600 1385 Hal.
1622 1349 1667 1386 L.
1690 1362 1719 1387 1.
1740 1362 1775 1399 p.
1797 1351 1856 1389 26.
1884 1353 1981 1391 aliud
2002 1355 2138 1395 deinde.

1153 1394 1267 1434 etiam
1288 1396 1333 1435 ab
1353 1397 1604 1437 A.Postumio
1614 1400 1809 1438 Dictatore
1827 1411 1962 1441 votum
1977 1434 1987 1449 ,
1999 1407 2136 1447 &cum

1155 1448 1332 1486 vetustate
1352 1461 1395 1487 ac
1414 1450 1490 1499 igni
1508 1450 1688 1489 abolitum
1708 1449 1818 1497 effer,
1847 1453 1867 1492 a
1891 1455 2046 1494 Tiberio
2059 1459 2136 1498 Im-

1149 1508 1322 1546 peratore
1349 1502 1555 1540 restitutum
1583 1515 1700 1552 prope
1720 1503 1873 1542 Circum
1893 1507 2106 1547 Maximum
2124 1539 2136 1556 ‚

1151 1549 1197 1587 de
1218 1563 1295 1601 quo
1316 1552 1402 1590 vide
1422 1553 1521 1602 Lips.
1539 1553 1585 1591 ad
1607 1555 1702 1592 Tac.
1722 1555 1768 1592 L.
1793 1569 1873 1593 111.
1893 1558 1994 1596 Ann.
2017 1560 2135 1611 C.49.

1147 1600 1317 1641 baberent.
1337 1604 1466 1642 Heins.
1485 1605 1564 1643 Sec.
1581 1605 1775 1651 baberetur,
1805 1607 1843 1644 ὅ(
1863 1608 1913 1647 ita
1933 1609 2000 1648 alia
2019 1622 2135 1651 manu

1146 1652 1185 1689 in
1215 1654 1322 1692 Leid.
1352 1656 1449 1704 Sept.

1198 1717 1256 1743 21.
1285 1707 1475 1744 Gracchano
1501 1709 1641 1745 interitu
1657 1708 1842 1758 pollutum]
1875 1709 1933 1747 Sic
1951 1710 2137 1762 plerique‚'

1144 1755 1267 1794 immo
1295 1769 1430 1796 omnes
1457 1759 1597 1807 vulgati
1623 1759 1771 1798 codices
1796 1760 1946 1809 legunt;
1985 1770 2025 1800 ut
2051 1776 2131 1802 non

1145 1814 1289 1846 temere
1318 1809 1461 1848 dubitet
1488 1811 1691 1849 Glareanus
1712 1840 1722 1855 ‚
1744 1812 1957 1862 ,quomodo
1986 1814 2134 1855 Cereris

1145 1859 1329 1909 templum
1360 1862 1583 1900 Gracchano
1610 1863 1759 1901 interitu
1787 1863 1973 1912 pollutum
2002 1866 2130 1912 fuerit,

1146 1921 1233 1948 cum
1255 1911 1343 1950 Tib.
1365 1914 1554 1951 Gracchus
1571 1914 1609 1951 in
1630 1913 1840 1962 Capitolio,
1869 1915 1981 1964 Cajus
2001 1925 2130 1956 autem

1143 1962 1182 1999 in
1210 1962 1483 2003 luco'Furinae
1510 1974 1607 2003 trans
1636 1965 1807 2003 Tiberim
1835 1966 1944 2004 occifi
1973 1967 2063 2013 fint,
2091 1977 2132 2007 ut

1144 2013 1314 2053 auetores
1332 2016 1412 2054 sunt
1434 2017 1562 2055 Livius
1575 2045 1584 2062 ,
1611 2016 1824 2055 Plutarchus
1838 2045 1848 2060 ,
1875 2017 2067 2066 Appianus
2087 2022 2127 2059 ὃς

1143 2064 1213 2103 alii.
1266 2066 1384 2105 Porro
1405 2068 1548 2105 Cereris
1574 2068 1759 2116 templum
1787 2066 1891 2105 fuiffe
1908 2069 1955 2106 ad
1974 2070 2129 2109 Circum

1147 2117 1362 2156 Maximum
1382 2131 1427 2157 ex
1448 2119 1575 2158 Taciti
1594 2118 1653 2156 lib.
1680 2132 1734 2157 11.
1764 2120 1802 2157 ὃς
1828 2120 1868 2157 P.
1887 2120 2044 2158 Victore
2066 2133 2131 2160 co-

1143 2169 1367 2217 gnoscimus.
1430 2172 1546 2209 Hunc
1571 2171 1681 2219 igitur
1705 2170 1914 2219 scrupulum
1943 2170 1962 2208 a
1991 2172 2130 2217 sciolo,

1143 2220 1267 2259 nescio
1296 2234 1396 2271 quo,
1424 2222 1487 2272 qui
1515 2222 1673 2260 auctoris
1693 2229 1859 2259 mentem
1888 2234 1965 2260 non
1985 2223 2129 2262 intelle-

1142 2272 1217 2315 xit,
1244 2272 1439 2309 inductum
1467 2273 1574 2312 nobis
1600 2273 1770 2317 eximunt
1797 2273 2041 2322 manuscripta
2063 2286 2127 2313 ex-

1142 2321 1318 2367 emplaria
1331 2350 1341 2365 ,
1367 2324 1406 2358 in
1423 2323 1553 2371 quibus
1571 2322 1683 2359 verba
1702 2322 1760 2360 illa
1779 2324 1920 2360 interitu
1937 2327 2119 2374 pollutum,

1141 2370 1299 2407 minime
1318 2371 1509 2410 habentur.
1563 2374 1772 2421 Campense
1800 2375 1900 2412 enim
1922 2377 2118 2425 exemplar

1136 2418 1187 2457 ita
1207 2420 1312 2469 legit:
1345 2424 1535 2460 Gmrcbano
1564 2426 1712 2460 tumultu
1732 2426 1851 2460 moniti
1872 2440 1914 2461 ex
1942 2427 2117 2475 Sibyllmis

1139 2470 1248 2509 libris.
1298 2473 1414 2511 Aliud
1433 2474 1633 2512 Theodori
1658 2474 1855 2513 Pulmunni
1883 2477 2012 2514 eadem
2041 2478 2115 2515 hoc

1140 2523 1260 2560 modo
1278 2524 1427 2572 prodit,
1465 2526 1656 2562 &aul-,2120
1681 2537 1771 2563 motu
1799 2530 1917 2563 moniti
1944 2529 2120 2576 Sibyllinis

1136 2572 1245 2611 libris.
1284 2575 1461 2614 Tertium
1484 2577 1629 2625 collegii
1651 2578 1901 2616 &Vinckeliani
1914 2607 1923 2622 ‚
1955 2578 2119 2615 Graccha-

1138 2639 1190 2661 mo
1211 2636 1302 2663 motu
1331 2627 1452 2665 habet.
1504 2629 1679 2667 Auctoris
1706 2638 1831 2667 autem
1861 2630 2016 2665 intentio
2046 2629 2118 2674 est,

1137 2676 1213 2714 hoc
1229 2685 1312 2715 toto
1332 2681 1560 2729 paragrapho
1581 2680 1758 2729 exemplis
1776 2680 1930 2729 probare
1944 2708 1953 2723 ‚
1976 2687 2119 2718 veteres

1140 2729 1337 2767 Romanos
1374 2739 1614 2769 externorum
1653 2732 1764 2768 etiam
1808 2730 2002 2778 religiones
2037 2743 2116 2769 non

1138 2778 1331 2829 sprevisse,
1360 2781 1551 2820 Etruscam
1581 2780 1763 2823 didicisse,
1793 2781 1921 2818 Cereri
1947 2782 2116 2819 sacerdo-

1138 2837 1217 2868 tem
1239 2833 1423 2871 Graecam
1444 2847 1463 2871 a
1485 2833 1592 2870 Velia
1611 2831 1786 2881 accepisse
1799 2860 1809 2877 ,
1837 2833 1875 2870 &
1894 2832 2042 2870 civitate
2062 2834 2120 2877 <ut

1140 2882 1240 2920 addit
1261 2883 1412 2931 Cicero)
1433 2882 1594 2922 don-affe.
1623 2883 1737 2933 Cujus
1757 2883 1849 2921 deae
1864 2883 1950 2920 licet
1969 2884 2006 2920 in
2027 2883 2117 2920 urbe

1138 2933 1430 2981 pulcherrimum
1456 2935 1633 2973 haberent
1658 2935 1841 2983 templum
1862 2963 1871 2979 ‚
1908 2934 2118 2972 Gracchani

1138 2991 1266 3023 tamen
1286 2987 1463 3025 tumultus
1491 2995 1662 3036 tempore
1690 2987 1824 3024 moniti
1851 2987 1944 3021 inter
1971 2984 2039 3023 alia
2067 2997 2115 3022 ex

1139 3035 1319 3087 Sibyllinis
1336 3038 1432 3079 libris
1444 3068 1456 3088 ,
1480 3038 1754 3125 vetustiffi1rli3a1u
1768 3038 1944 3075 Cererem
1964 3036 2114 3125 placian-

1725 3099 1745 3124 2
2053 3099 2112 3126 am
