2516 3509
541 139 696 195 DE
803 142 1046 200 IRA
1149 145 1303 202 ET
1407 154 1772 218 oD10.
2045 176 2148 249 313

160 243 339 305 hostibus
373 245 524 304 vietis,
559 255 640 291 aut
672 261 721 291 ex
755 247 913 293 civibus
937 250 1159 311 prostratis
1186 251 1386 313 gaudium
1418 256 1591 315 capiam.
1645 262 1716 309 Ira
1754 277 1864 314 tunc
1899 281 2034 333 atque
2068 274 2159 321 vir-

163 334 236 370 tus
269 323 518 371 sermonem
552 327 647 388 ejus
683 326 800 372 inter
833 325 874 372 se
906 328 1177 377 diviserunt:
1229 337 1245 367 3
1284 330 1359 377 illa
1393 333 1581 397 injustae
1614 339 1913 396 damnationis
1948 342 2158 414 memor,

162 403 274 450 haec
310 405 532 468 triumphi
562 405 735 468 gloriae
767 405 956 453 intenta.
1023 409 1111 456 Sed
1156 408 1304 456 nescio
1349 427 1404 457 an
1444 412 1641 477 ejusdem
1685 421 1820 470 fuerit
1852 426 1943 473 hoc
1978 429 2153 489 dicere,

166 480 215 527 &
251 480 312 528 fic
346 483 540 528 vincere.
1767 535 1804 562 ⁴·
1843 540 1846 543 ,

230 559 449 606 Ardentis
484 559 662 624 spiritus
695 561 844 608 virum
865 595 880 621 ‚
931 563 979 610 &
1010 564 1183 611 bellicis
1217 565 1430 628 operibus
1464 568 1681 620 assuetum
1703 609 1717 633 ‚
1763 576 1855 624 huc
1896 580 2149 633 iracundiae
2244 573 2282 599 ²⁹

162 637 331 684 stimuli
366 655 557 702 egerunt
568 663 584 698 3
622 647 644 679 4
679 640 734 686 C.
769 654 919 688 autem
955 642 1171 706 Figulum
1206 642 1630 708 mansuetissimum,
1668 665 1828 714 pacato
1857 657 1971 720 juris
2007 661 2239 708 civilisAnn-
2264 661 2337 718 {¹5²⁹}

157 715 335 779 judicio
383 717 763 778 celeberrimum,
820 718 1084 782 prudentiae
1129 720 1537 787 moderationisque
1582 727 1896 779 immemorem
1948 710 2340 786 reddide-ffgtimuci-

164 805 285 838 runt.
353 793 625 841 Consulatus
660 794 781 840 enim
815 794 1012 858 repulsae
1045 795 1204 842 dolore
1238 796 1472 857 accensus,
1509 815 1564 846 eo
1599 803 1782 864 quidem
1816 811 1987 873 magis,
2032 818 2155 877 quod

162 867 292 915 illum
326 868 394 915 bis
432 870 549 932 patri
583 868 661 915 suo
697 868 853 915 datum
888 870 1181 928 meminerat,
1216 886 1321 917 cum
1347 871 1403 917 ad
1428 888 1530 920 eum
1556 875 1736 938 postero
1760 886 2053 934 comitiorum
2088 890 2162 938 die

162 947 296 993 multi
330 946 589 993 consulendi
625 946 769 992 caussa
801 946 1043 1006 venissent,
1079 963 1234 994 omnes
1269 948 1473 996 dimisit:
1521 954 1741 1015 praefatus
1762 992 1777 1021 2
1831 969 1845 998 5
1883 966 2033 1012 Omnes
2068 985 2156 1014 con-

149 1026 289 1087 fidere
306 1024 458 1094 scitis,
492 1024 686 1086 confidem
710 1024 855 1086 facere
889 1026 1080 1087 nescitis?
1115 1027 1308 1074 Distum
1343 1030 1566 1092 graviter,
1603 1032 1648 1078 δί
1672 1037 1835 1083 merito
1847 1061 1862 1095 3
1900 1041 1970 1087 sed
2007 1056 2154 1091 tamen

160 1101 390 1163 aliquanto
425 1100 583 1147 melius
619 1116 713 1147 non
746 1100 935 1148 distum.
1004 1103 1133 1150 Nam
1180 1105 1278 1167 quis
1324 1108 1497 1170 populo
1531 1110 1746 1158 Romano
1781 1115 1903 1162 irasci
1939 1117 2153 1183 sapienter

164 1173 345 1237 potest?

229 1254 390 1316 Itaque
423 1269 479 1300 ne
513 1252 576 1299 illi
612 1254 795 1316 quidem
831 1255 1078 1318 probandi,
1102 1260 1304 1321 quamvis
1340 1259 1508 1307 Paetum
1531 1279 1690 1310 eorum
1726 1267 1973 1318 nobilitatis
2009 1272 2148 1336 splen·
2252 1279 2286 1316 3·

162 1331 274 1380 dore
306 1331 568 1395 protecftum
604 1331 658 1378 sit
683 1366 698 1391 ‚
753 1334 830 1396 qui
853 1367 869 1392 ,
923 1335 1048 1397 quod
1084 1336 1170 1382 Cn.
1205 1338 1384 1385 Flavius
1420 1340 1700 1389 humillimae
1736 1349 1960 1407 quondam
1999 1315 2366 1410 soi·ti8‚5ai¹9ri'L¹i¹i[i'tis

161 1413 184 1442 ⁶
220 1427 475 1477 praeturam
510 1413 697 1476 adeptus
731 1427 850 1473 erat,
886 1414 1073 1475 offensi,
1109 1419 1293 1465 annulos
1328 1435 1482 1467 aureos
1517 1421 1826 1489 sibimetipsis,
1863 1438 1880 1467 7
1918 1431 1965 1477 ὃς
1997 1435 2146 1495 phale-
2163 1403 2360 1476 sssst1²3¹if¹·1.

165 1508 232 1538 ras
265 1490 390 1552 equis
421 1489 504 1535 suis
539 1489 754 1536 devastas
779 1491 1068 1556 abjecerunt,
1094 1490 1113 1520 8
1138 1493 1306 1540 doloris
1341 1495 1613 1559 impotentia
1647 1511 1824 1546 tantum
1853 1519 1943 1550 non
1978 1506 2147 1554 lufirum
2163 1484 2362 1565 fftiil'dssrass'l

166 1569 374 1633 profesto
410 1570 573 1617 testati.

2164 1567 2236 1596 (lilit
2264 1578 2327 1598 cut.

2164 1608 2260 1655 Iflavii
2299 1609 2361 1642 hoc

229 1647 361 1693 Talis
393 1648 482 1693 irae
516 1662 668 1694 motus
702 1661 780 1694 aut
816 1647 1123 1713 singulorum,
1157 1665 1235 1697 aut
1268 1668 1518 1715 paucorum
1551 1655 1753 1705 adversus
1789 1662 2013 1724 populum
2051 1652 2308 1711 uni—¹⁶¹¹0ffl't·

165 1726 339 1776 versum
369 1745 377 1774 :
422 1728 726 1774 multitudinis
761 1741 912 1773 autem
948 1745 1052 1791 erga
1085 1731 1312 1793 principes
1347 1747 1397 1776 ac
1434 1731 1570 1779 duces
1596 1768 1610 1792 ‚
1667 1737 1901 1798 ejusmodi.
1974 1745 2149 1790 Manlio
2168 1720 2337 1789 Ann·⁴1‘11÷>.

162 1805 408 1868 Torquato
441 1804 752 1868 amplissimam
787 1805 836 1851 &
869 1805 1226 1869 gloriosissimam
1262 1823 1317 1853 ex
1353 1808 1526 1854 Latinis
1562 1810 1608 1856 &
1641 1812 1883 1878 Campanis
1914 1801 2358 1871 viet01·ia1n‡{?}.¹‘¹v¹²³⁸

166 1886 213 1930 in
236 1884 413 1931 Urbem
449 1883 693 1942 referenti,
731 1900 837 1930 cum
872 1886 1059 1932 seniores
1078 1903 1233 1934 omnes
1259 1887 1426 1934 laetitia
1450 1903 1631 1936 ovantes
1653 1906 1970 1953 occurrerent,
1999 1898 2148 1960 junio·

166 1977 267 2007 rum
303 1976 438 2007 nemo
473 1961 652 2007 obviam
688 1962 931 2025 processit:
980 1963 1103 2028 quod
1139 1963 1286 2013 filium
1323 1966 1649 2015 adolescentem
1686 1967 1919 2016 fortislime
1954 1974 2155 2025 adversus

2071 2055 2153 2101 im-

158 2172 269 2216 facere
296 2169 455 2216 nescitis?
490 2168 573 2204 Nec
604 2168 727 2216 inepte
750 2195 760 2211 ,
804 2168 994 2206 sarcasmus
1026 2171 1126 2208 enim
1179 2171 1340 2210 Plzaleras
1366 2175 1459 2225 equis
1480 2176 1554 2222 suis
1589 2174 1770 2213 dett-afim.
1814 2188 1876 2215 cur
1903 2179 2047 2227 Pighius
2077 2185 2134 2231 eje

167 2221 244 2257 est:
293 2220 356 2268 qui
383 2231 446 2268 per
476 2220 807 2266 interrogationem
838 2220 966 2267 pungit
1001 2222 1126 2259 acrius.
1180 2223 1228 2259 cit
1248 2227 1322 2270 suis
1342 2253 1351 2267 ‚
1392 2225 1495 2274 quod
1526 2227 1719 2264 manifesto
1754 2231 1912 2276 opponit
1939 2232 2149 2283 sibimetipsis

166 2270 306 2308 PIGH.
333 2275 407 2312 ξΛη
428 2285 486 2305 vos
514 2271 675 2315 consulere
694 2272 803 2316 scitis.
830 2270 897 2305 Per
923 2271 1127 2319 interroga-
1180 2273 1372 2310 Valerius?

166 2323 312 2359 tionem
350 2320 489 2369 prolata
521 2320 612 2356 haec
640 2321 771 2367 repetit
801 2320 946 2367 Pighius
975 2322 1011 2357 in
1043 2322 1127 2359 cod.
1195 2316 1208 2329 ⁶
1233 2324 1266 2360 8.
1297 2327 1437 2361 Doloris
1455 2327 1648 2375 impotentia
1680 2338 1811 2364 tantum
1834 2344 1897 2365 non
1924 2332 2047 2367 ltu-‘lum
2068 2347 2145 2379 pro,

169 2372 445 2409 Wineheliano.
497 2371 571 2407 Alii
591 2370 664 2406 sine
688 2371 981 2418 interrogatione
999 2371 1044 2408 fic
1064 2373 1128 2409 ha·
1173 2375 1262 2419 feHo
1287 2374 1417 2424 testati]
1451 2376 1504 2413 Ita
1535 2377 1717 2414 editiones
1736 2388 1879 2417 veteres
1903 2382 2008 2425 Ami,
2037 2385 2142 2421 Chal-

164 2423 274 2465 bent,
301 2427 420 2458 Omnes
439 2424 600 2469 consulere
614 2423 733 2465 stitis,
758 2423 917 2468 consulem
940 2425 1051 2467 fizcere
1074 2439 1131 2459 ne-

156 2476 268 2523 ]ῑίιὶς,
293 2473 488 2510 VORST.
517 2476 594 2511 „An
612 2485 670 2506 ‘vos
687 2473 848 2519 consulere
859 2474 954 2519 stitis
970 2475 1129 2517 consulem

154 2527 268 2567 farere
278 2526 418 2570 nescitis.
430 2524 574 2560 Omnes
598 2523 672 2559 fere
693 2522 800 2559 codd.
813 2522 907 2570 Cop.
922 2523 1075 2560 Brandd.
1092 2526 1130 2562 δε

167 2574 332 2621 Pighiani
356 2581 498 2622 praeter
526 2585 642 2610 unum
662 2572 807 2609 habent.
834 2587 940 2608 omnes
971 2576 1130 2615 consulere

158 2627 268 2674 stitis.
290 2625 391 2672 quod
411 2624 584 2673 equidem
605 2623 786 2671 praefero,
823 2624 904 2660 Nec
922 2624 1020 2661 enim
1041 2625 1127 2662 huic

169 2676 256 2713 loco
285 2676 461 2710 convenit
496 2675 736 2721 interrogatio
757 2702 767 2717 ‚
815 2685 900 2711 cum
934 2675 1127 2734 praecedat

161 2727 346 2776 praefatus.
366 2725 611 2762 PERIZON.
639 2724 746 2761 Leid.
772 2725 888 2772 quint.
913 2725 1127 2769 habenda

165 2792 236 2813 nos.
275 2775 384 2810 ceteri
412 2779 528 2810 Omnes
557 2777 729 2821 consulere.
774 2775 936 2812 Mutavit
969 2776 1125 2824 Pighius.

166 2829 331 2874 Legatur
357 2825 503 2874 itaque,
542 2824 645 2874 quod
670 2825 717 2861 est
742 2824 780 2860 in
810 2824 916 2861 MSS.
939 2827 1126 2865 &melius

162 2877 327 2928 quadrat.
832 2926 837 2932 ·

214 2928 246 2963 6,
271 2929 469 2962 Praeturam
494 2923 630 2973 adeptus
657 2923 747 2973 erat]
770 2925 1021 2964 Tribunatum
1043 2929 1124 2965 scri-

160 2979 212 3017 bit
231 2978 364 3015 Plinius
384 2976 497 3012 Libro
517 2987 651 3012 xxxiii.
680 2986 758 3023 cap.
790 2989 819 3013 1.
848 2977 1084 3016 CORRAD.

212 3041 245 3078 7.
272 3030 314 3065 Et
333 3027 490 3078 phaleras
509 3028 602 3078 equis
620 3025 806 3078 detraaas]
835 3027 942 3066 MSS.
970 3030 1007 3068 ὃς
1024 3029 1119 3070 Edd.

1182 2435 1265 2461 coe.
1292 2427 1328 2462 ὃ(
1350 2427 1459 2463 Mart.
1482 2427 1634 2474 Herbip.
1657 2429 1802 2476 Pighius
1824 2439 1947 2467 tamen
1972 2434 2138 2481 rescripsit

1181 2476 1430 2526 impotentiam:
1457 2489 1569 2526 quem
1590 2478 1745 2516 Colerus
1765 2482 1802 2517 ὃς
1817 2481 1972 2528 Thyfius
1990 2484 2064 2519 sunt
2085 2485 2136 2520 se-

1181 2526 1265 2563 cuti.
1319 2527 1536 2565 Gronovius
1566 2528 1762 2577 legendum
1794 2539 1897 2577 putat
1923 2533 2041 2567 doloris
2070 2536 2135 2568 im.

1175 2578 1379 2622 patientiam
1407 2590 1539 2614 tantum
1565 2595 1627 2616 non
1658 2582 1747 2616 luftu
1769 2581 1900 2627 professi)
1926 2585 2047 2625 testati.
2068 2585 2136 2622 Vi·

1178 2626 1224 2663 de
1250 2639 1331 2675 pag.
1351 2640 1436 2677 301.
1466 2630 1586 2667 Tom.
1612 2644 1640 2667 1.
1669 2630 1775 2666 Livii.
1805 2631 1884 2666 Lib.
1914 2642 1968 2667 iv.
1997 2644 2072 2680 cap.
2097 2647 2131 2672 2,

1179 2678 1371 2717 VORST.
1389 2682 1520 2716 Doloris
1537 2684 1762 2728 impotentiam
1778 2691 1907 2715 tantum
1928 2695 1989 2716 non
2009 2685 2137 2721 latium

1173 2729 1316 2775 prosefflo
1341 2733 1466 2775 testati.
1493 2732 1637 2778 egregie
1656 2730 1877 2766 Gronovius.
1906 2732 2047 2768 Tantum
2067 2750 2131 2771 non

1177 2779 1266 2815 luc'lu
1293 2781 1430 2829 profeſjb
1451 2783 1575 2828 testati.
1625 2780 1724 2816 Idem
1748 2788 1872 2816 tamen
1894 2782 2012 2828 male,
2032 2786 2135 2833 quod

1177 2828 1251 2866 five
1270 2831 1405 2875 sciens,
1434 2831 1508 2868 five
1527 2830 1728 2866 memoriae
1750 2830 1839 2866 vitio
1870 2841 1996 2870 contra
2026 2836 2119 2872 codd

1177 2878 1264 2928 legit
1291 2880 1413 2918 doloris
1442 2883 1694 2930 impatientiam.
1742 2891 1826 2916 cum
1856 2883 2048 2929 impotentia
2079 2885 2135 2920 do-

1175 2931 1256 2967 loris
1283 2931 1468 2980 eleganter
1493 2931 1640 2968 dicatur.
1668 2942 1701 2965 v.
1725 2939 1851 2967 notata
1873 2944 1954 2969 mea
1977 2934 2019 2970 ad
2043 2936 2126 2973 Liv.

1176 2981 1221 3018 L.
1254 2993 1308 3019 1v.
1336 2994 1413 3031 cap.
1426 2995 1484 3028 40.
1508 2981 1748 3017 PERIZON.
1779 2983 2006 3029 Impotentiam
2027 2987 2127 3021 cxlii-

1174 3031 1235 3070 bet
1267 3041 1420 3083 uterque
1448 3032 1651 3118 Ultra-ir&
1676 3031 1971 3127 hiligkplerique
1996 3046 2127 3116 [Λυκίη

1578 3094 1596 3118 x
1618 3094 1629 3117 ζ
1650 3092 1664 3118 ἰ
1707 3094 1720 3118 ς
2075 3101 2127 3122 ,ιι-

2126 2865 2134 2874 s
