2516 3509
376 152 482 205 688
637 126 1038 196 VALERII

1114 119 1487 180 MAXIMI
1526 120 1649 176 Lrn.
1687 121 1820 180 VII.
1861 122 2006 182 CAP.
2033 124 2195 185 VIII.

377 247 591 311 sanguine
625 240 889 306 proximus,
925 239 947 271 4
982 227 1128 277 hastae
1157 224 1337 291 judicio
1371 221 1626 271 subvertere
1659 223 1818 274 frustra
1848 240 2038 276 conatus
2071 230 2150 277 est,
2218 231 2376 297 Magis

379 330 499 376 enim
537 336 722 371 centum
757 317 873 375 viri,
908 311 1019 377 quid
1052 309 1273 371 scriptum
1297 304 1403 352 esset
1437 304 1486 351 in
1507 304 1696 365 tabulis,
1727 324 1863 371 quam
1888 309 1988 372 quis
2010 325 2079 357 eas
2110 309 2374 375 scripfiflkt,

384 401 756 458 considerandum
792 393 1177 444 existimaverunt.

381 615 448 665 phi
473 621 665 664 praetexto
695 611 740 648 de
764 605 948 656 Japidibus
985 602 1079 640 clara
1113 599 1194 639 fuit.
1258 594 1358 634 Ulti-

385 679 492 703 inum
515 666 617 702 iilum
630 660 754 701 vixisse
773 659 927 696 arbitror
947 655 1040 693 circa
1059 661 1229 699 tempora
1242 648 1354 685 Pom·

383 718 458 766 peji
497 716 630 764 Magni
669 714 860 760 Nepotem
899 708 942 744 C.
980 703 1163 744 Tuditani
1201 698 1356 737 consulis

386 769 435 805 A·
466 768 548 813 624.
576 763 804 803 RUPERT.
846 761 1050 806 Testamenta
1079 758 1107 790 is
1133 754 1241 797 filium
1263 751 1353 794 insti-

386 820 453 855 tuit
475 817 654 854 haeredem.
683 814 779 862 Lips.
807 809 968 859 conjecit
985 808 1134 848 Ofilium.
1161 803 1278 851 quue
1299 813 1355 838 re-

389 877 539 917 ceptum
570 867 617 904 est
648 879 668 903 a
700 864 840 902 Colero
875 863 911 898 ὃς
930 859 1100 896 Vorslio:
1138 854 1356 902 probatum-

388 932 461 969 que
482 931 501 955 a
523 920 703 967 Ruperto.
759 913 828 951 Sed
852 912 930 960 quis
950 909 990 946 sit
1019 908 1078 945 ille
1098 908 1218 954 Ofilffl‘
1235 915 1352 940 nemo

392 971 573 1018 explicare
596 967 728 1017 potuit.
751 963 901 1001 Videbo
924 961 1032 1009 igitur
1050 970 1095 995 an
1118 955 1248 993 rectius
1264 954 1353 1003 quid

389 1021 435 1058 ad
454 1022 552 1058 hunc
578 1019 704 1057 locum
734 1015 864 1064 poffim
885 1012 1039 1049 adferre.
1092 1009 1280 1043 Tuditanus
1301 1006 1352 1048 is,

386 1072 451 1121 qui
473 1071 730 1108 testamentum
756 1065 864 1107 fecit,
893 1063 1007 1099 filium
1027 1059 1172 1105 videtur
1193 1068 1270 1094 non
1289 1057 1354 1092 ha-

389 1121 521 1162 buiffe.
559 1121 669 1157 filiam
698 1117 822 1155 habuit
849 1114 1076 1162 Semprdniam
1111 1108 1229 1146 Fulvii
1259 1119 1354 1144 uxo-

390 1185 467 1210 rein
483 1201 491 1215 ‚
518 1180 674 1208 matrem
695 1167 845 1206 Fulviae
869 1163 990 1201 Clodii
1007 1164 1043 1199 ἃ*
1060 1160 1225 1198 Antonii.
1248 1158 1354 1194 Errat

389 1225 497 1271 igitur
522 1224 727 1270 Rupertus‚
755 1218 841 1254 dum
872 1216 972 1252 hunc
993 1211 1195 1248 Tuditanum
1222 1210 1352 1256 Nepo-

389 1283 466 1311 tem
504 1281 605 1320 putat
637 1269 804 1308 Consulis
832 1277 930 1304 anno
960 1265 1042 1307 624.
1088 1263 1124 1299 &
1155 1260 1352 1297 Consobri-

389 1337 481 1362 num
511 1323 660 1360 Fulviae
681 1349 690 1365 ,
736 1320 838 1367 cujus
870 1316 938 1353 fuit
969 1325 1068 1352 avus.
1128 1313 1234 1349 Tum
1263 1310 1353 1347 nihil

388 1376 451 1412 iste
493 1382 636 1411 caetera
676 1372 818 1409 insanus
850 1366 1037 1403 Tadii-anm
1073 1363 1109 1399 in
1151 1361 1350 1399 condendo

387 1426 610 1462 testamento
640 1433 707 1471 pro
738 1420 841 1458 solita
859 1417 1002 1455 stultitia
1027 1415 1123 1462 egit,
1150 1411 1251 1462 quod
1275 1412 1353 1449 vult

390 1478 585 1524 Rupertus.
645 1473 747 1510 Hinc
781 1470 977 1506 centumviri
1011 1466 1118 1515 magis
1148 1462 1353 1508 confiderun-

386 1527 465 1563 dum
491 1528 783 1572 existimaverunt,
806 1518 887 1571 quid
909 1520 1066 1566 scriptum
1093 1514 1166 1561 effet
1193 1516 1228 1549 in
1257 1513 1353 1549 tabu-

385 1579 428 1613 lis
442 1606 452 1622 ‚
488 1591 588 1625 quam
607 1577 680 1624 quis
700 1588 753 1610 eas
764 1569 950 1620 scripfiffet.
1012 1569 1102 1615 Quo
1122 1566 1159 1602 ni
1178 1564 1284 1601 fallor
1300 1564 1351 1601 sa-

386 1629 431 1665 tis
471 1626 671 1664 ostenditur
717 1625 755 1661 in
794 1618 1015 1659 instituendo
1063 1615 1221 1654 haerede
1263 1615 1353 1652 nihil

386 1676 492 1715 fuisse
520 1685 714 1726 peccatum
742 1686 762 1711 a
781 1672 987 1711 Tuditano.
1040 1669 1147 1715 Lego
1169 1667 1276 1714 igitur
1294 1667 1351 1704 vel

375 1729 512 1776 filium,
544 1729 603 1765 vel
631 1727 783 1763 Ful-vium
797 1739 807 1767 3
831 1723 893 1773 qui
915 1730 990 1758 erat
1011 1730 1122 1767 gener
1144 1717 1262 1765 ipsius
1281 1717 1350 1752 Di-

388 1787 448 1816 cet
471 1788 595 1815 autem
627 1776 731 1827 quis,
769 1786 832 1811 cur
863 1772 971 1820 igitur
1003 1771 1056 1806 Ti.
1087 1771 1218 1817 Longus
1245 1767 1350 1803 testa-

388 1838 561 1866 mentum
585 1836 748 1865 evertere
770 1823 952 1864 voluerit,
982 1831 1066 1856 cum
1088 1817 1132 1854 ad
1154 1829 1239 1853 euin
1261 1816 1348 1853 hae-

385 1880 518 1918 reditas
551 1879 653 1916 nullo
686 1876 805 1914 modo
832 1872 1026 1922 pervenire
1055 1868 1227 1918 potuerit.
1281 1867 1349 1905 Sed

374 1933 488 1971 ‚forte
517 1930 626 1967 iratus
654 1929 722 1966 fuit
749 1924 916 1967 homini,
946 1921 1003 1958 vel
1032 1919 1196 1968 legatum
1225 1917 1348 1966 exspe-

390 1981 576 2024 araverat,
600 1980 659 2017 vel
678 1977 774 2015 aliud
791 1974 972 2023 antiquius
997 1970 1256 2008 testamentum
1279 1980 1347 2017 pro

388 2033 424 2070 se
450 2031 616 2069 habebat.
670 2027 743 2066 Vel
772 2028 835 2070 iis,
867 2024 996 2074 quibus
1019 2021 1137 2069 legata
1163 2021 1201 2056 in
1228 2032 1274 2056 eo
1295 2027 1347 2056 te-

388 2084 572 2121 stamento
602 2081 683 2118 data
712 2086 813 2117 erant
837 2105 847 2120 ‚
890 2074 1060 2112 inimicus
1088 2079 1176 2108 erat.
1228 2072 1348 2118 Magis

386 2146 450 2171 me
482 2140 632 2175 movet,
660 2128 762 2180 quod
782 2130 834 2164 Ti.
853 2131 964 2175 Longo
991 2123 1135 2161 additui·
1162 2133 1248 2158 euin
1268 2124 1348 2168 san-

379 2186 486 2236 guine
510 2184 698 2232 proximum
725 2179 840 2218 fulffe.
900 2174 1015 2223 Quasi
1046 2186 1092 2210 CO
1120 2172 1229 2209 vellet
1254 2172 1347 2209 indi-

388 2246 496 2278 care,
526 2233 654 2270 auctor
675 2261 684 2275 ‚
722 2242 785 2268 cur
814 2227 966 2265 rescindi
991 2225 1252 2262 testamentum
1283 2235 1342 2271 pe-

387 2293 501 2328 teret,
528 2285 612 2332 quia
632 2282 676 2320 ad
693 2283 726 2319 se
743 2277 958 2328 pertinebat.
981 2275 1052 2313 Sed
1071 2286 1202 2311 vereor
1221 2285 1268 2310 ne
1289 2274 1347 2311 illa

386 2337 425 2374 in
445 2336 544 2372 hunc
564 2333 677 2370 finem
697 2345 717 2370 a
737 2331 853 2369 scribis
874 2328 991 2366 textui
1009 2325 1076 2363 sint
1098 2324 1228 2361 addita.
1246 2325 1345 2362 Nam

388 2385 560 2435 profmsto
580 2384 745 2419 Tuditano
765 2390 919 2429 paterno
951 2377 1122 2425 sanguine
1143 2388 1219 2412 non
1241 2375 1347 2413 valde

387 2437 616 2485 propinquus
640 2427 732 2475 fuit‘;
759 2440 799 2468 ut
818 2432 880 2480 qui
901 2441 1021 2478 neque
1044 2438 1154 2464 avum
1185 2425 1347 2463 eundem

385 2486 588 2526 habuerint.
641 2486 733 2522 Non
761 2481 858 2530 quasi
883 2481 952 2517 hac
981 2479 1123 2515 ratione
1153 2477 1349 2514 testamen-

387 2550 468 2578 tum
496 2535 649 2575 rescindi
678 2533 839 2572 voluerit
862 2532 915 2566 Ti.
951 2533 1099 2578 Longus,
1132 2527 1235 2573 quod
1265 2527 1350 2563 alie-

388 2602 479 2628 num
506 2585 704 2625 haeredem
734 2580 894 2624 fecisset,
922 2578 981 2616 sed
1001 2577 1103 2627 quod
1125 2577 1276 2613 furiosus
1297 2585 1349 2613 te-

389 2643 610 2678 stamentum
634 2638 755 2674 facere
774 2645 852 2671 non
880 2627 1007 2678 posset.
1061 2628 1216 2664 Accedit
1238 2628 1349 2664 eriam

388 2691 477 2729 illud
491 2719 499 2731 ‚
521 2687 622 2738 quod
642 2697 750 2724 more
769 2685 833 2721 suo
852 2681 896 2719 ad
917 2677 1115 2717 secundum
1139 2678 1348 2725 exemplum

390 2741 565 2779 transiens
589 2738 726 2776 tabulas
751 2731 933 2773 Tuditani
964 2729 1108 2766 videtur
1140 2729 1249 2764 etiarn
1281 2728 1352 2775 ipse

389 2792 567 2842 probare,
603 2801 688 2826 cum
720 2786 808 2824 dicit
834 2784 909 2820 vita
931 2779 1091 2816 Tuditani
1118 2777 1246 2812 domem
1274 2786 1357 2816 ,Λρ-

390 2845 500 2879 batiae
526 2851 636 2876 autem
667 2838 802 2874 tabulae
829 2837 945 2882 plenae
965 2832 1105 2878 furoris.
1131 2828 1229 2877 qunfi
1261 2828 1381 2866 dicat·

386 2892 590 2930 Tudttanurn
609 2889 739 2938 quidem
761 2889 795 2924 in
812 2887 889 2921 ‘vita
902 2886 966 2931 sua
980 2880 1079 2928 fuisse
1096 2878 1274 2916 dementem
1294 2894 1358 2913 non

387 2946 423 2980 in
444 2945 634 2988 testamento
654 2937 836 2975 condendo:
862 2933 1061 2974 Aebutiam
1080 2945 1157 2966 vero
1180 2932 1213 2964 in
1233 2929 1359 2964 tabu-lis

383 2995 456 3043 suis
479 2995 590 3037 furore
619 2989 787 3036 corruisse,
816 2988 948 3034 Aeque
977 2983 1076 3019 enim
1100 2981 1227 3026 plenae
1253 2980 1347 3016 furo-

322 3067 324 3069 -
388 3046 437 3085 ris
475 3042 655 3082 Tuditani
691 3040 833 3078 tabulae
870 3032 1012 3074 fuiffeut
1038 3061 1047 3078 ‚
1094 3031 1117 3070 fi.
1157 3031 1354 3080 praeterito

2285 472 2374 519 Vi-

1407 595 1567 634 haerede
1594 595 1659 633 suo
1683 623 1693 639 ,
1728 595 1766 633 id
1793 594 1841 633 est
1869 593 1969 639 filio,
2009 595 2172 636 alienum
2207 597 2371 642 fecisset,

1409 658 1496 704 curn
1517 646 1693 687 Albucius
1714 645 1866 684 alteram
1886 654 2013 683 tamen
2032 646 2144 685 filiam
2165 649 2367 688 haeredem

1408 697 1616 754 reliquerit3
1645 697 1819 748 adeoque
1844 697 1989 745 gravius
2009 697 2105 735 haud
2125 699 2233 737 dubie
2255 702 2368 740 etiam

1408 749 1651 805 Tuditanum
1674 745 1958 796 reprehendisset
1984 747 2164 786 Valerius.
2189 750 2369 799 Scipionis

1407 800 1575 837 Africani
1597 800 1635 836 ὃς
1655 799 1779 836 uxoris
1808 799 1884 847 ejus
1904 807 2152 846 pervenerunt
2171 799 2247 838 filio
2267 813 2370 839 mor-

1407 859 1473 888 tuo
1493 850 1539 887 ad
1557 849 1777 897 adoptivum
1792 850 1982 897 Nepotem
1998 849 2265 888 Aemilianum.
2287 856 2369 890 nul-

1404 901 1438 938 la
1457 910 1580 939 autem
1600 900 1788 937 bonorum
1811 911 1890 947 pars
1908 899 2055 937 videtur
2074 900 2120 938 ad
2139 900 2227 938 filias
2241 931 2251 945 ,
2273 915 2369 952 quae

1404 960 1494 989 tunc
1521 951 1639 988 adhuc
1667 951 1863 995 vivebant,
1890 948 2099 998 pertinuisse
2117 979 2128 994 ,
2164 951 2229 988 nifi
2251 965 2367 1002 quan-

1404 1010 1484 1059 tum
1509 1003 1690 1051 supererat
1718 1013 1763 1038 ex
1792 1000 2031 1049 persolvenda
2053 1001 2163 1044 dote,
2190 1003 2291 1051 cujus
2310 1017 2368 1042 re-

1404 1053 1545 1102 liquum
1569 1052 1677 1090 solvit
1688 1052 1930 1089 Aemilianus.
1952 1051 2037 1088 vide
2055 1052 2183 1100 Polyb.
2207 1065 2240 1102 p.
2261 1056 2367 1102 1460.

1406 1105 1556 1160 Nempe
1585 1114 1758 1152 magnam
1796 1102 1924 1139 dotem
1954 1102 2086 1140 dabant
2112 1103 2262 1142 filiabus·
2298 1118 2368 1144 un-

1405 1154 1451 1191 de
1477 1155 1557 1192 Cic.
1595 1155 1641 1191 L.
1673 1167 1702 1192 1.
1729 1154 1767 1190 in
1798 1154 1887 1190 Ver.
1915 1165 1947 1189 c.
1972 1165 2026 1199 44.
2066 1153 2263 1202 Quibuscum
2290 1150 2394 1194 ἡνί’

1403 1205 1489 1241 hona
1517 1207 1624 1250 nostra
1652 1207 1827 1248 partimur.
1879 1204 2173 1254 Scipioutrique
2201 1205 2296 1244 filiae
2316 1209 2368 1246 vi-

1405 1255 1511 1293 detur
1541 1253 1677 1293 dedisse
1709 1269 1768 1303 50.
1794 1255 1930 1293 talenta
1958 1255 1996 1291 in
2024 1254 2175 1300 dotem,
2197 1257 2235 1293 8<
2258 1259 2367 1296 uxori

1403 1306 1487 1344 suae
1519 1304 1654 1343 dedisse
1694 1305 1964 1343 usumfruftum
1992 1305 2180 1343 bonorum
2199 1307 2364 1347 suorum.

1405 1355 1623 1395 Hortensius
1643 1356 1825 1393 Marciam
1855 1367 2012 1394 uxorem
2041 1356 2130 1393 fecit
2154 1348 2367 1398 haeredem.

1405 1408 1486 1464 Cat.
1516 1420 1550 1456 p.
1580 1408 1666 1452 671.
1704 1415 1890 1454 praetores
1919 1406 2023 1455 saepe
2052 1406 2178 1445 ediecis
2202 1409 2270 1446 suis
2300 1423 2366 1448 va-

1404 1459 1543 1496 riabant
1562 1459 1632 1507 jus.
1684 1457 1783 1494 Vide
1815 1458 1894 1494 Cic.
1923 1470 1953 1495 1.
1990 1458 2028 1494 in
2049 1458 2138 1495 Ver.
2173 1471 2204 1496 c.
2229 1460 2287 1506 48.
2318 1461 2365 1499 de

1403 1509 1553 1547 Patroni
1575 1509 1658 1546 filia.
1711 1508 1932 1545 Tarruntius
1957 1508 2172 1546 Larentiam
2202 1513 2369 1550 meretri-

1404 1571 1487 1598 cem
1508 1560 1597 1598 fecit
1615 1559 1815 1596 haeredem
1836 1559 1932 1596 Plut.
1955 1561 2004 1606 Q.
2030 1571 2088 1608 35.
2112 1559 2158 1596 de
2176 1559 2248 1598 filia
2276 1562 2366 1600 hae-

1403 1611 1490 1648 rede
1511 1610 1680 1649 facienda
1701 1609 1786 1647 vide
1805 1610 1963 1647 omnino
1986 1610 2162 1647 Senecam
2185 1611 2297 1650 Cont.
2326 1625 2366 1662 p.

1408 1674 1493 1708 270.
1536 1662 1622 1699 vide
1650 1661 1747 1709 leges
1783 1673 1853 1698 xix.
1898 1660 1969 1697 tab.
2005 1660 2051 1698 de
2083 1661 2167 1709 jure
2204 1663 2364 1710 privato.

1405 1713 1504 1769 ff¹.¹·
1534 1714 1571 1750 δί
1604 1711 1660 1750 18.
1707 1712 1827 1760 Virgo
1846 1711 1985 1749 vestalis
2009 1723 2133 1761 neque
2161 1713 2288 1751 haeres
2314 1715 2365 1753 est

1404 1774 1462 1819 cui
1490 1775 1602 1819 quam
1631 1763 1800 1800 intestato
1830 1761 1924 1799 Gell.
1955 1775 1985 1799 1.
2014 1773 2044 1798 c.
2071 1774 2125 1800 12.
2153 1775 2241 1811 ergo
2270 1765 2364 1803 aliae

1402 1814 1585 1869 Virgines.
1650 1813 1731 1850 Filii
1769 1820 1886 1850 mater
1926 1812 2054 1849 haeres
2093 1812 2137 1849 ab
2180 1815 2364 1855 intestato.

1402 1863 1481 1900 Cic.
1505 1876 1572 1920 pro
1592 1863 1738 1901 Cluent.
1761 1875 1792 1901 e.
1820 1876 1875 1901 11.
1904 1863 1942 1900 δε
1964 1875 2020 1911 19.
2051 1863 2086 1900 Si
2106 1864 2178 1911 ipse
2196 1876 2274 1903 non
2296 1866 2362 1905 ha-

1399 1913 1483 1952 beat
1498 1914 1630 1952 liberos
1650 1926 1720 1951 nec
1739 1915 1865 1951 fratres
1878 1921 1939 1957 ‚ut
1956 1925 2051 1951 reor.
2064 1914 2148 1951 vide
2165 1917 2364 1965 &Ulpiam

1401 1964 1483 2002 Inst.
1505 1966 1558 2002 tit.
1575 1965 1631 2003 18.
1663 1966 1704 2002 In
1724 1964 1924 2013 provinciis
1943 1964 2200 2003 observabatur
2213 1967 2272 2015 jus
2284 1969 2366 2010 Ro.

1400 2027 1554 2054 manum
1577 2027 1621 2053 ex
1641 2014 1763 2052 edifto
1782 2015 1969 2064 praetorio
1989 2015 2067 2052 Cic.
2088 2016 2126 2053 in
2141 2017 2228 2054 Ver.
2246 2031 2275 2055 1.
2302 2021 2364 2066 48.

1399 2066 1445 2123 de
1471 2067 1669 2104 mulierum
1700 2065 1982 2104 haereditatibus
2005 2067 2043 2103 &
2069 2065 2150 2115 lege
2185 2068 2364 2109 Voconia

1399 2117 1483 2154 Vide
1506 2118 1665 2155 omnino
1685 2117 1802 2154 Gron.
1827 2117 1872 2154 de
1890 2128 1969 2165 pec.
1995 2124 2068 2154 vet.
2095 2129 2128 2166 p.
2145 2119 2215 2167 536
2235 2141 2251 2147 -
2278 2132 2366 2171 539,

1398 2168 1495 2225 apud
1516 2169 1611 2217 App.
1634 2181 1669 2225 p.
1698 2180 1783 2218 305.
1805 2176 1908 2216 pater
1932 2168 2149 2216 proscriptus
2174 2177 2305 2218 rogatu
2323 2172 2367 2210 fi-

1397 2219 1440 2276 ln-
1456 2228 1587 2257 monet
1609 2218 1720 2256 filiam
1735 2247 1745 2261 ,
1773 2230 1822 2255 ne
1843 2220 1881 2256 &
1900 2218 1972 2267 ipsa
1994 2227 2120 2267 pereat
2147 2226 2270 2259 totum
2299 2234 2366 2271 pa-

1397 2272 1618 2327 trimonium
1639 2270 1844 2319 relinquere
1865 2269 1978 2307 fratri.
2005 2270 2167 2307 Minime
2194 2280 2366 2311 centum-

1401 2334 1468 2358 viri
1488 2333 1581 2358 vero
1605 2318 1883 2358 considerassent
1897 2319 2005 2368 ‚quid
2024 2321 2195 2369 scriptum
2214 2321 2302 2361 effet
2315 2323 2364 2368 ‚fi

1400 2373 1594 2430 praeterita
1615 2372 1686 2409 filia
1716 2372 1878 2408 alienum
1907 2369 2045 2408 fecisset
2065 2371 2288 2418 haeredem,
2326 2376 2366 2413 δὲ

1399 2423 1623 2469 iniustissime
1652 2421 1839 2466 fecissent,
1869 2420 1893 2458 fi
1913 2421 1950 2459 id
1970 2422 2230 2461 testamentum
2244 2452 2255 2467 ‚
2277 2436 2365 2463 cum

1403 2475 1513 2530 eti-ani
1534 2486 1554 2511 a
1574 2474 1713 2511 furioso
1743 2471 1831 2510 esset
1858 2472 1994 2510 fanum
2011 2472 2252 2521 ,probassem
2280 2476 2368 2513 hinc

1401 2524 1492 2561 Plin.
1522 2525 1567 2562 L.
1596 2537 1665 2561 vn.
1694 2525 1762 2572 Ep.
1789 2535 1846 2567 24.
1877 2522 2014 2569 Dec-effit
2043 2523 2250 2572 bonestiffimo
2269 2530 2370 2574 testa.

1404 2581 1510 2611 mento
1525 2604 1534 2618 ,
1557 2576 1695 2623 reliquit
1716 2573 1869 2610 haeredes
1889 2588 1930 2609 ex
1951 2572 2031 2620 besse
2049 2585 2215 2621 nepotem,
2244 2591 2286 2613 ex
2304 2588 2372 2614 ter-

1404 2627 1454 2661 tia
1483 2637 1576 2669 parre
1597 2637 1734 2672 neptem.
1763 2624 1862 2662 Vide
1880 2626 1917 2661 ὅτ
1940 2624 2099 2662 omnino
2122 2626 2166 2662 L.
2190 2639 2277 2665 vm.
2299 2628 2370 2678 Ep.

1408 2676 1464 2713 18.
1492 2677 1551 2713 ubi
1570 2676 1761 2720 laudatur,
1789 2676 1854 2725 qui
1871 2673 1982 2712 filiam
2003 2676 2225 2715 testamento
2243 2678 2369 2716 haere-

1409 2726 1493 2763 dem
1515 2727 1678 2775 reliquit‚
1707 2728 1744 2764 ὃ(
1763 2733 1927 2769 narratur
1944 2725 1989 2763 de
2011 2726 2084 2763 alio
2099 2756 2107 2767 ‚
2136 2728 2197 2776 qui
2217 2729 2367 2767 fratrem

1409 2778 1577 2833 praetulit
1598 2777 1704 2814 filiae.
1741 2778 1822 2814 Lex
1841 2777 2017 2814 Voconia
2042 2775 2222 2825 jubebat.
2244 2779 2371 2828 nequis

1411 2839 1472 2874 qui
1502 2829 1626 2865 census
1654 2826 1741 2865 esset
1770 2827 1848 2876 post
1876 2828 2043 2865 censores
2072 2829 2118 2866 A.
2139 2829 2368 2867 Postumium

1413 2878 1449 2913 8(
1472 2879 1521 2925 Q.
1543 2879 1715 2915 Fulvium
1734 2877 1935 2916 haeredem
1956 2879 2092 2916 faceret
2111 2880 2290 2928 virginem
2310 2880 2369 2916 vel

1412 2928 1620 2965 mulierem.
1643 2929 1829 2979 ideoque,
1856 2928 1881 2965 fi
1907 2930 1987 2978 quis
2009 2930 2119 2967 vellet
2146 2929 2256 2968 filiam
2284 2929 2373 2966 hae-

1413 2978 1538 3033 redem
1570 2980 1714 3021 facere,
1751 2980 1859 3017 dabat
1888 2991 2039 3027 operam
2056 3009 2065 3023 ‚
2093 2991 2141 3016 ne
2158 2979 2373 3017 censeretur.

1409 3037 1533 3077 itaque
1561 3029 1599 3066 P.
1623 3030 1766 3069 Annius
1789 3042 1873 3068 cum
1903 3030 2053 3068 haberet
2071 3030 2216 3068 unicam
2235 3028 2346 3068 filiam
2361 3059 2372 3076 ‚

2289 3092 2375 3120 eam
