2516 3509
495 119 631 173 DE
724 101 1674 173 FORTITUD'INE.

1998 132 2096 190 235
2143 187 2146 188 γ

101 224 303 288 Magnus
323 220 456 268 initio
477 219 664 286 hujusce
684 219 860 285 generis
882 218 1119 267 inchoatae
1141 221 1311 286 gloriae
1333 220 1586 268 Romulus:
1613 219 1754 268 Cosso
1775 231 1958 282 quoque
1979 217 2099 264 mul-

98 317 198 351 tum
217 300 487 365 acquifitum
511 301 601 359 est,
642 309 683 339 ¹9
709 300 834 365 quod
854 301 1113 348 Romulum
1138 303 1304 350 imitari
1327 298 1486 350 valuit.

165 389 212 409 20
241 384 323 430 Ne
344 385 417 430 M.
441 382 626 447 quidem
649 383 860 430 Marcelli
885 382 1151 429 memoriam
1175 387 1212 408 2¹
1242 381 1296 427 ab
1318 380 1386 427 his
1409 378 1628 442 exemplis
1646 375 1841 440 separare
1868 377 2098 436 debemus,
2115 427 2187 455 Am

98 464 149 510 in
169 479 261 525 quo
283 477 433 510 tantus
455 464 591 510 animi
610 465 746 528 vigor
766 463 878 522 fuit,
913 476 965 510 ut
986 461 1105 526 apud
1124 460 1298 508 Padum
1326 458 1570 507 Gallorum
1591 471 1747 520 regem
1773 457 1946 519 ingenti
1971 474 2096 503 exer-

100 543 199 589 citu
220 542 461 607 stipatum,
497 559 604 589 cum
635 545 788 608 paucis
812 543 1039 607 equitibus
1071 539 1321 589 invaderet:
1360 553 1497 601 quem
1530 537 1741 599 protinus
1778 535 2101 583 obtruncatum
2119 555 2197 589 pen.
2225 556 2270 577 ιγ.

102 623 234 669 armis
258 623 413 681 exuit,
438 638 577 686 eaque
592 623 701 684 Jovi
726 623 929 670 Feretrio
954 620 1135 668 dicavit.

167 707 209 728 ²²
238 700 421 748 Eodem
444 699 492 746 3<
519 701 700 748 virtutis
730 702 779 748 ὃς
804 715 984 766 pugnae
1002 714 1167 764 genere
1184 695 1250 743 ufi
1275 695 1374 743 sunt
1409 693 1473 741 T.
1496 692 1699 741 Manlius
1720 692 2016 756 Torquatus,
2052 693 2101 740 δε

105 786 146 816 ²3
169 777 376 825 Valerius
402 777 612 838 Corvus,
647 779 695 825 ἃ
717 779 995 826 Aemilianus
1021 778 1194 841 Scipio.
1243 784 1285 811 2'
1311 776 1378 822 Hi
1398 774 1518 820 enim
1542 774 1664 820 ultro
1692 785 1992 836 provocantes
2019 772 2101 817 ho-

58 980 65 983 *
105 984 178 1022 Sed
199 995 342 1022 nomen
364 982 456 1021 illius
478 984 645 1032 equitum
670 983 826 1030 magistri
857 994 987 1020 verum
1013 992 1080 1019 nos

108 1036 244 1080 docet,
273 1042 400 1072 contra
423 1045 534 1082 quam
555 1033 797 1071 Grammatici
820 1034 970 1071 faciunt.
1004 1033 1081 1070 Pri-

104 1087 242 1123 scianus
261 1085 319 1122 lib.
338 1096 373 1120 V.
400 1084 512 1131 Larfi
525 1086 713 1130 familiaris
732 1087 773 1132 est
788 1086 875 1130 facit
895 1086 1015 1121 Laris:
1037 1088 1076 1120 sa·

105 1139 272 1172 Tolumni!¹
307 1136 487 1182 Porsennae
509 1162 519 1177 ‚
568 1137 696 1171 Lartis.
774 1135 872 1172 Cum
906 1136 1076 1173 Ausonio

105 1187 225 1223 scribit
244 1187 281 1222 &
305 1185 435 1222 Livius
461 1185 520 1221 lib.
547 1197 600 1221 1v.
629 1188 774 1221 Daturos
794 1184 882 1236 quod
900 1191 985 1235 Lars
1013 1188 1078 1221 To-

107 1239 249 1273 lumnius
270 1233 411 1282 dedisset.
465 1236 568 1273 Hinc
588 1235 722 1273 Graeci
742 1247 849 1274 more
868 1236 933 1274 suo
955 1237 1077 1284 mig&

111 1290 311 1330 fecerunt,
349 1294 387 1323 ut
416 1285 618 1334 Dionysius
641 1315 652 1330 ,
689 1286 905 1331 Diodorus,
943 1287 1082 1324 Plutar-

109 1339 207 1376 chus.
245 1337 439 1374 COLER.
493 1336 604 1374 Eidem
634 1340 710 1373 Deo
735 1339 843 1387 spolia
873 1340 1083 1387 consecravit.

110 1392 180 1426 Deo
213 1388 353 1426 omittit
381 1387 512 1436 Ultraj.
544 1388 613 1425 sec.
643 1389 680 1426 ὃς
708 1388 817 1426 Leid.
837 1389 922 1426 sext.
951 1391 989 1427 &
1017 1388 1085 1426 Ed.

109 1441 219 1488 Mog.
245 1436 479 1488 Hujufiemodi
492 1442 638 1490 generis.
658 1439 726 1477 Bit.
746 1440 1086 1488 prim.Toll.Leid.

109 1491 176 1528 sec.
209 1492 246 1528 &
274 1489 380 1527 Leid.
411 1490 498 1528 sext.
534 1493 575 1527 In
607 1492 708 1526 aciem
739 1491 919 1542 congressus
954 1491 1086 1540 Copes.

113 1540 221 1578 Leid.
243 1541 359 1590 quint.
390 1540 459 1578 Ed.
479 1541 578 1579 Ven.
600 1541 759 1579 Mediol.
775 1542 920 1580 Ascens.
943 1543 1086 1592 Gryph.

113 1592 238 1630 Colin.
257 1591 353 1629 Rob.
374 1591 499 1639 Steph.

161 1643 217 1681 18.
245 1645 366 1678 Ducem
390 1641 614 1693 Fidenatium]
635 1641 792 1691 Aliquot
817 1642 923 1681 MSS.
947 1642 1088 1680 Fidena-

105 1704 201 1738 tum,
228 1694 335 1742 pauci
355 1693 467 1731 etiam
498 1693 703 1742 disjunCte,
721 1692 792 1742 fide
822 1704 949 1732 natum.
1001 1695 1087 1732 Fuit

111 1755 202 1782 vero
224 1744 372 1793 proprie.
392 1744 473 1781 Rex
496 1745 702 1795 VeJ'entum
715 1772 726 1789 ‚
746 1746 785 1783 ὃς
806 1744 852 1782 ad
872 1756 959 1784 eum
983 1745 1088 1784 defe-

110 1803 234 1833 cerant
254 1794 467 1837 Fidenates,
499 1802 540 1833 ut
560 1804 694 1834 notum
716 1807 761 1833 ex
784 1796 910 1834 Livio.

161 1858 218 1892 19.
247 1846 314 1892 Qui
339 1848 467 1882 imitari
488 1849 660 1897 Romulum
686 1845 819 1897 valuit]
858 1847 902 1885 In
930 1845 1087 1884 Atreba-

107 1896 198 1935 tenfi
233 1898 273 1935 ὅ(
304 1896 584 1942 Gemblacenfi‚
612 1897 713 1948 Quod
745 1900 926 1947 Romulum
955 1898 1086 1934 imitari

107 1950 232 1985 valuit.
268 1948 407 1985 PIGH.
472 1947 571 1999 Quod
597 1950 776 1997 Romulum
807 1951 936 1986 imitari
962 1950 1086 1985 valuit.

109 1998 228 2036 Aldus
242 2026 252 2043 ,
280 1999 346 2047 Qui
369 2002 540 2048 Romulum
557 2001 687 2036 imitari
707 2001 831 2037 valuit.
867 2002 920 2038 Ar
940 2000 1087 2048 Pighius

112 2060 158 2086 ex
190 2048 273 2086 cod.
303 2050 535 2087 Atrebatenfi
564 2052 601 2088 ὃς
630 2050 778 2089 Gembl.
816 2051 1085 2089 rescribendum

108 2099 251 2148 putavit
270 2098 373 2147 Quod.
403 2101 628 2151 Habentque
651 2102 699 2139 ita
722 2102 761 2139 ὃς
784 2102 930 2140 codices
953 2101 1085 2139 Brand.

110 2148 289 2198 vetusque
340 2151 436 2198 typis
490 2151 671 2201 expreflus
723 2153 876 2190 Martini
933 2152 1087 2201 Herbip.

112 2199 309 2238 VORST.
347 2202 415 2248 Qui
440 2202 550 2239 etiam
570 2202 668 2239 ven.
691 2204 729 2240 ὅ(
749 2203 852 2241 Med.
882 2204 921 2240 &
943 2211 1088 2240 ceterae

112 2251 183 2289 Ed.
203 2258 345 2299 praeter
358 2251 581 2299 Mogunt.&
603 2253 862 2300 praescriptum
883 2253 1090 2301 plerorum-

113 2314 189 2352 que
211 2301 317 2338 MSS.
345 2313 412 2350 prO
433 2303 567 2347 valuit,
596 2303 764 2339 honnulll
783 2304 904 2338 voluit.

163 2365 222 2390 20.
251 2357 310 2387 Ne
333 2355 390 2388 M.
411 2351 542 2401 quidem
564 2354 725 2388 Marcelli
746 2351 951 2401 memoriam]
990 2353 1092 2390 Mar-

115 2403 225 2441 cellus
244 2402 369 2441 tertius
389 2404 459 2440 fuit
481 2415 611 2441 eorum
631 2403 694 2451 qui
720 2403 805 2449 Jovi
824 2403 986 2440 Feretrio
1009 2404 1092 2451 spo-

113 2454 160 2491 lia
179 2454 305 2503 opima
327 2453 503 2491 dicarunt.
540 2453 678 2490 Festus:
707 2455 891 2502 spoliorum
911 2455 1090 2504 opimorum

111 2516 210 2542 tanta
228 2507 354 2541 raritas
373 2507 444 2551 fuit
457 2533 465 2547 ‚
493 2517 529 2541 ut
550 2508 640 2541 intra
662 2519 765 2540 annos
780 2506 882 2553 paulo
906 2534 998 2542 .....
1025 2508 1089 2541 tri-

109 2570 153 2592 na
176 2559 372 2606 contigerint
397 2558 519 2591 nomini
543 2559 702 2602 Romano.
736 2570 801 2591 una
829 2569 914 2605 quae
932 2557 1088 2605 Romulus

111 2605 151 2644 de
173 2612 318 2648 <Acrone
332 2622 340 2641 :
369 2607 476 2642 altera
492 2636 501 2650 ‚
528 2621 612 2656 quae
634 2604 743 2654 Cossus
765 2608 936 2643 Cornelius
965 2605 1005 2642 de
1025 2609 1090 2643 To-

109 2660 256 2695 lumnio:
281 2659 382 2694 tertia
409 2671 493 2707 <June
523 2662 584 2694 M.
606 2657 793 2693 Marcellus
823 2656 914 2702 Jovi
943 2660 1088 2695 Feretrio

110 2707 150 2746 de
170 2707 383 2748 Viridomaro
399 2709 563 2755 fixerunt.
591 2708 782 2746 VORST.
822 2709 922 2746 Hinc
944 2710 981 2746 δί
1005 2720 1085 2746 me-

113 2762 234 2797 moria
252 2761 329 2809 ejus
348 2761 418 2796 hac
438 2759 640 2808 spoliorum
663 2759 879 2808 opimorum
902 2759 1088 2798 dicatione

114 2811 282 2848 maxime
305 2811 485 2848 indicatur
502 2811 539 2848 in
561 2811 734 2848 nummis.
769 2809 866 2847 Vide
887 2810 990 2848 Fulv.
1013 2812 1088 2849 Ur-

119 2860 238 2898 finum
262 2861 299 2898 in
320 2869 430 2908 gente
453 2861 607 2899 Claudia
623 2891 632 2905 ‚
660 2863 698 2898 &
719 2861 848 2898 confer
871 2861 927 2898 Cl.
946 2862 1088 2908 J.Gro-

118 2913 278 2949 novium
300 2912 352 2950 T.
369 2924 430 2949 111.
458 2913 547 2950 Ant.
569 2912 699 2949 Graec.
726 2919 793 2960 pro
814 2910 950 2949 dicavit.
980 2913 1086 2951 Leid.

118 2964 338 3053 gdmldoert‘
363 2963 458 3001 Ultr.
483 2965 550 3002 sec.
570 2963 639 3001 Bit.
662 2963 767 3013 prim.
795 2960 974 3002 dedica-vit.
1001 2975 1087 3003 cum

179 3044 187 3053 .
262 3024 322 3063 og.

1182 993 1241 1018 21.
1273 979 1345 1017 „Ab
1374 979 1426 1015 bis
1458 978 1631 1028 exemplis]
1664 978 1815 1027 Tertius
1836 980 1897 1016 hic
1918 980 1954 1016 in
1978 978 2107 1017 ordine

1135 1032 1205 1075 est,
1233 1031 1296 1081 qui
1329 1033 1455 1079 opima
1476 1031 1562 1077 Jovi
1585 1031 1750 1067 Feretrio
1771 1031 1926 1073 dicavit,
1955 1038 1996 1067 ut
2023 1031 2061 1068 &
2088 1031 2108 1067 ὲ

1134 1083 1239 1121 Festo
1262 1081 1480 1120 adnotatum
1497 1110 1506 1126 ,
1535 1082 1573 1119 δε
1594 1081 1754 1130 Virgilio
1776 1093 1930 1132 quoque
1951 1082 2048 1119 Aen.
2062 1094 2114 1120 vr..

1178 1162 1333 1212 &Aspice
1351 1174 1389 1198 ut
1407 1164 1544 1212 insignis
1558 1163 1678 1212 spoliis
1698 1164 1888 1199 Marcellus
1916 1164 2042 1212 opimis.

1181 1213 1381 1264 Ingreditur.

1136 1287 1329 1325 COLER.

1188 1351 1245 1376 22.
1261 1337 1377 1375 Eodem
1397 1336 1556 1388 virtutis]
1582 1338 1625 1376 In
1645 1338 1746 1376 sexto
1769 1338 1943 1389 exemplo
1965 1349 2111 1386 ponun-

1137 1397 1195 1426 tur
1228 1389 1304 1427 duo
1333 1390 1425 1434 x'Jiri‚
1454 1390 1503 1427 T.
1527 1388 1688 1427 Manlius
1710 1390 1950 1438 Torquatus,
1979 1390 2016 1426 ὃς
2037 1390 2113 1427 Va‹

1136 1440 1245 1478 lerius
1264 1441 1462 1478 Corvinus.
1515 1440 1592 1478 Ubi
1618 1439 1818 1488 legendum
1841 1441 1897 1476 Hi
1917 1441 2017 1475 etiam
2034 1451 2111 1489 pro<

1138 1494 1249 1528 vocati
1262 1519 1272 1536 ‚
1298 1492 1336 1529 in
1358 1490 1579 1529 nominandi
1599 1491 1679 1528 casu
1694 1519 1704 1535 ‚
1731 1499 1795 1529 aut
1809 1493 2039 1541 provocant-sis
2053 1519 2063 1534 ,
2077 1493 2111 1528 in

1139 1543 1343 1581 accusandi.
1395 1542 1557 1580 Historia
1585 1542 1770 1579 norissima
1803 1541 1850 1579 est
1873 1554 1918 1579 ex
1942 1541 2024 1578 Lib.
2045 1554 2115 1579 vu.

1141 1594 1242 1632 Livii
1261 1593 1436 1632 Decados
1457 1594 1597 1642 primae
1611 1621 1621 1636 ,
1650 1592 1781 1630 Manlii
1803 1603 1903 1630 anno
1933 1592 1978 1629 ab
1997 1593 2047 1629 U.
2070 1593 2113 1630 C.

1143 1657 1225 1694 304.
1256 1645 1395 1682 Valerii
1420 1644 1505 1691 406.
1533 1643 1805 1681 GLAREAN.
1857 1642 1976 1680 Eodem
2004 1647 2116 1680 virtuc

1140 1699 1185 1731 tis
1218 1705 1262 1732 ω’
1286 1706 1417 1746 pugnae
1438 1708 1569 1746 genere.
1597 1696 1687 1732 Hoc
1708 1694 1841 1732 vitium
1873 1705 1918 1731 ex
1941 1693 2116 1731 Editione

1139 1746 1314 1795 Pighiana
1337 1754 1578 1795 propagatum
1602 1745 1671 1782 fuit
1688 1745 1873 1786 invceteras
1887 1756 1994 1789 ‚cum
2009 1745 2114 1782 MSS.

1141 1798 1179 1835 δε
1201 1797 1289 1834 editi
1308 1797 1507 1840 haberent,
1526 1795 1718 1834 utValerii
1738 1796 1786 1834 est
1804 1807 1887 1833 mos
1901 1824 1911 1841 ‚
1931 1794 2050 1833 Eodem
2067 1804 2112 1832 ω’

1139 1850 1281 1885 virtutis
1303 1855 1348 1884 (9⁹
1366 1857 1498 1900 pugnae
1508 1861 1637 1898 genere.

1189 1911 1250 1949 23.
1278 1901 1440 1938 Valerius
1456 1898 1602 1948 Corvus]
1635 1898 1692 1936 Sic
1722 1897 1883 1947 reposuit
1901 1896 2048 1946 Pighius
2070 1910 2115 1935 ex

1139 1949 1269 1988 tabulis
1299 1950 1538 1999 Capitolinis,
1566 1950 1626 1986 ubi
1657 1948 1915 1986 correetiffime
1948 1948 2034 1986 dicit
2054 1960 2115 1986 ex-

1138 2000 1228 2038 stare
1260 2012 1402 2039 nomen
1433 2002 1509 2049 ejus
1544 2004 1599 2037 M.
1631 2002 1790 2036 Valerius
1821 2002 1968 2042 Corn-un
1999 2012 2115 2049 quum

1139 2051 1176 2088 in
1197 2052 1368 2089 omnibus
1392 2062 1722 2102 quorumcumque
1743 2049 1898 2098 vulgatis
1918 2050 2112 2087 auetorum

1141 2103 1411 2151 exemplaribus
1434 2102 1559 2151 paflim
1580 2102 1777 2139 recentiori
1799 2102 1836 2138 ὃ(
1858 2100 1971 2148 magis
1982 2099 2115 2138 usitato

1138 2153 1376 2192 Valeriorum
1417 2153 1646 2202 cognomine
1686 2155 1851 2189 Corvinus
1895 2150 2097 2199 appelletur
2106 2167 2117 2195 ;

1142 2215 1261 2252 quum
1279 2205 1328 2242 ita
1351 2205 1505 2241 demum
1528 2204 1697 2252 appellati
1720 2203 1787 2240 fint
1807 2203 1883 2251 ejus
1906 2201 2058 2250 posteri,
2081 2212 2119 2240 ut

1142 2254 1188 2290 ab
1207 2254 1308 2291 Albo
1323 2282 1332 2298 ‚
1358 2251 1485 2290 Craffo
1499 2280 1510 2296 ,
1523 2255 1627 2290 Rufo
1641 2281 1651 2297 ,
1665 2252 1788 2291 Albini
1803 2281 1812 2295 ‚
1827 2252 1978 2289 Craffini
1993 2280 2002 2296 ‚
2017 2253 2120 2290 Rufi-

1143 2303 1193 2340 ni.
1245 2303 1343 2340 Vide
1374 2305 1451 2351 ejus
1480 2304 1580 2340 Ann.
1603 2304 1646 2340 ad
1675 2304 1721 2340 A.
1743 2303 1866 2340 CDV.
1892 2303 1980 2340 hinc
2001 2303 2119 2351 pleriss

1143 2364 1216 2402 que
1235 2353 1548 2391 aiiisDoetiffimis
1560 2354 1657 2391 Viris
1670 2354 1788 2402 placet
1807 2358 2021 2401 cognomen
2043 2355 2117 2403 ejus

1142 2407 1270 2441 Corvus
1291 2405 1392 2442 scribi
1409 2416 1476 2452 pro
1497 2405 1654 2442 Cor-vino.
1707 2404 1869 2442 Consule
1899 2416 1993 2454 quos
2012 2416 2052 2441 ea
2072 2404 2115 2441 de

1142 2466 1182 2491 re
1208 2456 1294 2492 citat
1315 2456 1370 2492 CI.
1391 2455 1564 2492 Dukerus
1590 2455 1635 2492 ad
1667 2454 1763 2492 Flor.
1784 2455 1829 2491 L.
1855 2468 1884 2492 1.
1909 2467 1963 2504 13.
1990 2463 2114 2491 tamen

1142 2507 1254 2543 etiam
1287 2506 1348 2543 hic
1378 2517 1512 2544 omnes
1540 2517 1635 2554 quos
1669 2517 1740 2553 ego
1771 2506 1908 2554 inspexi
1931 2505 2110 2546 Codices,

1141 2567 1228 2594 eum
1250 2555 1489 2594 Remenfibus
1503 2584 1512 2600 ‚
1535 2555 1783 2608 Ultraj7Harl.
1795 2557 1862 2594 Bit.
1883 2557 1984 2594 Barb.
2004 2555 2111 2603 prim.

1141 2608 1237 2656 Cop.
1256 2607 1392 2645 habent
1412 2610 1590 2645 Corvinus.

1189 2671 1248 2706 24.
1274 2662 1331 2696 Hi
1358 2660 1443 2695 enim
1472 2661 1560 2695 ultro
1576 2668 1772 2708 provocatos
1792 2657 1926 2704 bostium
1948 2653 2038 2691 duces
2059 2655 2111 2691 in-

1140 2708 1352 2759 teremerunt]
1383 2709 1525 2749 Falsum
1554 2710 1627 2747 hoc
1654 2710 1698 2746 de
1718 2709 1771 2745 his
1796 2706 1976 2745 omnibus.
2030 2706 2112 2742 Nec

1140 2762 1241 2799 enim
1263 2762 1300 2799 hi
1328 2765 1626 2810 provocaverant
1647 2759 1803 2796 hostium
1825 2757 1953 2799 duces,
1981 2755 2037 2793 sed
2066 2756 2109 2793 ab

1140 2812 1220 2861 ipsis
1251 2812 1447 2861 provocati
1474 2812 1576 2855 sunt,
1612 2810 1710 2847 reete
1739 2809 1845 2856 igitur
1867 2806 1998 2844 Codex
2028 2807 2109 2844 MSl

1139 2863 1251 2900 habet
1268 2865 1452 2912 provocati.
1479 2862 1579 2900 Vide
1597 2861 1642 2898 de
1661 2860 1802 2897 duobus
1824 2858 2001 2906 prioribus
2026 2858 2109 2894 Liv.

1143 2914 1225 2951 Lib.
1246 2926 1316 2951 vn.
1338 2915 1384 2952 de
1408 2914 1578 2960 Scipione
1598 2911 1692 2959 Epit.
1715 2921 1849 2946 xrvm.
1872 2908 1966 2946 Flor.
1996 2909 2041 2945 L.
2063 2920 2107 2945 11.

1145 2977 1200 3010 17.
1241 2964 1275 3001 Si
1302 2972 1426 3002 tamen
1453 2965 1555 3012 Pigh.
1585 2963 1622 2998 in
1650 2961 1763 2998 MStis
1792 2960 1935 2997 invenit
1958 2987 1967 3002 ,
2005 2958 2108 3008 quod

1140 3016 1179 3054 in
1210 3016 1375 3066 margine
1400 3015 1511 3054 habet
1537 3023 1776 3064 provocantes,
1814 3010 1985 3060 equidem
2006 3021 2110 3058 prae-

1634 3063 1665 3100 G
1680 3074 1703 3111 g
1730 3075 1750 3100 2
1964 3060 2110 3097 ferrem,

2193 410 2282 454 surb.

2115 475 2183 500 53¹.
2212 466 2280 495 rm-

2113 505 2212 537 mich.
2240 510 2313 536 'rson

2119 743 2201 770 Anu.
2227 740 2293 770 urb.

2124 784 2229 826 392&
2242 793 2313 819 4041

1988 855 1989 858 Ἰ
2013 852 2019 859 ,
2123 826 2275 853 L1V.V11.

1971 851 2104 898 stium
2124 865 2208 894 Geli.
2233 873 2275 893 xx.

2124 908 2161 937 C.
2183 915 2229 936 xx.
2247 915 2295 940 ιι.
