2387 3421
275 113 1022 195 DEDICATIONES
1066 107 1199 187 „ET
1253 96 1986 169 PRAEFATIONES}

341 273 496 332 Geth.
526 266 652 341 Joh.
698 259 910 321 Voffius
948 257 1003 312 in
1041 254 1204 309 Libro
1239 249 1306 305 de
1341 242 1620 303 Historia-is
1664 196 1878 295 Latinis.

152 405 323 451 aleriam
349 399 619 450 Maximum,
654 391 725 451 qui
758 388 957 434 difforum
982 381 1274 443 fastorumque
1309 371 1634 419 memorabilium
1667 367 1789 413 libros
1829 379 1903 410 1x.
1937 364 2128 424 reliquit,
2156 362 2244 423 post

34 406 348 526 VVellejum
372 460 602 524 scripfiſje,
636 455 728 502 inde
761 449 1056 514 cognoscimus,
1089 443 1198 505 quod
1216 438 1394 497 Vellejus
1427 445 1636 494 tantopere
1669 433 1863 478 aduletur
1881 428 2043 489 Sejano.
2084 430 2248 487 Scripfit

39 538 163 598 igitur
196 535 230 576 is
258 528 468 589 fiiperstite
501 523 636 570 adhuc
671 519 827 579 Sejano.
895 516 964 560 At
997 511 1187 556 Valerius
1222 505 1320 550 Lib.
1359 517 1430 547 IX.
1465 513 1553 558 cap.
1597 513 1666 544 11.
1703 497 1924 555 Sejanum,
1945 493 2027 555 fid
2055 496 2253 554 exquistto

39 600 165 659 magis
187 586 386 640 adulandi
413 606 557 653 genere
591 600 731 632 nomen
754 581 1040 644 supprimens,
1073 575 1120 620 ob
1134 565 1724 633 perfidiam,&ambitionem
1756 561 2014 606 horribiliter
2048 559 2267 619 exagitat,

41 679 88 709 ac
123 660 290 706 tandem
324 658 444 704 addit
464 688 478 713 ‚
511 668 601 700 eum
635 652 740 696 omni
775 662 862 692 cum
887 644 1018 703 stirpe
1039 639 1123 700 sua
1150 638 1289 698 populi
1309 633 1493 680 Romani
1520 629 1690 690 pedibus
1725 627 1951 683 obtritum,
1985 628 2113 670 etiam
2149 623 2265 683 apud

44 725 226 786 inferos,
250 727 292 786 fi
322 734 461 768 tamen
495 721 590 764 illuc
625 723 805 771 receptus
840 709 920 768 est,
952 720 1056 766 quae
1090 712 1298 757 meretur,
1321 697 1530 760 supplicia
1557 692 1747 754 pendere.
1816 692 1982 750 Scripstt
2016 693 2143 750 igitur
2171 687 2258 748 post

43 791 183 851 Sejani
213 789 409 835 caedem:
453 795 591 840 nempe
627 778 817 824 extremis
853 769 1010 818 Tiberii
1041 765 1301 826 temporibus.
1369 762 1506 818 Stylus
1540 770 1677 804 tamen
1712 758 1790 800 vix
1818 753 1937 815 sapit
1983 765 2070 800 tam
2115 754 2259 798 bonum

45 870 212 902 aevum.
283 854 344 898 Ut
377 865 467 897 cum
500 850 543 892 in
572 844 772 906 prooemio
807 841 907 895 ait,
953 834 1065 881 Mea
1095 829 1290 895 parvitas
1323 823 1572 889 eo.justius
1606 821 1660 868 ad
1695 819 1896 867 favorem
1933 832 2067 864 tuum
2100 816 2261 863 decur-

49 921 171 967 rerit.
241 917 467 964 Sententias
502 926 653 973 quoque
687 907 861 953 nimium
897 898 1083 962 affeo‘tat.
1149 896 1383 954 Propterea
1418 889 1650 951 existimare
1684 889 1836 947 aliquis
1865 884 2013 944 poffit‚
2055 884 2160 929 hunc
2189 896 2263 942 po-

55 990 139 1031 tius
174 986 246 1045 effe
280 983 394 1027 illum
431 978 506 1024 M.
542 976 756 1021 Valerium
791 971 1035 1016 Maximum
1059 996 1074 1022 ‚
1120 962 1193 1022 qui
1224 974 1328 1004 anno
1365 955 1517 1014 Christi
1554 966 1735 999 chlv.
1783 966 1871 996 cum
1906 952 2122 1009 Volustszfio
2156 950 2264 1008 Imp.

57 1050 195 1107 constit
226 1049 384 1094 Romae
410 1043 532 1105 fuit,
576 1043 802 1097 iterumque
837 1048 907 1079 con
928 1032 1089 1077 alatum
1118 1025 1234 1088 geffit
1268 1038 1373 1069 anno
1408 1033 1599 1065 CCLV11
1623 1050 1636 1074 ‚
1679 1027 1724 1062 ut
1756 1033 1804 1062 ex
1840 1014 2053 1074 Onuphiio
2088 1014 2140 1065 {9³
2171 1017 2268 1060 aliis

58 1108 220 1171 constat.
288 1113 361 1158 lta
395 1109 501 1169 quod
532 1106 723 1151 Valerius
767 1103 809 1145 in
846 1094 1110 1157 praefatione
1153 1093 1249 1145 ait,
1292 1088 1562 1133 divinitatem
1606 1082 1692 1137 ejus
1728 1083 2029 1141 Imperatoris,
2074 1082 2138 1124 cui
2172 1092 2270 1138 opus

60 1172 172 1236 fitam
205 1178 339 1232 dicat,
368 1184 540 1233 paterno
575 1172 770 1227 avitoque
793 1163 925 1224 stderi
953 1173 1097 1220 parem
1130 1154 1299 1210 videri,
1333 1151 1379 1196 id
1410 1165 1488 1196 non
1521 1148 1568 1194 de
1599 1149 1746 1207 szio,
1785 1144 1994 1207 Augusto,
2031 1141 2272 1202 Tiberioque

56 1239 187 1303 'accipi
219 1242 402 1288 (lebebits
427 1236 506 1299 sed
536 1236 584 1281 de
619 1228 936 1292 Imperatoribus
971 1224 1104 1269 tribus
1127 1219 1380 1265 Gordiani55
1412 1229 1584 1275 quorum
1620 1213 1719 1257 duos
1754 1215 1796 1257 in
1822 1209 1979 1271 Africa
2008 1219 2162 1254 creatos
2183 1210 2274 1255 Im-

59 1319 268 1371 peratores
294 1305 638 1348 Adaximinianus
673 1294 843 1349 occidit3
878 1292 1026 1337 tertius
1059 1302 1157 1332 vero
1184 1284 1335 1344 prioris
1369 1293 1511 1336 nevos,
1547 1279 1720 1322 alterius
1742 1277 1863 1335 filius
1889 1274 2013 1335 fait‚·
2045 1277 2114 1334 qui
2148 1277 2275 1334 inipe-

67 1390 161 1420 rare
193 1373 317 1431 coepit
353 1384 456 1413 aimo
494 1375 801 1412 ccuxxxvm.
866 1358 961 1418 Quo
992 1354 1041 1399 de
1074 1350 1282 1397 Gordiano
1315 1350 1377 1392 ita
1414 1344 1669 1403 Capitolinus
1705 1345 1747 1386 in
1770 1343 1973 1386 Maximo
1999 1339 2051 1390 &³
2078 1341 2276 1398 Pupieno:

70 1440 242 1500 Neque
277 1449 476 1495 uuquam
511 1428 741 1493 quisquam
778 1425 825 1468 in
856 1422 931 1467 illa
965 1430 1109 1464 aetate
1146 1413 1206 1461 fic
1244 1426 1416 1458 amatus
1451 1407 1515 1454 est
1536 1441 1550 1465 2
1597 1406 1762 1451 merito
1797 1405 1869 1451 avi
1893 1438 1908 1463 ‚
1953 1403 2001 1450 &
2030 1403 2273 1462 avunculi,

71 1503 142 1549 seu
179 1499 343 1564 patris,
378 1511 430 1542 ut
466 1494 646 1559 quidam
682 1490 866 1545 dicunt,
903 1485 980 1548 qui
1015 1498 1099 1545 pro
1133 1478 1309 1543 populo
1343 1478 1563 1523 Romano
1597 1482 1758 1518 contra
1783 1469 2048 1516 Maximum
2084 1469 2130 1514 in
2154 1467 2279 1514 Afri-

74 1584 126 1614 ca
159 1567 299 1613 vitam
337 1561 557 1608 finierant.
626 1557 705 1602 Sed
735 1569 836 1601 cave
867 1551 966 1596 haec
999 1549 1215 1608 decipiant.
1282 1541 1418 1589 Nihil
1449 1542 1557 1585 enim
1591 1539 1733 1583 verius
1755 1569 1771 1594 a
1816 1550 1943 1595 quam
1974 1534 2081 1580 hunc
2114 1535 2280 1580 Memo-

74 1634 269 1679 rabilium
298 1628 535 1687 scriptorem
570 1625 696 1668 mullo
731 1621 802 1680 effe
837 1617 1138 1676 antiquiorems
1173 1609 1335 1671 quando
1370 1606 1424 1658 {9⁷
1450 1606 1630 1661 Gellius,
1665 1605 1734 1664 qui
1765 1599 1847 1662 βψ
1881 1599 2106 1645 Hadriano
2141 1602 2282 1656 vixit,

76 1699 160 1758 ejus
201 1695 543 1740 [Memorabilium
577 1689 699 1734 libros
732 1685 910 1730 advocat
948 1680 1041 1724 Lib.
1075 1691 1161 1723 ΧΠ.
1197 1687 1285 1733 cap.
1320 1689 1363 1728 7.
1399 1672 1488 1717 Imo
1522 1678 1675 1714 certum
1709 1666 1791 1725 est,
1818 1664 1894 1723 sub
1917 1661 2076 1710 Tiberio
2111 1664 2287 1724 vixiffli:

80 1760 401 1823 quandoquidem
435 1756 514 1817 ipse
553 1755 640 1798 Lib.
662 1767 709 1796 11.
744 1763 830 1808 cap.
857 1745 897 1793 8.
933 1745 977 1803 se
1001 1746 1151 1803 Afiam
1185 1754 1274 1785 cum
1309 1741 1403 1782 Sex.
1439 1732 1635 1793 Pompejo
1663 1732 1824 1792 petiiffii
1857 1730 1969 1776 dicit.
2040 1729 2117 1789 Est
2145 1740 2285 1774 autem

83 1831 118 1872 is
156 1828 306 1873 Sextus
343 1821 586 1880 Pompcjus,
621 1820 690 1878 qui
724 1830 812 1860 cum
848 1815 936 1856 Sex.
976 1806 1173 1867 Appulejo
1207 1804 1454 1858 consulatum
1482 1798 1620 1862 gestit,
1654 1798 1760 1856 eopse
1795 1811 1928 1854 anno,
1972 1810 2048 1856 quo
2077 1793 2288 1855 Augustus

83 1891 237 1953 Caesar
270 1892 368 1934 vita
402 1886 584 1944 exceffit‚
617 1885 729 1942 eique
750 1876 934 1924 wimiis
959 1872 1155 1934 sticceffit.
1225 1872 1292 1915 Ac
1325 1864 1496 1927 confides
1529 1862 1596 1924 esti
1624 1861 1771 1923 fuere,
1807 1863 1878 1922 qui
1905 1861 2034 1919 primi
2067 1862 2110 1906 in
2132 1860 2291 1905 Tiberii

82 1957 214 2002 verba
238 1955 442 2013 jurarunt
455 1968 472 1999 ‚·
506 1964 622 2008 eoque
644 1945 796 1990 nomine
822 1937 982 1986 Tiberio
994 1934 1291 1999 fuerefhmper
1309 1929 1594 1991 acceptiffimi:
1628 1936 1675 1972 ut
1697 1943 1744 1971 ex
1772 1928 1929 1981 Dione,
1953 1925 2130 1981 Tacito,
2165 1926 2263 1970 aliis
2279 1957 2295 1982 ‚

85 2020 253 2075 constat.
288 2021 425 2062 Etiam
447 2024 624 2059 aetatem
645 2008 810 2064 ostendit
832 2008 938 2052 locus
956 2004 1025 2064 iste
1064 2003 1152 2047 Lib.
1168 2017 1210 2046 v.
1236 2012 1322 2058 cap.
1338 1995 1381 2043 8.
1408 1996 1595 2041 Marcus
1612 1991 1871 2048 Antonius,
1899 2005 2089 2036 avorum
2115 1987 2295 2034 nostro-

86 2101 187 2131 rum
223 2080 504 2144 temporibus
527 2074 782 2123 clariffimus
805 2084 971 2116 orator.
1007 2069 1140 2122 Item,
1176 2080 1257 2125 qua
1292 2062 1414 2123 Julio
1439 2059 1492 2110 ὃ
1510 2057 1696 2118 Augusto
1718 2058 1990 2116 affintatum,
2015 2057 2174 2112 oratio,
2198 2055 2293 2100 Lib.

89 2167 173 2196 vn.
209 2163 294 2210 cap.
311 2153 357 2192 6.
377 2145 558 2197 &alibi
595 2145 697 2186 Item
725 2137 830 2198 quod
846 2139 889 2180 in
905 2136 1092 2196 gratiam
1117 2131 1277 2175 Tiberii
1299 2130 1481 2172 Brutum
1508 2133 1630 2168 vocat
1650 2121 1910 2182 parricidam
1946 2120 2039 2164 Lib.
2062 2135 2120 2164 vi
2146 2133 2288 2180 cap.4.

89 2209 501 2277 quemadmodum&
530 2208 608 2252 Lib
644 2222 677 2249 1.
699 2216 783 2262 cap.
809 2200 852 2247 8.
883 2203 974 2256 ait,
1011 2203 1054 2243 C.
1077 2196 1256 2253 Caffium
1292 2204 1501 2251 nunquam
1522 2191 1613 2249 stne
1642 2185 1905 2247 praefatione
1935 2185 2086 2244 publici
2111 2187 2292 2242 parrici-

90 2284 151 2326 dii
184 2276 484 2325 nomfnandum.
518 2285 652 2330 nempe
687 2272 748 2313 ita
773 2266 851 2325 sub
887 2261 1046 2308 Tiberio
1081 2263 1189 2321 loqui
1217 2258 1359 2316 necfffi’
1381 2265 1485 2300 erat.
1531 2252 1665 2314 Quod
1691 2253 1765 2296 illa
1796 2253 1925 2296 etiam
1948 2252 2154 2294 Cremutii
2172 2250 2297 2296 Cordi

91 2348 251 2407 querela
286 2341 450 2398 ostendit
484 2337 593 2396 apud
623 2336 820 2378 Tacitum
858 2329 1090 2373 Annalium
1127 2325 1223 2370 Lib.
1245 2337 1312 2366 lv.
1345 2320 1486 2365 Titus
1521 2317 1683 2362 Livius
1719 2313 1810 2360 Cn.
1844 2315 2120 2376 Pompejum
2159 2314 2292 2360 tantis

91 2400 304 2458 laudibus‘
327 2404 522 2460 extulit,
558 2397 949 2458 utpompejanum
984 2407 1089 2437 eum
1126 2385 1358 2450 Augustus
1391 2381 1661 2444 appellaret:
1699 2394 1844 2441 neque
1878 2378 1923 2423 id
1957 2379 2183 2424 amicitiae
2217 2393 2296 2424 eo-

95 2493 194 2523 rum
229 2470 401 2518 offecit.
448 2466 711 2529 Scipionem
747 2459 1044 2513 Africanum,
1077 2454 1201 2498 hunc
1237 2448 1381 2513 ipsum
1401 2444 1630 2502 Caffium,
1667 2443 1789 2488 hune
1815 2444 2041 2500 Brutum,
2077 2442 2294 2506 nusquam

95 2545 284 2589 'im-ones
307 2570 320 2593 ,
362 2533 409 2579 &
443 2527 683 2596 parricidas
707 2560 721 2584 ,
767 2537 879 2586 quae
914 2535 1036 2566 nune
1071 2516 1291 2563 voeabula
1325 2514 1627 2574 imponuntur
1650 2541 1664 2565 ,
1701 2506 1824 2570 saepe
1858 2520 1910 2553 ut
1944 2505 2138 2572 infignes
2171 2508 2293 2554 viros

92 2605 308 2654 nominat.
344 2602 575 2645 Cremutius
606 2595 673 2640 ille
708 2607 732 2636 a
757 2587 916 2635 Tiberio
940 2587 1160 2631 damnatus
1184 2580 1306 2642 fuit,
1341 2578 1514 2637 librique
1548 2574 1631 2631 ejus
1664 2587 1736 2633 per
1765 2573 1915 2618 aediles
1952 2575 2126 2619 cremati
2137 2590 2157 2622 ,·
2189 2573 2301 2634 quod

94 2673 213 2718 editis
246 2666 463 2712 annalibus
488 2696 501 2719 ‚
547 2659 793 2718 laudatoque
833 2654 905 2697 M.
945 2655 1107 2706 Bruto,
1154 2651 1201 2693 C.
1238 2643 1416 2702 Caffium
1452 2644 1737 2686 Romanorum
1771 2639 1963 2684 ultimum
1997 2638 2162 2698 dixiffet
2186 2655 2206 2687 ,-
2249 2648 2297 2683 ut

94 2737 237 2783 ibidem
268 2727 432 2776 Tacitus
468 2731 545 2772 ait.
612 2722 743 2789 Qiod
772 2724 803 2779 fi
837 2720 926 2779 quis
960 2715 1153 2770 obieetet,
1189 2713 1339 2756 mirum
1373 2710 1503 2768 igitur
1536 2704 1610 2763 effe
1635 2736 1648 2762 ,
1684 2706 1725 2763 st
1759 2706 1794 2748 is
1816 2737 1830 2761 ‚
1876 2707 1944 2765 qui
1969 2703 2169 2764 Augustei
2201 2709 2299 2751 aevi

96 2800 244 2862 consuli
266 2795 503 2856 familiaris
528 2791 651 2851 fuit,
692 2788 863 2832 die‘iione
897 2792 1072 2837 utatur,
1107 2778 1240 2840 qualis
1263 2771 1523 2837 sesquiseculi
1548 2768 1634 2830 post
1657 2767 1774 2830 fuit:
1803 2771 1989 2829 primum
2019 2768 2185 2826 dicam,
2231 2785 2302 2818 nec

97 2869 165 2912 illo
199 2878 298 2908 aevo
332 2873 462 2905 omnes
496 2856 596 2915 teise
625 2853 736 2914 satis
770 2853 931 2897 locutos.
967 2861 1063 2892 nam
1096 2843 1149 2895 ἔθ’
1170 2841 1266 2902 jam
1304 2841 1441 2885 Cicero
1475 2838 1517 2882 in
1553 2839 1682 2881 Bruto
1717 2836 1979 2895 conqueritur
1999 2864 2014 2888 ‚
2055 2833 2161 2894 quod
2192 2849 2301 2880 rece-

90 2933 177 2992 ptis
207 2930 248 2971 in
283 2928 495 2970 civitatem
530 2930 589 2966 tot
624 2921 800 2973 exteris,
836 2913 1039 2972 corrumpi
1072 2907 1264 2969 coepiffet
1284 2907 1455 2952 nativus
1489 2904 1558 2948 ille
1591 2902 1691 2946 color
1712 2899 1912 2962 sermonis
1937 2899 2132 2943 Romani.
2173 2899 2306 2961 Quod
2368 2951 2370 2953 Ι

90 3001 129 3056 fi
165 2991 269 3037 illud
299 2992 428 3033 minus
454 2984 675 3048 satisfacit
698 3016 712 3041 ,
762 2981 862 3042 quid
882 2983 922 3039 fi
957 2978 1091 3023 dicam
1115 3008 1130 3032 ,
1173 2971 1367 3032 fortaffl’,
1401 2979 1448 3015 ut
1484 2983 1560 3014 non
1594 2963 1767 3028 Trogum
1789 2997 1803 3022 ,
1835 2962 1915 3025 sed
1945 2964 2140 3024 epitomen
2177 2963 2300 3029 Trogi

102 3061 321 3113 babemus,
355 3057 416 3099 ita
451 3069 518 3098 nec
553 3051 774 3098 Valerium
809 3045 990 3108 exstare,
1012 3041 1093 3105 fid
1124 3041 1320 3102 epitomen
1353 3035 1468 3097 ejus,
1501 3047 1626 3097 quam
1648 3031 1793 3093 Julius
1822 3029 1957 3076 Paris
1986 3032 2306 3080 concinnaverit.

2181 3095 2308 3148 Nam
