2516 3509
191 69 756 131 EXEch-Ano
801 73 907 130 AD
947 48 1647 141 VAL.MAX.L1B.v11.
1681 82 1966 146 ciavn.
1999 91 2106 165 899

113 169 224 216 haec
257 168 436 215 libertas
469 167 549 215 diu
579 169 699 232 apud
731 172 968 221 Romanos
1001 175 1181 226 videtur
1214 179 1467 230 obtinuisse,
1534 184 1600 231 At
1634 202 1770 245 cum,
1803 200 1856 235 ut
1890 188 1988 236 fieri
2021 191 2099 237 ad-

113 232 250 290 solet,
284 233 492 279 homi-nes
524 232 599 279 illa
623 234 940 298 abuterentur,
975 256 1040 287 res
1064 242 1154 305 ipsa
1184 243 1338 303 suasit,
1371 260 1424 294 ut
1446 248 1519 294 illa
1541 250 1933 314 coangustaretur,
1954 246 2095 318 quod

115 296 283 343 faotum
321 295 390 362 *est
423 297 716 360 prudentium
760 300 1167 366 interpretatione,
1218 307 1464 373 legumque
1495 312 1544 358 &
1571 315 1674 375 jura
1716 317 2090 366 constituentium

114 360 418 418 auctoritate,
463 364 505 407 d.
549 364 578 408 l.
617 378 715 410 120.
764 368 823 410 D.
866 369 914 412 cle
946 371 1107 416 verbor.
1131 374 1426 433 fignification.
1459 375 1594 438 idque
1626 378 1792 426 accidit
1825 397 2006 445 quoque
2040 386 2088 431 in

117 425 336 487 exemplis
369 425 579 473 omnibus
614 427 692 473 hic
727 428 901 489 relatis,
935 434 1084 494 primo
1118 448 1331 499 exceptO.

137 490 389 535 «Honorem
422 490 694 553 hereditatis]
722 493 799 539 Sic
831 494 1000 541 dicitur
1034 498 1181 545 honor
1215 502 1424 564 proprius
1457 503 1571 549 l.26.
1598 518 1666 562 pr.
1690 508 1750 551 D.
1773 512 1816 567 st
1845 512 1931 568 quls
1966 514 2093 572 omzff.

115 552 223 613 caeſs
257 554 484 614 testament.
516 556 604 607 &a
653 556 702 602 &t
749 557 898 604 honor
942 560 996 606 ad
1039 563 1234 626 aliquem
1280 566 1513 627 pervenire
1564 567 1780 616 Ciceroni
1814 585 1891 630 pro
1923 576 2098 638 Queri.

116 632 202 677 cap.
237 617 418 679 4.-Cui
463 620 718 682 opponitur
760 623 1052 671 exheredatio
1075 660 1090 685 ,
1133 641 1412 692 vocaturque
1443 631 1604 694 injuria
1638 630 1839 697 Ulpiano
1884 640 1910 682 l.
1950 645 1989 684 ὅ.
2029 655 2096 698 pr.

116 684 178 727 D.
212 684 259 728 de
289 681 492 743 irzcfficioss
524 684 751 743 testament.
795 686 911 750 Cajo
945 692 973 734 l.
997 706 1039 749 4.
1084 695 1141 736 D.
1176 694 1257 738 eod.
1291 698 1361 739 tit.
1397 696 1633 755 Justiniarm
1666 701 1694 742 l.
1728 714 1773 758 4.
1824 703 1868 743 C.
1902 703 1949 747 de
1981 696 2098 749 liber.

110 751 331 806 praeterit.
366 748 644 794 contumelia
666 749 884 796 Cornelio
897 753 1080 815 Nepoti
1105 757 1149 799 T
1145 756 1361 818 hemistocl.
1396 755 1482 818 eap.
1507 775 1543 804 1.
1578 760 1763 822 plenum
1796 768 2098 814 contumeliae

116 810 364 856 ludibrium
398 812 583 858 Valerio
628 814 780 859 nostro
825 829 912 875 cap.
940 816 1028 878 seq.
1074 836 1133 864 ex.
1170 836 1214 874 9.
1282 820 1417 866 Plura
1459 821 1583 869 dabit
1625 830 1729 870 ‘ante
1763 825 1961 875 laudatus
1986 832 2097 891 Joh.

117 874 248 920 Fred.
286 875 551 927 Gronovius
586 878 645 922 ad
673 879 811 925 Senec.
846 882 893 923 de
926 886 1217 942 tranquillitas.
1253 888 1381 930 anim.
1417 900 1502 945 cap.
1545 903 1613 933 11.

184 939 222 983 Ι.
269 942 380 984 Aliis
412 940 623 986 heredibus
643 942 836 1004 seriptis]
875 944 930 989 In
962 947 1102 1007 priori
1134 946 1278 994 fuerat
1312 947 1501 1011 scriptus
1537 950 1680 1010 filius,
1727 952 1798 998 sed
1831 969 1952 1017 pater
1987 958 2098 1005 illud

116 1014 369 1048 mutaverat
390 1036 405 1060 ,
452 1016 504 1049 ut
537 1004 674 1051 docet
707 1007 842 1052 etiam
879 1007 1047 1054 Cicero
1081 1012 1130 1055 cle
1161 1014 1332 1058 Orator.
1366 1015 1434 1058 lie.
1480 1030 1514 1059 1.
1548 1030 1633 1074 cap.
1672 1018 1739 1077 38.
1786 1020 1986 1083 adeoque
2020 1039 2100 1085 per

117 1066 337 1129 posterius
372 1080 464 1112 crat
499 1067 904 1132 sublatumprius,
940 1089 1033 1119 non
1058 1073 1288 1135 obstante,
1324 1077 1448 1139 quod
1483 1079 1527 1124 in
1562 1079 1756 1126 secundo
1791 1083 1895 1129 efl'et
1924 1102 2095 1146 praete-

117 1119 231 1177 ritus
267 1131 415 1189 filius,
444 1131 499 1176 de
533 1149 625 1194 quo
660 1150 794 1180 rnoxx
994 1186 997 1189 ,

184 1197 358 1241 Coastes
389 1197 441 1256 est
476 1213 518 1241 m
541 1196 639 1257 foro
671 1209 857 1260 tegetem
886 1202 1041 1262 ingredi
1073 1203 1292 1264 militiam]
1325 1205 1392 1250 Ita
1415 1207 1617 1252 occurrit
1640 1207 1776 1254 hostis
1802 1221 1982 1275 togatus
2005 1230 2090 1274 cap.

105 1258 205 1320 fi>qr
240 1277 304 1305 ex.
341 1277 382 1315 7.
418 1272 428 1284 ⁰
453 1260 586 1307 Nota
627 1261 691 1307 est
725 1264 859 1309 etiam
894 1265 1054 1311 militia
1086 1267 1410 1314 advocatorum
1446 1271 1505 1316 ab
1525 1271 1877 1333 Imperatoribus
1913 1279 2094 1340 copiose

115 1322 336 1369 celebrata
369 1327 411 1369 iri
445 1327 471 1370 l.
517 1342 584 1386 14.
620 1330 666 1371 C.
699 1328 748 1372 de
780 1330 974 1374 advocat.
1007 1331 1201 1392 diversor.
1220 1331 1414 1390 juclicior.
1460 1351 1593 1396 quam
1629 1352 1707 1380 nos
1741 1337 1850 1383 olim
1885 1355 1990 1386 cum
2025 1359 2092 1387 ar-

115 1400 235 1433 mata
268 1390 628 1450 comparavimus
661 1389 838 1452 speciali
873 1394 1096 1439 oratione.
1156 1394 1248 1440 Illis
1282 1411 1418 1455 vero,
1455 1399 1532 1460 qui
1563 1399 1962 1462 Jurisprudentiam
1998 1407 2093 1451 exi-

115 1451 298 1498 stimant
335 1452 579 1499 universam
614 1453 744 1500 simul
779 1456 863 1501 effe
897 1471 1044 1503 natam
1079 1475 1130 1503 ac
1164 1458 1437 1519 absolutam,
1473 1478 1563 1507 non
1598 1466 1766 1525 poterit
1800 1483 1892 1512 non
1928 1469 2092 1516 mirum

117 1516 286 1573 videri,
321 1519 398 1579 qui
433 1517 528 1563 fieri
566 1520 791 1580 potuerit,
829 1535 880 1566 ut
916 1522 1024 1567 huic
1061 1522 1224 1581 militi,
1274 1524 1344 1569 vel
1380 1538 1587 1571 veterano
1613 1561 1627 1585 ,
1682 1528 1780 1574 lites
1822 1530 1988 1577 fuerint
2030 1533 2093 1578 se-

115 1581 352 1641 quendae,
396 1582 665 1646 judicioque
711 1587 1078 1632 contendendum
1123 1587 1178 1633 de
1223 1588 1470 1634 hereditate
1515 1590 1577 1635 sui
1622 1594 1782 1652 patris,
1818 1611 1923 1640 cum
1968 1611 2092 1642 certo

114 1643 250 1691 fucrit
286 1647 451 1691 certius
488 1648 622 1692 etiam
670 1646 937 1695 florentibus
984 1651 1142 1696 nostris
1187 1652 1411 1698 veteribus
1446 1654 1812 1716 Jurisconsultis,
1865 1658 2093 1706 filiofami-

115 1710 190 1755 lias
224 1727 248 1754 a
283 1722 408 1770 patre
443 1713 713 1772 praeterito,
747 1712 923 1757 nullum
959 1715 1044 1759 effe
1075 1715 1212 1776 patris
1247 1715 1560 1763 testamentum
1589 1732 1655 1777 pr.
1681 1721 1778 1779 [nst.
1805 1723 1851 1766 de
1875 1724 2095 1770 exheredar-

113 1776 212 1820 τίθη.
244 1775 400 1818 liberor.
436 1779 464 1819 ί.
507 1789 575 1836 30.
612 1777 674 1820 D.
709 1777 757 1821 de
787 1777 901 1822 liber.
938 1778 992 1828 {9³
1018 1778 1189 1837 postum—
1228 1781 1256 1823 l.
1289 1795 1323 1823 1.
1361 1783 1417 1824 D.
1455 1782 1502 1825 de
1535 1783 1670 1841 injust.
1703 1796 1813 1843 rapt.
1845 1789 1956 1832 irrit.
1980 1789 2093 1848 frist}

112 1836 342 1893 testarmrit.
370 1838 572 1901 adeoque
607 1839 728 1902 prius
763 1840 969 1903 vigorem
1003 1842 1131 1887 suum
1168 1843 1407 1889 retinuisse.
1430 1845 1578 1906 quales
1613 1845 1756 1892 causas
1789 1850 1835 1894 in
1870 1851 2087 1910 judicium

113 1902 265 1949 vocari
299 1904 392 1947 non
425 1901 562 1948 solere
597 1915 759 1949 notum
795 1905 885 1963 est,
921 1917 973 1951 ut
995 1906 1114 1967 apud
1151 1906 1422 1953 Ciceronem
1457 1908 1570 1955 dicit
1596 1912 1820 1958 Antonius
1843 1916 1890 1958 de
1913 1918 2088 1963 Oratore

113 1967 182 2013 hb.
228 1982 263 2010 1.
298 1981 383 2024 cap.
424 1982 493 2025 57.
532 1967 679 2013 multo
715 1970 856 2032 magis
889 1969 934 2014 id
968 1970 1211 2016 obscurum
1247 1970 1399 2017 iisdem
1435 1973 1518 2019 illis
1549 1975 1665 2032 erit,
1701 1992 1912 2038 quaenam
1949 1981 2083 2026 Vale-

112 2032 229 2076 rium
266 2030 527 2074 Nlaximurn
564 2030 689 2076 causa
724 2032 983 2094 impulerit,
1017 2048 1068 2078 ut
1105 2033 1237 2096 hujus
1265 2037 1464 2098 judicii,
1501 2054 1585 2084 ceu
1620 2038 1878 2101 fingularis,
1914 2060 2086 2090 memo-

111 2095 221 2139 riam
258 2093 311 2139 ad
344 2093 545 2156 posteros
579 2093 966 2142 transmittendam
999 2097 1084 2142 effe
1117 2098 1417 2159 existimaret,
1453 2102 1664 2164 exemplo
1699 2104 1834 2166 ipsius
1859 2106 2091 2157 Ciceronis

113 2159 161 2204 de
194 2160 366 2202 Orator.
401 2159 470 2203 lib.
491 2175 526 2203 1.
560 2172 645 2218 cap.
666 2157 734 2219 38.
769 2160 880 2211 adde
913 2161 1036 2222 quod
1073 2163 1240 2207 nemini
1274 2166 1406 2210 etiam
1444 2180 1577 2227 queat
1611 2167 1695 2213 esse
1727 2168 1945 2230 dubium,
1981 2175 2089 2234 quin
2116 2185 2119 2187 ’

113 2222 227 2269 nihil
248 2223 392 2267 minus
411 2221 607 2268 voluerit
641 2222 718 2268 hic
751 2224 1093 2286 paterfamilias,
1123 2243 1258 2289 quam
1295 2228 1440 2275 filium
1476 2231 1712 2292 proprium
1749 2232 1804 2278 ab
1840 2234 2084 2283 hereditate

114 2287 185 2332 sua
220 2286 466 2349 posteriore
499 2286 768 2333 testamento
793 2288 1052 2335 excludere:
1090 2304 1224 2352 atque
1245 2291 1354 2337 haec
1376 2292 1590 2340 voluntas
1617 2297 1855 2359 praecipue
1885 2299 2082 2362 spectan-

110 2351 165 2397 da
199 2351 283 2396 effe
316 2351 535 2397 videatur.
576 2363 621 2397 at
656 2351 867 2397 facillime
900 2352 1188 2400 difficultates
1221 2355 1294 2402 has
1330 2355 1552 2420 superabit
1575 2392 1589 2417 ,
1635 2360 1712 2423 qui
1758 2361 2078 2422 observaverit,

110 2416 426 2462 testamentum
460 2432 553 2462 non
587 2414 753 2462 absolvi
788 2416 875 2462 sola
910 2417 1181 2475 voluntate,
1228 2419 1298 2466 sed
1332 2424 1426 2483 ejus
1461 2422 1722 2482 testatione,
1768 2442 1818 2471 ac
1854 2427 1986 2487 justa,
2025 2427 2079 2472 fi-

40 2517 49 2539 :
107 2496 163 2526 ve
198 2480 371 2543 legibus
405 2481 701 2527 conveniente
736 2481 969 2540 sententia,
1002 2481 1075 2529 seu
1108 2482 1434 2542 declaratione,
1459 2487 1506 2532 ὅ(
1527 2488 1767 2534 attenderit
1799 2483 1852 2534 ad
1882 2490 1952 2535 illa
1976 2506 2075 2536 ver-

106 2544 165 2591 ba
196 2544 439 2591 duodecim
474 2545 751 2603 tabularum,
795 2550 860 2593 uti
887 2548 1076 2607 legaffit,
1114 2551 1178 2594 ita
1196 2550 1271 2608 je)r
1302 2551 1405 2609 esto,
1452 2550 1572 2613 quae
1594 2569 1684 2598 non
1716 2552 1762 2597 id
1796 2552 1977 2611 volunt,
2025 2567 2075 2600 ut

41 2638 43 2640 -
109 2607 375 2655 haefitemus
398 2610 517 2656 circa
537 2610 816 2674 probabilem
852 2610 1073 2658 testatoris
1107 2626 1325 2670 mentem,
1357 2615 1477 2661 unde
1501 2632 1579 2678 per
1612 2616 1652 2662 se
1685 2615 1792 2661 nulli
1828 2617 1931 2677 juris
1965 2616 2073 2662 effc-

107 2672 206 2720 &us
241 2673 424 2736 poffunt
456 2675 697 2738 consequi,
732 2675 868 2721 Grot.
892 2677 941 2722 de
959 2676 1057 2734 jur.
1078 2678 1169 2723 hell.
1200 2694 1248 2724 ac
1262 2693 1354 2738 pac.
1395 2681 1468 2725 lib.
1498 2696 1565 2726 11.
1596 2695 1681 2739 cap.
1708 2693 1748 2736 4.
1785 2688 1806 2733 §
1841 2693 1889 2739 ζ.-
1912 2693 1954 2726 at
1977 2697 2076 2728 ver-

109 2738 166 2784 ba
194 2738 397 2800 expressa
425 2738 784 2797 confideremuS,
819 2740 864 2785 in
898 2739 1060 2802 quibus
1095 2742 1274 2805 quando
1308 2760 1398 2789 non
1431 2744 1494 2789 est
1528 2744 1615 2789 ulla
1648 2743 1940 2806 ambiguitas,
1986 2761 2080 2792 non

107 2802 172 2848 est
206 2802 482 2849 admittenda
519 2803 766 2850 voluntatis
800 2803 1027 2866 quaestio,
1070 2808 1096 2851 l.
1133 2822 1204 2865 25.
1239 2816 1274 2863 §.
1316 2823 1353 2854 1.
1397 2810 1455 2852 D.
1495 2810 1543 2853 de
1583 2811 1701 2869 legat.
1742 2820 1780 2867 3.
1814 2806 1924 2852 adde
1954 2809 2079 2871 quod

103 2868 440 2931 mancipatione
472 2869 798 2931 interveniente
829 2869 1090 2917 testamenta
1124 2870 1233 2918 olim
1268 2872 1470 2918 ordinata
1504 2871 1611 2928 fint,
1656 2879 1692 2926 §.
1731 2885 1768 2916 ι.
1802 2872 1898 2932 Inst.
1940 2874 1987 2918 de
2018 2884 2080 2919 te-

90 2926 284 2991 stament.
324 2933 555 2980 Ordinand.
602 2935 770 2994 Ulpian.
803 2935 871 2980 tit.
907 2938 984 2982 2¹0.
1016 2943 1053 2991 §.
1077 2949 1120 2981 2.
1162 2952 1214 2982 ac
1249 2937 1398 2999 primo
1433 2935 1613 2999 quidem
1647 2933 1833 2981 testator
1864 2936 2078 3045 sarrsiiliam

1147 2999 1281 3047 Xxx
1324 3017 1399 3047 xx
1446 3015 1473 3047 2
1948 3015 2073 3057 [lama
