2516 3509
158 254 239 279 Ami.
263 246 329 276 iii'i.

160 296 206 322 87.
220 289 354 319 circiter.

158 331 262 360 Livius
285 338 308 357 r.

155 367 285 408 Dionys.
300 377 352 399 m.

158 706 240 734 Anii.
265 702 331 734 urb.
476 721 482 727 ·
640 722 645 728 -
724 720 729 727 -
1023 720 1030 726 .
1062 720 1069 726 .

157 755 226 783 4
249 746 356 777 Livius
369 719 601 784 placidum
630 719 838 783 judicem
873 719 1109 783 praestitit.

156 789 333 859 ξζῐξξξῗ·
369 798 549 847 Rostris
583 798 878 844 vehementer
913 799 1223 862 increparetur
1246 830 1261 855 ,
1312 793 1436 858 quod
1470 792 1798 840 Lusitanorum
1843 809 2054 857 magnam
2089 811 2272 842 manum
2308 797 2376 844 in-

156 871 188 900 &
210 872 305 900 Bruto
319 894 328 905 ,

155 912 189 942 ὅ(
209 920 236 950 p.
257 915 331 942 Mu-

154 963 230 983 rena
257 960 307 985 28.

150 995 202 1025 Ad
235 999 304 1027 Att.

368 149 474 216 696
639 140 1036 200 VALERII

1109 136 1504 195 MAXIMI
1582 134 1708 195 Lm}
1735 138 1904 200 VIII.
1961 140 2176 202 cml.

368 260 464 303 tus,
502 245 556 291 ad
592 244 818 308 populum
852 253 1108 308 provocato
1138 239 1317 307 judicio
1353 237 1579 286 absolutus
1614 237 1701 285 est.-

1781 239 1999 300 Qorum
2046 240 2238 289 alterum
2278 252 2293 281 5
2330 262 2374 291 a-

368 326 554 370 trocitas
588 325 709 371 necis
744 326 919 386 movit,
955 324 1148 371 alterum
1184 321 1328 369 cauffa
1363 320 1522 368 flexit:
1559 320 1662 383 quia
1697 319 1992 367 immaturum
2027 321 2214 384 virginis
2249 338 2374 369 amo-

369 420 462 449 rem
497 402 643 450 severe
676 406 845 467 inagis,
881 420 1016 468 quam
1054 403 1195 466 impie
1227 401 1443 465 punitum
1477 398 1778 445 existimabat.
1846 399 2005 462 Itaque
2041 396 2062 425 ⁶
2097 399 2207 447 forti
2239 404 2375 465 puni-

369 485 497 531 tione
532 484 717 543 liberata
751 486 896 533 Hatris
929 485 1141 543 dextera,
1176 495 1355 531 tantum

371 578 418 608 re
453 564 625 627 gloriae
661 566 838 611 haurire
875 565 1044 628 potuit.

1392 477 1755 544 consanguineo,
1793 491 2014 542 quantun]
2049 479 2202 528 hostili
2237 499 2372 530 cruo-

433 642 604 688 Acrem
638 640 678 687 se
713 656 826 688 tunc
862 641 1109 705 pudicitiae
1141 638 1377 687 custodem
1414 637 1612 700 populus
1634 637 1900 694 Romanus,
1935 636 2089 699 postea
2120 639 2219 701 plus
2254 641 2371 703 justo

1176 718 1300 764 Cum
1336 716 1361 762 a

1396 715 1579 762 Libone
1617 714 1723 761 trib.
1760 714 1879 780 pleb.
1923 721 1940 753 7
1978 716 2071 762 Ser,
2109 716 2257 765 Galba
2291 738 2373 784 pm

372 878 589 943 terpofita
623 877 713 924 fide
749 891 930 942 praetor
967 875 987 906 ‘0'
1025 880 1070 924 in
1092 876 1312 940 Hispania
1346 873 1670 933 interemisset,
1704 873 1964 937 aetionique
1999 873 2269 922 tribuniciae
2302 879 2377 925 M.

376 958 497 1005 Cato
530 958 716 1004 ultimae
751 957 1017 1021 semettutis,
1055 957 1259 1004 oratione
1291 953 1387 1013 sua,
1423 961 1444 992 9
1470 971 1606 1022 quam
1639 953 1686 999 in
1721 953 1937 1016 Origines
1972 952 2158 1013 retulit,
2190 955 2375 1003 subscri-

369 1036 497 1084 beret
529 1052 683 1084 :.1·eus
721 1053 804 1100 pro
837 1037 876 1084 se
905 1040 1001 1104 jam
1037 1036 1152 1086 nihil
1188 1033 1386 1082 recusans
1413 1067 1427 1094 ,
1469 1032 1681 1096 parvulos
1716 1031 1880 1079 liberos
1915 1030 2044 1094 suos3
2086 1039 2126 1060 ¹0
2164 1033 2213 1081 δί
2252 1036 2376 1085 Galli

425 1259 455 1295 3.
485 1246 617 1295 Quibus
638 1245 678 1282 de
696 1244 824 1295 cauffis]
854 1245 987 1295 Ultraj.
1013 1247 1120 1295 prim.
1145 1258 1206 1297 pro
1231 1245 1366 1296 quibus.

371 1296 492 1345 caustis.
520 1298 652 1346 Copes.
688 1298 809 1347 quibus
841 1311 882 1333 ex
913 1296 1035 1344 cauffi's.

420 1362 451 1394 Δ.
482 1350 644 1388 ςΛΤιιὶΙο
665 1363 738 1400 rege
757 1347 937 1384 damnatus
955 1347 1001 1384 ad
1014 1349 1172 1396 populum
1189 1359 1350 1396 provoca-

368 1408 402 1433 to
433 1398 555 1444 judicio
587 1399 758 1448 absolutus
786 1401 841 1448 est.
893 1401 1079 1436 Pro-vocare
1099 1398 1262 1448 judicium
1289 1400 1346 1436 in-

369 1449 486 1487 solens
507 1450 661 1500 phrafis;
691 1458 772 1487 tum
796 1449 877 1487 MS.
907 1461 985 1488 non
1007 1450 1171 1498 agnoscit
1192 1449 1231 1485 w*
1256 1449 1346 1493 iudi-

377 1503 435 1537 iio.
464 1502 501 1538 ὅ(
524 1501 571 1538 sic
593 1500 632 1537 τὲ
651 1511 829 1550 pro-nocato
852 1500 919 1538 erit
941 1501 1127 1549 eleganter
1155 1512 1223 1549 pro
1252 1501 1346 1549 post-

375 1563 488 1600 quam
519 1551 579 1588 vel
607 1563 692 1588 cum
721 1549 978 1600 provocasset,
1010 1551 1210 1600 quomodo
1239 1552 1347 1600 saepe

377 1603 462 1639 Liv.
490 1601 547 1638 fic.
587 1603 631 1638 L.
660 1614 772 1639 xxiii.
810 1614 840 1639 e.
869 1615 921 1648 14.
956 1604 1092 1652 latoque
1120 1601 1164 1638 ad
1191 1605 1348 1649 populum

377 1661 453 1689 eac.
480 1653 580 1689 Vide
612 1655 772 1690 omnino
803 1661 932 1691 notata
959 1665 1044 1690 mea
1073 1652 1117 1690 ad
1141 1653 1224 1690 Lib.
1252 1665 1348 1690 xx11.

383 1714 412 1740 C.
445 1716 502 1751 52.
530 1702 600 1740 Sed
625 1716 711 1741 V111.
738 1717 767 1742 1.
797 1717 852 1741 11.
880 1706 1005 1751 Septies
1030 1705 1215 1753 ampliatus
1235 1705 1351 1740 offam

376 1752 504 1802 judicio
533 1753 704 1802 absolutus
729 1757 786 1801 est.
814 1755 1058 1792 PERIZON.
1094 1757 1276 1791 provocato
1293 1761 1348 1801 jur

383 1805 467 1840 ditio
484 1805 628 1842 servant
650 1817 782 1842 omnes
803 1805 937 1849 nostri,
964 1803 1251 1854 sed&plerique
1272 1815 1352 1842 cor-

382 1864 488 1904 rupte
508 1857 619 1891 Tullio
643 1856 828 1893 exhibent.

435 1920 466 1954 ς.
503 1908 693 1947 αίινοῑίιαε
723 1909 808 1942 necis
841 1904 964 1954 movit]
1004 1905 1108 1942 Med.
1144 1905 1213 1943 sec.
1248 1905 1355 1943 Paris.

384 1966 474 1994 tert:
495 1956 601 1994 Leid.
628 1958 744 2007 quint.
776 1957 813 1994 ὃς
838 1957 968 2005 Copes.
997 1958 1136 1992 monuit.

447 2008 479 2044 6.
514 2010 610 2044 forti
644 2010 820 2056 punitione
858 2007 1001 2043 liberata
1032 2009 1160 2053 fratris
1196 2005 1354 2056 dextera]

387 2059 531 2096 Verum
554 2058 625 2101 est,
651 2059 800 2095 Libram.
829 2058 950 2095 LIPS.
981 2058 1150 2094 Liberata.
1190 2056 1356 2106 Lipfius:

388 2109 515 2145 librata
547 2111 682 2154 fratris.
717 2109 844 2146 lubens
878 2109 1080 2146 consentio.
1134 2109 1234 2146 Nam
1265 2109 1357 2146 alio-

390 2161 479 2208 quin
513 2159 636 2208 supina
666 2161 703 2197 3<
732 2160 876 2197 exsensa
904 2160 1081 2197 sermonis
1109 2171 1215 2197 mens
1247 2159 1356 2197 foret.

391 2211 585 2248 COLER.
628 2211 723 2246 Forti
746 2212 916 2259 punitione
943 2210 1070 2247 librata
1091 2213 1214 2257 fratris
1242 2209 1359 2246 dexte-

391 2276 442 2298 ra.
479 2261 622 2298 Librata
650 2273 716 2309 pro
750 2273 797 2298 co
822 2263 925 2310 quod
952 2263 989 2298 in
1020 2261 1127 2299 codd.
1148 2270 1226 2298 tam
1250 2262 1358 2298 MSS.

392 2324 506 2360 quam
532 2314 629 2360 typis
659 2313 824 2361 expressis
856 2313 903 2349 est
933 2313 1100 2357 liberata,
1125 2312 1357 2350 scribendum

389 2363 571 2412 „judicavit
602 2362 754 2411 Lipsius.
810 2363 925 2412 quue
947 2364 1101 2401 Colerus
1130 2363 1302 2400 audatster
1323 2365 1361 2401 δε

395 2416 433 2451 in
460 2422 604 2451 textum
632 2416 781 2461 recepit.
835 2414 962 2452 Sensus
991 2415 1101 2462 igitur
1122 2415 1252 2458 fuerit,
1278 2415 1361 2452 Ho-

398 2465 561 2508 ratium,
607 2463 695 2501 dum
734 2464 898 2501 sororem
937 2465 1119 2501 interfecit
1159 2477 1201 2502 ac
1230 2464 1277 2501 ob
1306 2466 1362 2502 in-

396 2515 658 2563 tempestivum
691 2526 861 2552 amorem
885 2514 1038 2552 Curiatii
1061 2515 1225 2562 punivit,
1252 2516 1300 2552 ita
1321 2515 1365 2552 li-

398 2564 512 2603 braffe
540 2565 726 2603 dexteram
743 2591 754 2607 ,
781 2573 821 2602 ut
840 2573 985 2602 tanturn
1008 2566 1147 2613 gloriae
1174 2566 1363 2611 sororem,

397 2626 581 2666 quantum
613 2616 820 2654 Curiatium
847 2616 1099 2654 interimendo
1130 2615 1281 2664 adeptus
1313 2616 1365 2654 fir.

396 2668 595 2707 VORST.
623 2667 766 2705 Gudius
795 2667 941 2704 videtur
969 2664 1133 2704 maluisse
1151 2668 1241 2712 serti
1269 2669 1366 2716 puni-

401 2722 485 2755 :ioni
505 2719 644 2755 librata.
659 2717 805 2756 Interea
826 2717 968 2754 liberata
992 2717 1240 2765 scripti,nullo
1260 2729 1367 2755 exce·

404 2776 470 2816 pto
486 2799 494 2812 ,
524 2771 705 2807 retinent:
732 2768 834 2820 quod
858 2780 905 2806 an
927 2768 1007 2805 satis
1027 2768 1226 2815 prudenter
1245 2777 1366 2806 muta-

404 2822 497 2857 verit
517 2821 672 2858 Colerus
692 2821 866 2871 equidem
887 2819 995 2856 valde
1015 2818 1157 2857 dubito.
1204 2821 1303 2856 Nam
1326 2823 1368 2855 li-

404 2873 518 2907 cerata
535 2899 543 2913 ,
572 2872 660 2920 quid
678 2880 780 2909 vetat
806 2872 867 2908 hic
898 2871 1065 2919 accipere
1091 2882 1159 2918 pro
1186 2870 1368 2918 absoluta?

404 2931 445 2958 nt
471 2924 506 2958 in
538 2922 610 2958 fine
636 2923 743 2971 hujus
769 2934 848 2971 cap.
878 2921 1030 2957 Liberare
1052 2922 1089 2958 ὃς
1106 2922 1223 2970 punire
1251 2932 1369 2969 oppo-

410 2980 553 3009 nuntur.
600 2973 689 3019 Quia
704 2976 771 3022 ipse
797 2986 900 3023 neque
915 2971 1055 3009 liberare
1073 2971 1225 3008 caedibus
1243 2971 1369 3008 duabus

406 3025 689 3068 :·2ntam1'natam‚
717 3039 820 3075 neque
839 3024 958 3075 punire
974 3037 1045 3059 eam
1074 3025 1156 3070 iusto
1173 3021 1282 3059 dolore
1311 3025 1376 3059 im-

408 3077 535 3123 v-ulsam
557 3075 715 3112 audebat.
742 3078 780 3114 ὅ(
804 3075 905 3115 eX.8.
927 3076 1050 3126 Magis
1072 3088 1147 3125 ergo
1171 3075 1320 3117 Valerius
1340 3075 1376 3112 in

2281 1112 2374 1163 san—

1403 1243 1550 1292 Cosconii
1571 1241 1775 1291 absolutione
1795 1240 1976 1278 damnatus
1990 1266 1998 1282 ‚
2029 1254 2129 1292 quam
2141 1244 2313 1291 Cosconius
2341 1246 2376 1281 in

1403 1294 1512 1343 caussa
1524 1298 1588 1340 sua
1607 1293 1768 1330 liberatus
1786 1296 1843 1340 est.
1862 1293 1911 1330 Et
1930 1291 1978 1329 fic
2001 1303 2184 1341 congruus
2203 1295 2271 1332 erit
2301 1295 2378 1334 sen-

1402 1346 1585 1394 sus.Dum
1600 1345 1699 1382 enim
1719 1343 1878 1393 populus
1897 1342 2019 1379 liberat
2036 1346 2131 1394 culpa
2149 1358 2283 1382 manum
2293 1347 2378 1385 H0-

1403 1397 1506 1441 ratii,
1526 1397 1564 1434 ἃ
1580 1397 1664 1445 jure
1685 1396 1825 1432 caesam
1846 1394 2012 1432 sororem
2040 1395 2116 1442 ejus
2137 1399 2374 1444 pronunciat,

1396 1450 1470 1486 hoc
1492 1447 1567 1496 ipso
1589 1446 1707 1495 gloria
1727 1447 1804 1494 ejus
1823 1444 1928 1483 auena
1946 1445 2064 1482 videri
2083 1447 2201 1494 potest
2219 1476 2230 1491 ,
2248 1450 2350 1497 quod
2365 1478 2374 1494 ‚

1399 1508 1438 1537 ut
1451 1498 1571 1536 vietor
1587 1497 1748 1535 hostium
1763 1528 1770 1540 ,
1784 1498 1832 1534 ita
1846 1508 1999 1546 quoque
2021 1496 2220 1544 pudicitiae
2237 1500 2376 1537 vindex

1400 1550 1594 1593 exstiterat,
1609 1548 1754 1586 fortiter
1764 1548 1919 1596 puniens
1930 1547 2230 1595 intempestivum
2243 1549 2374 1588 sororis

1401 1603 1724 1648 amorem.Quare
1746 1599 1782 1635 τέ
1804 1599 1946 1636 liberata
1960 1626 1969 1642 ,
1982 1598 2084 1647 quod
2102 1599 2181 1646 post
2194 1599 2374 1639 Colerum

1403 1653 1448 1690 ab
1472 1651 1695 1689 editionibus
1715 1649 1896 1687 exsulabat
1912 1678 1920 1692 ‚
1943 1648 2198 1687 revocandum
2220 1650 2318 1690 duxi.

1458 1713 1489 1748 7.
1527 1708 1597 1739 Ser.
1626 1700 1757 1750 Galba]
1799 1699 2041 1749 Sulpitiorum
2071 1711 2303 1748 praenomen
2329 1703 2378 1740 est

1406 1754 1543 1789 Servius
1558 1783 1566 1796 ,
1595 1765 1673 1789 non
1694 1754 1829 1801 Sergius
1845 1780 1854 1795 ‚
1875 1751 1978 1799 quod
1999 1763 2143 1788 nornen
2172 1764 2249 1789 non
2270 1756 2378 1801 prae-

1405 1815 1550 1840 nomen
1594 1804 1651 1839 est.
1706 1803 1777 1840 Scd
1806 1801 1930 1839 multis
1961 1803 2033 1843 iam
2062 1802 2239 1840 aetatibus
2262 1815 2380 1842 nemo

1404 1854 1498 1891 haec
1526 1854 1692 1891 attendit.
1722 1855 1775 1890 lta
1803 1854 1939 1902 Sergius
1966 1864 2035 1900 pro
2054 1854 2215 1898 Servius,
2245 1856 2381 1892 Tullius

1405 1916 1473 1953 pro
1495 1906 1612 1941 Tullus
1633 1906 1670 1942 ὅ(
1691 1913 1829 1941 contra.
1867 1904 1932 1940 Ita.
1965 1905 2083 1938 Decius
2105 1915 2172 1951 pro
2195 1907 2355 1942 Decimus
2369 1935 2380 1951 ,

1406 1961 1532 1992 Sextus
1563 1966 1631 2003 pro
1660 1958 1817 1996 Sextius,
1857 1955 1895 1991 &
1923 1954 2052 1990 omnia
2084 1962 2212 1993 contra
2245 1956 2283 1993 in
2314 1958 2379 1995 usu

1408 2017 1488 2043 non
1518 2013 1749 2043 attentorum
1779 2004 1990 2053 aliquandiu
2019 2005 2180 2042 fuerunt.
2221 2007 2282 2044 Ne
2310 2008 2381 2046 ho-

1409 2057 1467 2093 die
1493 2056 1647 2105 quidem
1675 2056 1755 2094 satis
1783 2055 1976 2103 diligenter
2004 2056 2096 2092 haec
2119 2055 2380 2097 discernuntur.

1411 2108 1471 2144 De
1501 2108 1577 2144 hoc
1606 2107 1753 2155 Sulpicio
1777 2106 1885 2155 igitur
1915 2106 2044 2144 Florus
2072 2106 2110 2142 in
2131 2107 2231 2145 Livii
2251 2109 2385 2157 Epito-

1409 2170 1471 2195 me
1503 2159 1590 2195 Lib.
1616 2170 1726 2196 xtrx.
1753 2158 1791 2194 ἃ
1822 2158 1956 2194 Cicero
1990 2157 2035 2194 de
2065 2156 2179 2195 Claris
2210 2160 2381 2198 Oratori-

1409 2210 1485 2246 bus.
1546 2211 1674 2257 Quem
1713 2220 1805 2246 vero
1832 2209 1893 2245 hic
1923 2207 2073 2245 Gallum
2106 2218 2219 2247 vocat
2247 2210 2277 2247 is
2306 2212 2377 2255 est,

1412 2261 1476 2310 qui
1515 2260 1600 2298 Cos.
1637 2260 1707 2296 fuit
1739 2271 1839 2296 anno
1878 2258 1961 2307 588.
2002 2270 2088 2296 cum
2126 2261 2181 2297 M.
2222 2260 2381 2301 Claudio

1414 2311 1628 2348 Marcello:
1675 2322 1753 2357 quo
1788 2321 1887 2348 anno
1920 2310 2091 2348 Terentii
2116 2311 2257 2349 Andria
2286 2312 2384 2351 edita

1415 2362 1485 2400 est:
1516 2361 1562 2399 de
1584 2373 1661 2410 quo
1686 2361 1841 2409 Sulpitio
1864 2360 1972 2398 Gallo
1993 2360 2110 2398 multa
2135 2362 2183 2399 est
2205 2363 2303 2411 apud
2320 2376 2385 2402 au-

1414 2414 1540 2450 thores
1572 2414 1730 2450 mentio.
1783 2411 1887 2449 Bello
1917 2413 2017 2449 enirn
2038 2412 2291 2451 Macedonico
2318 2415 2383 2452 ad-

1417 2464 1539 2502 versus
1554 2463 1683 2500 Persea
1705 2462 1863 2512 Eclipfin
1881 2463 1962 2500 solis
1980 2463 2219 2511 praedixerat.
2270 2465 2386 2504 Com-

1417 2522 1645 2557 mentatores
1691 2514 1785 2552 mire
1814 2513 1968 2551 miscent
1990 2543 2000 2558 ‚
2046 2526 2307 2565 quaecumque
2342 2516 2388 2554 de

1419 2566 1576 2615 Sulpitiis
1595 2565 1785 2614 legerunt:
1814 2563 1987 2614 pleraque
2006 2564 2095 2601 nihil
2115 2565 2158 2602 ad
2177 2577 2256 2603 rem
2271 2596 2281 2612 ‚
2303 2568 2384 2605 imo

1419 2626 1548 2655 contra
1577 2617 1757 2663 temporis
1785 2617 1971 2653 rationem
1992 2643 2002 2658 ‚
2039 2623 2080 2652 ut
2110 2616 2297 2655 Oliverius
2324 2619 2386 2668 qui

1420 2669 1578 2706 Galbam
1601 2666 1746 2705 rniffum
1769 2666 1857 2704 dicit
1874 2665 2040 2704 adversus
2061 2666 2275 2714 Lusitanos,
2295 2680 2386 2718 quo-

1419 2720 1521 2756 niam
1542 2719 1590 2756 illi
1614 2718 1766 2756 Sertorii
1791 2725 1910 2766 partes
1931 2715 2044 2754 essent
2063 2717 2196 2763 secuti,
2224 2730 2308 2757 cum
2325 2719 2386 2756 hic

1419 2770 1535 2807 Galba
1554 2770 1631 2818 plus
1648 2769 1832 2817 sexaginta
1852 2769 1956 2807 annis
1977 2775 2061 2807 ante
2073 2769 2325 2807 Sertorianum
2346 2770 2384 2806 in

1419 2820 1607 2858 Lusitania
1627 2821 1766 2858 bellurn
1789 2820 1873 2857 Cos.
1902 2820 2022 2858 fuerit.
2061 2820 2181 2858 Multa
2198 2820 2387 2868 hujusmo-

1420 2870 1456 2907 di
1484 2871 1667 2909 diffimulo
1686 2900 1696 2915 ‚
1723 2883 1793 2915 ne,
1824 2872 1887 2920 qui
1923 2872 2182 2908 annotationes
2216 2870 2387 2919 promise-

1420 2922 1514 2965 rim,
1554 2934 1615 2959 me
1643 2924 1860 2970 scripturum
1890 2923 2204 2960 commentarium
2231 2919 2389 2970 prodere

1426 2972 1563 3010 videar.
1591 2973 1863 3011 GLAREAN.

1478 3023 1512 3060 8.
1540 3025 1578 3059 In
1597 3026 1772 3073 Hispania
1800 3022 2028 3074 interemiffet]
2066 3024 2232 3074 Uterque
2261 3020 2397 3072 Ultraj..

1429 3073 1505 3113 duo
1530 3074 1634 3114 Paris.
1663 3078 1698 3113 in
1717 3075 1937 3125 Hispaniam.

2228 3135 2264 3171 9.
2293 3122 2401 3171 Quam
