2516 3509
333 130 442 173 ,ω
590 94 1006 162 varenis:
1074 94 1457 163 ΜΑΧΙΜΙ
1494 96 1620 162 Lm.
1663 97 1707 155 1.
1749 98 1893 159 οη.
1935 99 2099 160 vm.

326 218 486 271 fuerit,
521 201 726 256 ceciniffe
745 199 938 247 deorum
963 196 1140 258 laudm,
1177 197 1226 247 &
1243 215 1414 254 numen
1432 202 1712 258 obtre&asse.
1781 206 1879 254 Hic
1901 223 2009 256 cum
2038 216 2070 245 ·3-
2084 209 2178 274 ejus
2201 207 2338 258 studii

326 294 454 347 estet,
489 284 618 346 cujus
636 276 902 343 professores
938 277 1142 340 Sophistae
1174 292 1425 341 vocantur,
1460 282 1680 347 ‘tineptae
1704 282 1753 331 &
1777 284 2001 333 mordacis
2033 288 2334 352 opinationis:

327 366 593 434 Apollinem
611 360 808 426 Delphis
828 359 1044 409 irridendi
1072 360 1218 408 caussa
1235 360 1491 424 consuluit,
1527 369 1603 413 An
1623 382 1770 427 equum
1788 370 1974 414 invenire
1993 369 2154 429 pcaſjbt,
2190 373 2203 402 5
2227 384 2337 416 cum

325 451 516 499 omnino
554 448 734 497 nullum
778 442 1013 494 habuisset.
1117 440 1265 506 Cujus
1296 457 1354 489 ex
1383 442 1573 489 oraculo
1601 443 1776 495 reddita
1804 464 1898 494 vox
1927 446 1992 494 est
2009 481 2025 507 ‚
2067 452 2339 495 inventurum

320 545 492 591 equum,
527 525 549 556 ⁶
562 527 645 591 fid
665 538 713 574 ut
742 543 784 574 eo
814 524 1114 587 perturbatus,
1150 525 1321 583 periret.
1387 520 1503 569 Inde
1530 537 1639 569 cum
1663 516 1952 587 jocabundus
1974 561 1990 586 ‚
2033 527 2156 591 quali
2191 526 2339 575 delusa
2372 572 2377 577 ,

320 604 544 657 sacrarum
561 606 752 660 sortium
776 603 869 652 fide
888 615 1216 662 reverteretur,
1251 600 1416 648 incidit
1437 602 1486 649 in
1508 616 1664 665 regem
1699 602 1935 664 Attalum,
1969 605 2288 671 saepenumero
2309 606 2335 655 εὶ

321 686 363 735 se
400 695 419 726 7
440 684 782 734 contumeliosis
803 682 934 730 dicffis
958 681 1185 729 absentem
1217 680 1493 737 laceffitum3
1530 679 1712 745 ejusque
1739 682 1889 744 juffu,
1923 671 2056 743 saxb,
2101 685 2119 713 ⁸
2145 687 2220 733 cui
2253 704 2339 735 no-

323 782 430 814 men
462 778 557 812 erat
584 767 726 826 Equi,
765 762 1115 826 praecipitatus,
1153 766 1172 795 ⁹
1195 759 1251 807 ad
1277 759 1384 808 deos
1414 759 1553 824 usque
1584 759 1857 809 cavillandos
1898 768 1938 788 ¹⁰
1956 760 2175 811 dementis
2201 767 2339 813 animi

317 843 437 910 justa
457 841 679 906 supplicia
713 837 947 904 pependit,

324 1049 504 1095 Δκφίὲκς,
525 1058 605 1088 tum
626 1049 776 1096 Δκφίτκς
793 1048 897 1086 scribi
914 1048 1073 1086 videtur.
1102 1047 1228 1086 Suidas
1244 1048 1311 1086 ha-

322 1101 407 1146 bet,
437 1100 587 1147 Δα-ρίὲης
605 1101 703 1145 Sioua
723 1099 856 1145 κόμαι.
910 1099 964 1136 At
985 1098 1115 1136 Strabo
1142 1099 1202 1136 lib.
1224 1111 1310 1136 XIV.

321 1154 484 1195 Δαφίτοω
511 1151 751 1200 vens-<ummah
785 1156 1077 1187 commemorat.
1111 1150 1308 1187 VORST.

321 1203 430 1241 MSS.
459 1203 714 1251 Daphanicem‚
755 1200 1010 1250 Dapbanidem,
1047 1200 1306 1249 Cleophantem,

321 1253 643 1304 Daphantemfsed
671 1253 793 1301 major
820 1263 900 1301 pars
927 1251 1174 1301 Daplmnitem,
1203 1252 1307 1301 quod

323 1307 375 1344 est
395 1306 506 1342 etiam
527 1305 563 1343 in
583 1304 678 1342 Edd.
698 1305 807 1351 Mog.
827 1305 865 1340 ὃς
886 1303 984 1340 Ven.
1005 1302 1131 1339 Suidas
1152 1303 1188 1339 in
1210 1315 1307 1341 voce

322 1356 475 1401 Δαφίὸκς
488 1368 566 1394 non
583 1363 731 1393 tantum
750 1354 839 1392 dicit
856 1353 947 1391 illud
965 1352 1036 1390 effe
1056 1354 1154 1397 ὄνομα
1174 1354 1306 1399 κάμον,

323 1407 386 1445 sed
406 1407 538 1445 eadem
557 1406 699 1456 prorsus
719 1413 841 1443 narrat
869 1404 914 1442 de
936 1404 1023 1449 illo,
1052 1406 1090 1442 &
1116 1416 1236 1455 aeque
1264 1417 1307 1443 ac

325 1459 456 1497 Strabo
474 1471 508 1508 p.
527 1458 611 1505 647.
632 1457 701 1495 Ed.
718 1456 825 1494 Paris.
846 1455 934 1494 dicit
952 1454 1057 1493 fuiffe
1077 1457 1307 1494 Grammati-

324 1522 426 1547 cum.
448 1511 485 1548 8<
504 1509 551 1547 fic
571 1520 724 1559 quoque
735 1507 941 1557 Hesychius
963 1507 1141 1545 illustrius.
1171 1508 1307 1545 Gram-

325 1561 486 1599 maticos
522 1572 613 1598 vero
643 1558 813 1608 Sophistis
840 1566 1105 1596 annumeratos
1133 1557 1237 1596 fuiffe
1264 1558 1306 1596 li-

325 1620 419 1662 quet
441 1623 485 1649 ex
508 1612 607 1649 Suet.
634 1611 680 1648 de
708 1609 815 1648 Illust.
835 1609 1100 1647 Grammaticis
1128 1610 1166 1647 in
1196 1609 1309 1648 Orbi-

321 1663 387 1702 liO.
426 1665 507 1700 Fuit
528 1673 643 1700 autem
661 1673 803 1698 naturae
821 1660 955 1697 acerbae
971 1673 1037 1698 non
1054 1659 1147 1697 modo
1165 1663 1202 1698 in
1212 1665 1308 1701 ,An-

323 1714 516 1764 tisopliistas
529 1743 538 1757 ,
559 1728 642 1764 quos
659 1715 746 1750 onmi
757 1715 906 1762 sermone
922 1714 1087 1750 laceravit
1100 1743 1108 1757 ‚
1123 1712 1187 1762 sed
1206 1715 1310 1750 etiam

324 1768 362 1803 in
383 1764 570 1816 distipulos.

379 1841 413 1879 3.
440 1832 520 1873 Ejus
532 1827 655 1877 studii]
680 1827 863 1878 Sopbistam
890 1827 1080 1876 intelligit,
1104 1828 1314 1878 cujusmodi

329 1880 413 1918 lusit
433 1881 524 1918 olim
545 1880 713 1918 Socrates
732 1879 830 1928 apud
849 1879 1046 1917 Platonem
1068 1880 1219 1928 Gorgia.
1249 1879 1312 1916 Ci-

329 1931 460 1969 ceroni
481 1932 656 1981 sunt,qui
676 1930 930 1968 ostentationis
951 1939 1013 1968 aut
1034 1930 1200 1980 quaestus
1212 1931 1312 1968 caus-

325 1983 362 2021 sa
384 1982 688 2033 philosophantur
705 1981 765 2019 lib.
789 1994 846 2020 1v.
869 1981 1051 2019 Academ.
1081 1981 1223 2019 Latinis
1251 1993 1312 2019 ca-

327 2033 514 2072 villatores
534 2033 605 2070 dici
623 2031 781 2083 possunt.
835 2030 1059 2070 Glossarium
1087 2040 1214 2070 vetus:
1243 2039 1311 2069 Σο-

327 2084 418 2135 φιῖζω
457 2087 611 2122 ..willon
666 2085 769 2121 Hinc
808 2084 978 2121 Valerius
1015 2083 1157 2131 subjicit
1180 2097 1188 2120 :
1235 2083 1311 2125 gAd

327 2138 417 2174 Deos
435 2139 535 2186 usque
563 2134 773 2172 cavillandos
790 2133 951 2171 dementis
968 2135 1086 2172 animi.
1141 2133 1312 2183 Sopbistae

332 2193 446 2224 etiam
471 2187 688 2224 honestioris
709 2186 962 2235 appellationis
984 2185 1086 2223 olim.
1123 2187 1224 2224 Nam
1245 2198 1311 2223 an-

327 2245 367 2276 te
385 2238 637 2288 Pythagoram
666 2237 693 2273 02
717 2240 813 2274 oneo}
834 2242 866 2288 ‚53
888 2246 1028 2283 oona-eq
1050 2237 1176 2274 iidem.
1230 2236 1312 2274 Sui-

330 2288 464 2327 (13ςὶτό
483 2288 502 2336 '5
524 2288 673 2325 παιλωέν
686 2288 842 2331 ,σοφή-ἧς
861 2288 878 2324 ἑ
898 2287 996 2328 oooo‘e
1015 2288 1188 2326 ἐκαλεῖτο,
1208 2288 1313 2324 Hine

331 2341 371 2378 ὃς
390 2341 581 2378 Homerus
602 2340 639 2376 &
661 2338 846 2376 Hesiodus
866 2338 1035 2386 Sophisiae
1052 2337 1138 2375 dieti
1158 2337 1178 2376 a
1192 2338 1313 2376 Crati-

329 2402 383 2428 no
404 2392 443 2428 in
463 2390 693 2427 Archilocho
706 2418 716 2434 ‚
742 2390 830 2427 teste
850 2390 1027 2438 Diogene
1047 2389 1084 2426 in
1109 2390 1310 2438 praefatio-

328 2454 390 2480 ne.
442 2440 619 2480 Tandem
639 2441 750 2477 etiam
779 2440 913 2477 artium
941 2438 1164 2488 professores
1186 2441 1224 2478 δε
1242 2440 1312 2478 do—

331 2493 475 2535 ctores,
501 2492 668 2541 Soplaistae
695 2489 793 2527 dieti.
847 2490 993 2528 Suidas:
1034 2490 1186 2532 Λέγε-κη
1207 2493 1225 2539 3
1247 2498 1311 2527 Zo-

329 2545 426 2589 φιςῆς
447 2549 479 2593 53⁸
499 2543 516 2578 o'
532 2540 828 2584 813aruaz&,w‘;
846 2541 1000 2590 σοφίζων.
1025 2541 1219 2578 COLER.
1248 2542 1312 2579 Cl-

331 2595 461 2632 ceroni
478 2594 501 2631 l.
524 2606 580 2632 1v.
606 2591 725 2631 Acad.
746 2593 795 2641 Q.
815 2591 986 2638 sophistae
1008 2592 1088 2628 sunt
1107 2591 1171 2640 qui
1192 2591 1313 2629 osten-

329 2647 482 2685 tationis
501 2654 563 2683 aut
581 2643 747 2695 quaestus
760 2641 879 2681 caussa
888 2643 1207 2692 philosophantur.
1238 2642 1311 2680 Sed

330 2698 403 2735 fuit
424 2708 510 2735 cum
528 2695 780 2734 honestiorem
808 2693 1115 2744 significationem
1145 2705 1223 2731 vox
1249 2694 1315 2731 ha-

329 2747 457 2792 beret,
486 2749 524 2784 &
542 2746 681 2791 copes-eie
697 2745 797 2784 idem
827 2743 914 2784 effet
942 2745 1046 2796 quod
1065 2743 1178 2789 σ-εςὲὸς.
1233 2744 1314 2783 Sui-

331 2799 396 2838 das
410 2812 417 2835 ζ
431 2797 470 2835 ‘eox
491 2798 510 2845 '3³
533 2797 681 2834 ταλναδν
701 2796 837 2842 σοφιςῆς
857 2797 873 2832 ἆ
891 2796 994 2837 σὀΐδς
1014 2798 1190 2835 ώιοιλεῖτο.
1220 2797 1311 2845 Quo

330 2850 437 2888 sensu
455 2849 697 2887 &Homerus
713 2856 825 2899 atque
845 2847 1032 2887 Hefiodus
1050 2847 1070 2885 ᾖ
1086 2847 1240 2884 Cratino
1255 2850 1313 2884 So-

328 2901 459 2952 phistae
477 2900 561 2938 dieti
576 2929 586 2945 ,
614 2908 655 2936 ut
674 2900 864 2948 Diogenes
883 2900 1054 2938 Laertius
1074 2899 1111 2936 in
1129 2898 1313 2936 Praeste-

333 2952 454 2990 statur.
507 2952 654 2989 Verum
684 2951 789 3000 quod
806 2951 883 2989 aliis
902 2950 1117 3000 quibusdam
1148 2950 1313 2988 vocabu-

333 3001 375 3044 lis
397 3003 576 3054 contigit,
600 3010 642 3044 ut
661 3013 796 3045 eorum
818 3002 1035 3053 significatio
1052 3001 1223 3043 nonnihil
1241 3003 1315 3054 im7

2160 919 2341 968 Eodem

1359 1054 1591 1092 mutaretur,
1619 1046 1657 1085 id
1674 1047 1762 1085 huic
1787 1058 1941 1097 quoque
1970 1047 2113 1086 accidit.
2141 1048 2340 1088 VORST.

1413 1111 1446 1144 4.
1476 1101 1608 1147 [neptae
1627 1107 1672 1134 ω’
1693 1098 1852 1134 mordacis
1873 1098 2092 1148 opinationis]
2122 1099 2225 1137 Male
2244 1101 2338 1138 haec

1362 1148 1381 1186 a
1401 1149 1534 1196 Pighio
1552 1151 1590 1187 ὃς
1608 1149 1684 1187 aliis
1703 1150 1863 1198 separata
1882 1149 1901 1187 {r
1913 1150 2155 1198 superioribus
2171 1150 2253 1189 sunt
2269 1164 2336 1200 per

1362 1199 1487 1237 colon.
1513 1200 1704 1238 Pertinent
1723 1201 1822 1237 enim
1842 1200 1888 1238 ad
1910 1201 2067 1239 studium
2095 1201 2186 1239 illud
2204 1202 2337 1252 Sophi-

1360 1250 1493 1287 starum
1507 1279 1517 1294 ‚
1545 1250 1591 1288 de
1609 1263 1686 1300 quo
1704 1251 1948 1300 praediorum.
1990 1253 2170 1291 Ceterum
2190 1256 2340 1303 opinatio

1362 1301 1422 1338 hic
1458 1313 1526 1350 pro
1553 1304 1703 1350 sermone
1736 1302 1896 1351 positum
1924 1302 2070 1342 videtur
2088 1319 2099 1347 ;
2136 1305 2338 1353 quomodo

1360 1352 1478 1401 ipsum
1499 1364 1653 1402 quoque
1672 1354 1802 1401 opinari
1823 1366 1890 1402 pro
1902 1355 2098 1404 loquiponi
2116 1355 2217 1392 solet.
2247 1355 2338 1393 Sue-

1358 1404 1483 1441 tonius
1496 1417 1503 1440 :
1516 1402 1612 1452 Qod
1631 1405 1717 1439 male
1727 1406 1857 1452 opinari
1866 1404 1907 1441 de
1917 1408 2058 1455 Caesare
2067 1407 2205 1454 soleret.
2226 1406 2338 1445 Item:

1359 1457 1497 1492 Ser-vum
1510 1455 1700 1506 gravissime
1715 1453 1755 1491 de
1772 1457 1812 1501 se
1831 1458 2018 1505 opinantem
2039 1471 2103 1493 non
2129 1458 2221 1493 ultra
2240 1470 2342 1507 quam

1356 1505 1560 1556 compedibus
1575 1508 1725 1542 coercuit.
1772 1506 1870 1543 Vide
1891 1518 1938 1543 eo
1959 1507 2005 1544 de
2024 1507 2139 1544 verbo
2158 1509 2196 1546 δε
2215 1508 2342 1547 Gifan.

1363 1557 1451 1595 Obs.
1481 1558 1520 1595 in
1549 1557 1594 1595 L.
1625 1557 1671 1594 L.
1698 1557 1894 1595 VORST.
1948 1560 2085 1606 [neptae
2111 1566 2158 1595 (9⁹
2181 1558 2343 1597 mordacis

1361 1610 1577 1657 opinationis.
1608 1608 1733 1646 Credo
1762 1605 1933 1646 excidisse
1963 1609 2136 1658 copulam
2159 1611 2196 1648 ὃς
2214 1610 2341 1659 legen-

1362 1659 1453 1698 dum
1479 1674 1516 1696 ac
1542 1661 1674 1703 ineptae
1701 1668 1746 1696 (θ’
1775 1658 1936 1696 mordacis
1961 1661 2177 1710 opinationis.
2232 1661 2344 1700 Prae-

1364 1712 1463 1749 cessit
1481 1712 1583 1749 enim
1600 1725 1670 1747 cum
1691 1716 1761 1753 eius
1779 1710 1881 1755 studii
1898 1709 1973 1758 effes
1985 1737 1995 1753 ,
2017 1711 2147 1761 quibus
2165 1723 2343 1751 commo-

1365 1763 1411 1800 de
1430 1774 1498 1812 pro
1511 1761 1644 1810 copula
1663 1761 1747 1799 addi
1766 1762 1883 1810 potest
1896 1776 1953 1805 ‚ac
1970 1764 2110 1812 ineptae.
2140 1764 2224 1800 Nec
2239 1765 2342 1802 enim

1365 1814 1551 1863 pertinent
1569 1814 1662 1850 hacc
1691 1812 1737 1850 ad
1765 1814 1967 1862 Sophistas,
1996 1823 2036 1851 ut
2062 1813 2142 1851 vult
2160 1815 2342 1860 Vorstius,

1369 1877 1455 1902 cum
1483 1876 1616 1902 omnes
1637 1863 1824 1912 Sophistae
1846 1863 1958 1901 essent
1976 1867 2107 1914 ineptae
2128 1867 2343 1914 opinationis.

1360 1916 1605 1954 PERIZON.
1656 1915 1802 1964 Copula
1821 1929 1858 1951 ac
1875 1927 1954 1952 non
1982 1925 2176 1964 comparet
2200 1917 2239 1954 in
2265 1917 2344 1956 ullo

1360 1968 1443 2004 MS.
1472 1967 1508 2005 Si
1525 1965 1685 2011 adesset,
1714 1978 1854 2010 nemo,
1884 1964 2021 2009 credo,
2050 1978 2134 2003 eam
2154 1967 2342 2016 expulsam

1363 2019 1484 2056 vellet.
1509 2019 1582 2056 Pro
1602 2019 1803 2065 opinationis
1816 2018 1873 2061 ,in
1892 2016 1968 2054 aliis
1986 2028 2051 2066 per
2071 2018 2342 2067 compendium

1359 2082 1525 2121 scribitur
1551 2096 1660 2130 opois,
1686 2082 1744 2120 vel
1767 2086 1869 2132 opiots
1884 2084 1940 2127 ,in
1960 2084 2145 2122 nonnullis
2165 2088 2344 2135 opinionis,

1361 2134 1400 2170 in
1420 2134 1471 2172 sat
1491 2133 1615 2172 multis
1638 2135 1749 2172 exstat
1762 2163 1771 2178 ‚
1785 2134 1888 2183 quod
1909 2135 2039 2173 editur.
2068 2137 2121 2174 Ut
2139 2149 2230 2175 vero
2244 2139 2347 2177 Vor-

1363 2185 1444 2223 stius
1464 2187 1687 2236 opinationem
1703 2186 1763 2223 hic
1783 2187 1937 2233 exponit
1956 2199 2021 2235 per
2038 2187 2250 2227 sermonem
2263 2218 2274 2235 ‚
2294 2190 2346 2228 ita

1361 2248 1515 2286 quoque
1527 2236 1718 2274 Salmasius
1738 2236 1784 2273 fic
1797 2237 1996 2286 Daphidnm
2016 2238 2086 2276 dici
2105 2239 2238 2285 scribit,
2252 2240 2342 2292 quod

1357 2287 1398 2322 de
1418 2287 1567 2324 omnibus
1586 2289 1673 2323 male
1690 2289 1904 2337 opinaretur,
1924 2288 1961 2326 id
1981 2289 2027 2326 est
2051 2291 2249 2339 loqueretur.
2301 2292 2344 2330 In

1363 2337 1464 2376 Add.
1486 2338 1533 2375 ad
1551 2338 1642 2376 Hist.
1661 2339 1760 2387 Aug.
1778 2338 1969 2386 scriptores
1990 2352 2022 2389 p.
2044 2341 2126 2390 516.
2154 2343 2246 2392 Quo
2264 2343 2347 2380 sen-

1363 2389 1402 2427 su
1419 2389 1576 2427 verbum
1605 2390 1735 2441 opinari
1754 2389 1802 2427 est
1828 2390 2012 2440 frequens.
2066 2392 2165 2429 Vide
2192 2393 2347 2432 Bernec.

1364 2440 1421 2477 ad.
1447 2441 1533 2487 Just.
1570 2440 1616 2477 L.
1644 2452 1727 2477 ΧΠ.
1753 2451 1789 2487 9.
1824 2440 1942 2478 Porro
1979 2443 2054 2479 duo
2091 2442 2199 2480 MSS.
2225 2446 2343 2493 inepti.

1365 2491 1484 2540 Quod
1503 2491 1745 2540 suspicionem
1763 2490 1857 2538 parit
1870 2518 1879 2533 ‚
1908 2492 2008 2541 quasi
2027 2491 2224 2532 insiticium
2244 2494 2287 2533 fit
2307 2496 2346 2534 π’

1362 2543 1468 2592 inepti
1487 2543 1526 2580 &
1544 2539 1658 2590 glossa
1677 2540 1708 2581 ff
1726 2540 1908 2590 Sophistae.

1416 2607 1448 2642 ς.
1476 2596 1560 2630 Cum
1591 2593 1721 2631 omnino
1748 2593 1878 2629 nullum
1899 2592 2074 2644 liabut'ffet]
2114 2594 2218 2633 Voff.
2245 2609 2343 2647 quem

1364 2646 1494 2680 omnino
1510 2659 1574 2681 non
1591 2642 1764 2692 habuisset.
1792 2643 1865 2681 Alii
1874 2658 1944 2682 cum
1963 2646 2092 2683 nullum
2110 2648 2250 2686 omnino.
2276 2647 2344 2688 Su-

1364 2706 1427 2742 pra
1456 2694 1582 2733 Heins.
1605 2696 1713 2744 prim.
1738 2693 1888 2731 videndi.

1416 2745 1450 2783 6.
1487 2745 1549 2782 Sed
1573 2757 1613 2781 ut
1642 2760 1676 2782 eo
1702 2745 1915 2795 perturbatus
1940 2745 2088 2797 periret]
2119 2747 2226 2785 Leid.
2254 2749 2343 2799 sept.

1364 2807 1452 2834 cum
1479 2797 1607 2834 Heins.
1630 2797 1698 2834 sec.
1719 2797 1947 2846 proturbatus.
2005 2798 2047 2835 In
2074 2798 2197 2846 priore
2225 2801 2340 2840 etiam

1362 2847 1459 2884 inter
1473 2847 1587 2885 lineas
1607 2860 1674 2897 pro
1697 2847 1754 2897 sed
1774 2860 1811 2885 ut
1829 2864 1885 2892 eo,
1912 2863 1954 2884 ex
1972 2863 2048 2897 quo.
2106 2857 2150 2885 Ut
2178 2849 2276 2889 deest
2300 2853 2341 2892 in

1363 2899 1470 2948 prim.
1498 2914 1532 2935 eo
1551 2900 1588 2936 in
1606 2899 1674 2937 sec.
1701 2899 1834 2949 Ultraj.
1852 2898 1928 2936 inde
1947 2899 2049 2938 Toll.
2067 2900 2150 2938 binc.
2175 2902 2283 2951 Mog.
2300 2913 2340 2940 ut

1357 2949 1582 3002 perturbatus.
1607 2950 1765 2989 Mediol.
1783 2962 1821 2987 ut
1842 2966 1876 2986 eo
1896 2949 2103 2989 deturbatus.
2156 2952 2256 2990 Cum
2275 2965 2341 2991 ve-

1361 3014 1406 3042 ro
1432 3014 1526 3042 mox
1553 3002 1650 3042 dicat
1677 3014 1764 3043 eum
1778 3003 2035 3054 praecipitatum
2056 3002 2157 3054 fuisse
2176 3006 2266 3052 fhxo
2286 3006 2339 3041 cus'

2230 3069 2346 3094 nomen

2504 223 2508 229 ,
2491 210 2509 219 ,’
2500 200 2509 207 ,-
2488 44 2516 194 {lx-:aiem
