2516 3509
370 143 489 200 DE
549 136 1065 199 CENSORIA
1130 132 1769 198 SEVERITATE.

76 253 275 318 Optimo
293 264 405 316 ergo
418 247 598 313 judicio
619 243 821 293 censores
842 243 1084 308 indignum
1106 259 1212 291 eum
1235 241 1360 291 aditu
1380 241 1530 287 curiae
1551 237 1935 288 existimaverunt.

141 327 184 356 ¹⁶
209 327 341 376 Sicut
365 327 439 373 M.
460 323 649 371 Porcius
669 322 791 370 Cato
816 323 875 370 L.
890 322 1222 386 Flamininum,
1245 335 1381 385 quem
1404 316 1429 364 e
1447 331 1638 363 numero
1662 314 1916 367 senatorum
1938 319 2077 369 sustu-

43 393 46 395 *
70 407 150 466 lit,
184 407 287 471 quia
326 411 366 440 ¹⁷
385 406 433 451 in
452 403 689 468 provincia
707 401 932 468 quendam
952 388 1216 449 damnatum
1238 399 1379 446 securi
1410 393 1708 461 percusserat,
1742 409 1950 462 tempore
1972 400 2074 467 sup-

69 485 196 551 plicii
235 485 273 514 ¹8
297 484 352 531 ad
373 483 611 531 arbitrium
635 482 684 529 &
702 482 1007 547 spestaculum
1031 479 1351 536 mulierculae,
1385 478 1517 539 cujus
1551 489 1705 520 amore
1734 477 1994 540 tenebatur,
2028 498 2073 527 e-
2090 485 2250 550 {xxc-h

71 565 205 614 Ῑεᾶο.
276 565 339 612 Et
358 576 538 629 poterat
560 562 755 610 inhiberi
776 561 978 628 respectu
998 559 1255 609 consulatus
1269 592 1284 618 ,
1319 571 1456 620 quem
1475 556 1510 601 is
1530 552 1747 618 gesserat,
1773 567 1908 618 atque
1938 564 1976 592 ¹⁹
1998 576 2074 607 au-
2091 560 2268 642 ἓξὲξ

67 644 279 694 &oritate
300 642 446 690 fratris
469 645 564 707 ejus
588 659 631 690 v.
652 658 693 689 c.
715 642 778 690 T.
799 641 1054 690 Flaminini.
1106 637 1196 686 Sed
1218 636 1267 684 &
1283 633 1472 693 censor,
1507 631 1556 679 ὃς
1580 631 1729 692 Cam,
1764 632 1937 697 duplex
1958 635 2077 685 seve-

67 724 209 771 ritatis
233 723 524 788 exemplum,
560 738 616 770 eo
636 722 779 786 magis
800 721 929 769 illum
954 717 1206 768 notandum
1236 716 1419 775 statuit,
1455 711 1581 778 quod
1609 712 1864 776 amplissirni
1894 714 2081 765 honoris

67 799 346 864 majestatem
382 814 477 847 tam
507 812 630 848 tetro
659 799 860 848 facinore
895 798 1232 862 inquinaverat,
1269 802 1309 824 ²0
1327 809 1410 841 nec
1443 790 1567 857 pensi
1599 790 1817 852 duxerat,
1858 801 1895 821 ²¹
1924 794 2082 845 iisdem

1973 158 2077 214 209

2091 392 2175 422 Arm.
2204 389 2272 421 urb.

2092 440 2162 470 569.
2182 434 2292 464 Livius·

71 1006 193 1044 ximus
225 1016 324 1044 anno
345 1017 427 1052 442.
457 1005 501 1043 C.
523 1011 650 1042 autem
681 1003 809 1052 Junius
830 1001 961 1041 Brutus
982 1013 1047 1041 an-

72 1069 125 1094 no
147 1058 323 1105 proximo
336 1057 446 1094 Cons.
464 1056 544 1093 fuit.
559 1057 676 1103 ,Quos
689 1053 884 1092 verifimile
903 1053 949 1091 est
968 1054 1048 1102 post

72 1106 302 1145 consulatum
315 1107 462 1144 censura
481 1105 628 1144 fundos
640 1104 897 1154 ‚praecederet
918 1113 1046 1143 autem

70 1158 146 1195 hoc
177 1157 223 1194 L.
253 1157 413 1194 Antonii
436 1156 633 1206 repudium
659 1156 749 1194 illud
773 1157 936 1205 primum
967 1157 1047 1205 plus

66 1207 293 1256 septuaginta
311 1208 426 1245 annis.
454 1208 725 1246 GLAREAN.

122 1269 175 1304 14.
203 1260 244 1294 In
270 1258 429 1306 consimili
453 1272 572 1310 genere
592 1257 887 1307 animadversionis
916 1259 1046 1295 imitati

66 1313 107 1346 L.
133 1312 340 1348 ,Antonium
362 1311 484 1358 senatu
515 1310 705 1360 moverunt]
736 1308 918 1348 Nonnulli
938 1310 1047 1347 MSS.

69 1358 196 1397 delent
217 1359 530 1409 praepositionem
553 1364 600 1398 in.
639 1361 918 1410 Quamplur-imi
933 1388 943 1405 ,
971 1363 1048 1397 imi-

65 1412 135 1448 tati
152 1412 240 1458 fimt.
293 1416 335 1450 L.
355 1414 441 1449 enim
459 1416 674 1456 eAntonium,
728 1411 770 1449 Id
789 1410 892 1461 quod
910 1411 1048 1450 habent

69 1473 225 1511 quoque
247 1462 341 1501 Edd.
362 1471 449 1501 ante
469 1463 624 1502 Aldum.
650 1463 767 1502 Paulo
790 1462 868 1513 post
886 1471 1047 1512 quatuor

67 1516 105 1550 in
120 1513 250 1561 confilio
270 1513 431 1555 adhibito.

122 1575 179 1612 15¹.
200 1563 304 1615 Qod
332 1579 433 1615 quam
462 1567 630 1616 ‘virginem
659 1567 696 1601 in
714 1566 858 1601 matrim.
880 1563 1044 1611 duxerat,

63 1613 278 1665 repudiaffit]
308 1617 437 1664 Quam
460 1629 543 1655 raro
572 1616 768 1665 repudium
800 1615 939 1653 fadum
963 1617 1046 1654 fue-

66 1665 138 1709 rit,
173 1677 364 1716 quamque
391 1679 499 1717 aegre
528 1667 565 1704 id
584 1668 750 1705 Romani
778 1667 949 1711 tulerint,
977 1667 1047 1705 do-

43 1715 143 1753 ·cuit
159 1715 263 1766 supra
288 1729 337 1763 11,
361 1730 395 1764 1,
414 1732 448 1766 4.
476 1719 671 1757 VORST.
719 1717 823 1756 Harl.
841 1716 1045 1767 quamdam,

63 1778 166 1816 quam
182 1770 361 1819 virginem.

119 1819 173 1857 16.
196 1821 290 1857 Sicut
303 1818 548 1869 PorciusCato]
572 1819 819 1858 Praeferenda
841 1819 1043 1857 Cauchiani

67 1869 206 1908 codicis
233 1870 370 1916 lectio,
404 1872 462 1908 sic
492 1875 552 1908 M.
574 1874 704 1909 Porcius
737 1875 831 1909 Cato.
884 1871 1043 1909 Novum

65 1921 169 1959 enim
188 1922 317 1971 incipit
337 1921 552 1971 exemplum
567 1951 577 1967 ,
591 1931 703 1973 atque
722 1935 794 1962 una
817 1921 1041 1960 nobilissimo

65 1970 204 2010 Catoni
228 1974 332 2011 suum
361 1985 592 2023 praenomen
619 1975 825 2012 restituitur.
870 1973 1042 2011 PIGH.

64 2023 120 2057 sic
151 2026 212 2060 M.
231 2025 361 2061 Porcius
383 2028 479 2062 Cato.
508 2025 564 2063 Ita
584 2025 730 2075 Pighius
761 2037 806 2063 ex
839 2023 921 2062 cod.
944 2025 1044 2062 Cau-

64 2071 227 2116 chiano,
254 2085 341 2112 cum
364 2077 403 2113 in
434 2076 511 2113 aliis
541 2076 754 2125 legeretur,
791 2076 883 2112 Sicut
906 2078 1043 2112 Porcius

63 2124 163 2160 Cato.
214 2124 262 2161 Et
287 2124 369 2162 sane
392 2127 479 2175 ficut
495 2126 623 2165 locum
642 2128 702 2165 hic
732 2138 811 2164 non
831 2125 959 2164 habet:
989 2128 1044 2164 vi-

65 2173 249 2223 deturque
262 2186 308 2212 ex
308 2176 356 2223 fic
367 2178 507 2215 M.hoc
517 2176 607 2216 loco
617 2186 744 2216 ortum
757 2176 1039 2216 effeVORST.

65 2224 171 2273 Lege
180 2226 265 2273 ficut
286 2228 343 2262 M.
356 2228 488 2264 Porcius
503 2230 591 2265 Cato
611 2233 652 2266 L.
672 2231 900 2265 Flamininum
913 2255 924 2271 ,
943 2241 1039 2278 quem

65 2276 138 2313 δίε.
165 2275 361 2324 respiciunt
389 2288 527 2325 nempe
547 2279 641 2315 haec
661 2279 854 2326 superioris
877 2278 1040 2325 exempli

64 2326 175 2364 verba
198 2335 375 2365 extrema.
401 2327 647 2365 PERIZON.
700 2329 756 2365 Ita
783 2327 955 2365 videlicet
974 2327 1039 2365 ha-

64 2376 127 2414 bet
146 2377 227 2415 MS.
251 2377 384 2427 Copes.
405 2389 491 2415 cum
511 2377 689 2427 plerisque
711 2377 810 2421 aliis,
839 2377 905 2414 nifi
933 2377 1038 2426 quod

64 2428 247 2466 omittunt
272 2440 505 2478 praenomen
521 2442 531 2470 ;
572 2428 611 2465 &
642 2427 746 2476 saepe
768 2429 847 2476 jam
874 2427 1036 2465 vidimus

59 2478 232 2527 Pighium
257 2476 413 2516 mutasse
434 2479 778 2523 contextum‚dum
799 2490 944 2516 novum
966 2490 1034 2527 pu-

59 2536 114 2567 tat
133 2529 299 2566 inchoari
315 2530 529 2578 exemplum
544 2558 554 2574 ,
582 2541 698 2578 quum
722 2530 929 2567 maximam
951 2530 1036 2567 arti-

61 2579 136 2618 ficii
153 2580 204 2618 sui
222 2588 363 2628 partem
376 2580 505 2618 auctor
525 2581 564 2618 in
584 2580 848 2618 conneffitendis
860 2592 1037 2619 commo-

60 2630 109 2719 ξε
132 2631 170 2668 &
197 2639 324 2680 arguta
353 2630 566 2670 tranfitione
593 2631 770 2680 exemplis
794 2631 951 2682 pofitam
971 2632 1038 2670 ha-

87 2688 193 2720 uerit.

115 2735 224 2779 17.Izz
237 2734 411 2783 provincia
431 2731 604 2784 quemdam
624 2731 832 2784 damnatum]
847 2733 915 2772 Bit.
926 2734 1035 2783 prim.

61 2783 99 2820 in
121 2787 297 2833 provincia
315 2787 445 2822 Gallia.
500 2785 682 2823 Nonnulli
710 2800 804 2836 quem
830 2784 1035 2824 damnatum.

61 2834 187 2873 Plures
207 2837 352 2884 aliquem
373 2835 574 2874 damnatum.

117 2884 173 2922 18.
200 2885 278 2923 asd
304 2887 481 2925 arbitrium
503 2894 548 2924 Θ·
570 2887 788 2937 speffaculum
806 2888 1033 2938 mulierculae]

63 2935 193 2973 Livius
208 2935 268 2973 lib.
291 2949 416 2977 xxxix.
445 2939 633 2976 Catonern
656 2939 798 2977 inducit
819 2939 1004 2978 dicentem
1021 2968 1031 2985 ‚

64 2986 168 3036 quod
178 2986 402 3027 Flamininus
423 2990 461 3027 in
482 2990 636 3038 gratiam
657 2990 766 3027 scorti
787 2990 1036 3036 masculi‚no-

60 3037 165 3078 mine
185 3038 366 3090 Philippi,
384 3041 537 3080 natione
557 3041 697 3089 Poeni,
717 3040 884 3082 nobilem
896 3041 1035 3094 Bojum

1967 873 2078 921 ima-²

1098 1011 1184 1040 cum
1205 1000 1324 1039 liberis
1343 1000 1569 1049 transfugam
1583 1028 1593 1044 ,
1622 1000 1661 1037 &
1680 1006 1721 1037 ut
1740 1000 1778 1037 in
1801 998 1915 1038 fidem
1937 1004 2007 1040 reci
2012 1016 2077 1052 pen

1098 1061 1198 1091 retur
1219 1059 1431 1103 petentem,
1458 1051 1584 1089 occidi
1596 1049 1757 1100 juffiffet.
1810 1051 1880 1089 Sed
1898 1052 1995 1091 addit
2024 1064 2076 1093 ta*

1099 1115 1214 1148 men,
1243 1104 1435 1142 Valerium
1466 1103 1681 1146 Antiatem,
1709 1103 1772 1152 qui
1802 1102 1960 1141 Catonis
1992 1117 2078 1144 ora-

1097 1156 1244 1193 tionem
1265 1166 1343 1193 non
1362 1151 1523 1203 legiffet,
1551 1154 1589 1191 ὃς
1607 1152 1752 1190 fabulae
1771 1152 1844 1190 sine
1865 1154 2015 1193 auctore
2039 1169 2078 1194 e·-

1099 1206 1198 1244 ditae
1226 1204 1454 1250 credidiffet,
1481 1202 1678 1254 prodidiffe
1696 1203 1742 1241 de
1767 1205 1944 1250 muliere,
1972 1207 2076 1256 cujus

1098 1269 1229 1296 amore
1249 1257 1478 1295 Flamininus
1505 1255 1702 1304 deperierit
1716 1283 1725 1298 ,
1754 1256 1792 1293 &
1812 1256 1850 1293 in
1874 1257 1975 1305 cujus
1993 1269 2076 1306 gra-

1097 1309 1188 1346 tiam
1216 1320 1333 1345 unum
1369 1319 1414 1344 ex
1444 1307 1596 1354 captivis
1624 1306 1745 1343 occidi
1761 1304 1923 1355 jusserit,
1952 1308 2077 1356 prodi-

1098 1358 1196 1397 diffe.
1225 1358 1422 1397 VORST.
1474 1357 1534 1394 Sic
1554 1356 1765 1395 Alexander
1780 1357 1965 1403 Jannaeus
1987 1370 2076 1396 coe-¹

1098 1422 1187 1448 nans
1209 1421 1295 1448 cum
1327 1409 1542 1447 concubinis
1571 1408 1638 1446 suis
1659 1407 1893 1456 octingentos
1912 1408 2075 1454 Judaeo-

1097 1472 1181 1499 rum
1215 1461 1313 1499 cruci
1341 1460 1454 1509 suffigi
1478 1460 1587 1509 juffit.
1646 1459 1792 1507 Joseph.
1826 1459 1871 1496 L.
1903 1471 1987 1496 xm.
2018 1474 2079 1499 22.

1096 1512 1342 1551 PERIZON.
1402 1512 1532 1548 Livius
1564 1510 1711 1559 proprie
1741 1520 1820 1547 non
1852 1518 1927 1547 tam
1959 1511 2077 1549 Cato-⁴

1097 1576 1186 1603 nem
1217 1564 1402 1602 dicentem
1434 1561 1595 1605 inducit,
1623 1560 1684 1598 sed
1707 1568 1831 1598 extare
1863 1562 2077 1601 orationem

1099 1617 1176 1666 ejus
1195 1615 1232 1652 in
1250 1616 1296 1652 L.
1316 1614 1539 1664 Quintium,
1566 1613 1604 1650 in
1625 1624 1698 1661 qua
1717 1612 1792 1649 hoc
1813 1611 1845 1648 ei
1865 1611 2077 1661 objecei·at;

1099 1666 1203 1717 quod
1231 1665 1352 1704 multo
1386 1664 1433 1702 ad
1461 1665 1657 1702 veritatem
1699 1662 1996 1701 confirmandam
2027 1665 2078 1702 est

1099 1718 1214 1766 magis
1246 1715 1591 1754 accommodatum.
1640 1714 1833 1751 Praeterea
1858 1725 1937 1751 non
1965 1713 2078 1760 dicit,

1099 1768 1300 1817 Quintium
1315 1764 1449 1817 juffissc
1470 1778 1557 1803 eum
1582 1763 1724 1808 occidi,
1738 1764 1797 1802 sed
1816 1764 1932 1812 ipsum
1952 1765 2075 1804 stricto

1093 1819 1216 1868 gladio
1235 1825 1345 1867 caput
1366 1817 1538 1867 loquenti
1567 1816 1677 1854 Gallo
1701 1816 1863 1864 primum
1891 1817 2077 1865 percuffis-

1093 1871 1149 1916 se,
1179 1869 1313 1909 deinde
1342 1869 1522 1918 fugienti,
1558 1866 1746 1917 fidemque
1773 1867 1812 1904 P.
1842 1867 1888 1903 R.
1919 1879 2074 1905 eorum-

1099 1934 1194 1972 que,
1222 1922 1286 1971 qui
1308 1920 1460 1958 aderant
1484 1948 1493 1964 ‚
1532 1918 1770 1967 imploranti,
1796 1918 1889 1954 latus
1914 1920 2073 1956 transfo-

1096 1970 1192 2011 disse.
1222 1973 1307 2010 Liv.
1332 1972 1378 2008 L.
1401 1983 1527 2008 xxxix.
1547 1982 1606 2016 42.

1152 2038 1208 2073 19.
1236 2023 1466 2065 auisloritate
1481 2023 1603 2070 fratris
1622 2026 1692 2069 ejus
1717 2020 1789 2056 Titi
1812 2020 1987 2069 flaminii]
2018 2021 2076 2059 Ex

1095 2075 1393 2118 Pulmanniano,
1421 2071 1651 2111 Atrebatensi
1680 2083 1724 2108 ac
1744 2069 1895 2108 Susiano
1910 2100 1920 2116 ,
1948 2072 2076 2120 legen-

1097 2126 1188 2164 dum
1219 2124 1290 2164 effe
1319 2125 1525 2174 colligimus
1548 2152 1557 2167 ‚
1593 2123 1822 2164 <flammate
1843 2123 1965 2169 fratris
1992 2129 2078 2172 ejus.

1090 2189 1126 2215 v.
1150 2189 1179 2214 c.
1210 2179 1249 2215 T.
1282 2178 1475 2213 Flaminini.
1530 2173 1601 2211 Sed
1628 2181 1743 2212 notae
1774 2171 1967 2220 singulares
1993 2184 2073 2211 non

1089 2227 1298 2265 intellectae
1327 2228 1524 2274 perierunt.
1578 2225 1680 2262 Hinc
1705 2235 1897 2274 perperam
1916 2226 1954 2261 in
1975 2235 2072 2262 non-

1090 2277 1195 2314 nullis
1225 2277 1411 2314 codicibus
1450 2279 1488 2313 C.
1520 2276 1708 2311 Flaminius
1740 2273 1883 2322 legitur.
1929 2275 2072 2314 P1GH.

1089 2328 1323 2365 Aneiai-itate
1346 2328 1470 2374 fratris
1499 2331 1568 2374 ejus
1590 2329 1636 2362 V.
1660 2328 1698 2362 C.
1721 2326 1761 2361 T.
1791 2326 1984 2363 Flaminini.
2016 2326 2071 2363 Ita

1086 2376 1289 2425 legendum
1309 2388 1353 2413 ex
1375 2377 1487 2414 tribus
1507 2375 1615 2413 codd.
1637 2375 1785 2423 collegit
1804 2374 1964 2423 Pighius.
1994 2377 2069 2414 Alii

1088 2428 1195 2466 codd.
1212 2427 1332 2465 literas
1349 2428 1398 2465 V.
1418 2428 1461 2464 C.
1479 2438 1557 2464 non
1574 2426 1722 2464 habent.
1776 2425 1820 2462 In
1842 2437 1919 2463 uno
1939 2434 2066 2464 tamen

1088 2478 1172 2516 cod.
1208 2478 1338 2516 Brand.
1371 2477 1517 2526 vestigia
1547 2489 1675 2514 earum
1713 2475 1841 2514 itidem
1881 2484 2066 2525 apparent.

1087 2529 1282 2568 VORST.
1328 2529 1484 2566 Variant
1505 2527 1612 2565 valde
1633 2527 1741 2565 MSS.
1769 2526 1830 2564 alii
1852 2530 1934 2577 Gaji
1957 2529 2065 2575 Qiiz-

1085 2582 1114 2618 ti
1138 2578 1318 2623 Flaminiif,
1339 2579 1492 2629 quidam
1513 2580 1621 2616 Gnaei
1631 2580 1752 2626 Quinti
1772 2579 1954 2621 Flaminii,
1973 2579 2064 2614 item

1089 2633 1133 2668 G..
1155 2647 1187 2668 n.
1210 2633 1354 2680 Quum
1383 2630 1443 2669 vel
1467 2633 1512 2667 G.
1536 2632 1659 2680 Quinti
1681 2631 1764 2680 Gaji
1787 2631 1872 2665 Titi.
1893 2629 2062 2665 Perizon.

1087 2684 1259 2732 proxime
1282 2682 1327 2720 ad
1356 2682 1415 2726 id,
1442 2681 1546 2731 quod
1574 2681 1719 2730 Pighius
1746 2678 1916 2717 exhihuit.
1969 2681 2004 2714 C.
2024 2693 2061 2715 ν.

1089 2736 1260 2772 flaminii.
1313 2734 1413 2771 Nam
1434 2733 1568 2782 ubique
1589 2733 1666 2769 fere
1686 2732 1722 2769 in
1742 2728 1915 2784 omnibus
1937 2730 2062 2784 Flami-

1083 2788 1159 2822 nius
1177 2785 1339 2823 scribitur
1356 2797 1424 2833 pro
1447 2785 1664 2821 Flamininus.
1718 2778 1898 2818 Nonnulli
1921 2786 2034 2817 etiam
2048 2807 2058 2824 .

1077 2836 1138 2887 sed
1161 2845 1206 2873 (9·
1227 2838 1332 2884 cenfhr
1349 2839 1449 2873 Cato.

1138 2901 1197 2926 20.
1224 2892 1300 2923 Nec
1326 2886 1499 2938 indignum
1521 2886 1610 2935 penfi
1630 2880 1790 2930 duxerat]
1822 2881 2062 2936 Manuscripti

1085 2937 1190 2982 libri,
1214 2946 1371 2986 excepto
1388 2937 1649 2977 Wincheliano
1664 2962 1674 2978 ,
1697 2945 1829 2971 omnes
1851 2943 1943 2982 quos
1963 2931 2059 2973 vidi,

1089 2992 1161 3028 Nec
1174 2989 1264 3039 pensi
1287 2988 1451 3034 duxerat,
1478 2988 1628 3025 habent.
1663 2985 1790 3033 Atque
1811 2984 1902 3020 haec
1924 2981 2060 3019 vetusta

1090 3042 1266 3081 Romana
1281 3039 1414 3090 phrasis
1428 3067 1438 3086 ‚
1460 3051 1531 3090 qua
1550 3040 1588 3078 ὅτ.
1609 3035 1788 3126 δειὶὃιὲῑὶιις
1802 3062 1812 3078 ,
1840 3039 1960 3084 Neque
1976 3032 2064 3125 dx:
