2516 3509
234 913 289 941 12.

366 184 469 238 702
649 153 1059 244 VALERII
1099 146 1517 206 *MAXIMI
1552 152 1676 207 Ltn.
1716 152 1880 212 VIII.
1920 153 2066 210 CAP.
2106 152 2154 208 1.

366 264 642 316 Aemilianus
681 268 723 301 50
761 261 819 308 L.
856 257 1052 304 Cottam
1085 253 1142 302 ad
1175 265 1433 317 praetorem
1465 249 1705 298 accusavit.
1771 251 1919 318 Cujus
1955 254 2125 315 caussa,
2163 262 2201 293 5¹
2230 258 2373 320 quam

365 363 501 413 quam
534 342 795 409 graviflimis
830 336 1097 386 criminibus
1130 347 1224 382 erat
1259 331 1463 381 confossa
1483 367 1499 393 ‚
1552 330 1712 395 septies
1757 340 1798 371 52
1844 335 2057 399 ampliata
2092 337 2141 385 &
2175 337 2232 385 ad
2267 339 2376 386 ulti-

369 440 500 473 mum
535 421 699 468 ofitavo
729 417 908 482 judicio
941 413 1142 462 absoluta
1177 411 1256 458 est.
1323 409 1451 472 Qia
1495 415 1535 447 ⁵³
1577 408 1784 456 homines
1825 408 2128 473 sapientiffimi
2162 415 2376 464 vereban-

370 511 446 545 tur
469 533 484 558 ‚
532 513 589 545 ne
624 488 893 560 praecipuae
927 488 1199 539 accusatoris
1232 485 1524 551 amplitudini
1560 485 1790 533 damnatio
1824 489 1919 551 ejus
1950 488 2115 539 donata
2148 493 2377 542 existima-

369 590 509 624 retur.
579 576 714 636 Quos
750 575 858 622 haec
895 571 1046 619 secum
1081 571 1265 616 locutos
1301 565 1596 613 crediderim:
1633 567 1843 612 Nolumus
1876 578 1998 628 caput
2033 573 2205 619 alterius
2233 585 2378 634 peten-

369 665 482 714 tem,
516 659 559 702 in
580 656 788 717 judicium
822 650 1123 712 triumphos&
1150 661 1347 709 tropaea,
1369 646 1608 708 spoliaque,
1642 661 1691 691 ac
1723 644 1984 694 devio-tarum
2028 655 2201 699 navium
2245 654 2378 716 rostra

371 734 545 794 defferre.
601 732 815 781 Terribilis
835 736 896 794 stt
930 735 966 778 is
999 729 1199 791 adverfiaes
1230 728 1412 791 hostem.-
1453 730 1559 774 civis
1595 742 1696 773 vero
1715 724 1904 787 solute-m
1923 759 1939 785 ,
1985 735 2029 766 54
2073 740 2190 777 tanto
2213 733 2379 796 fulgore

367 817 525 877 gloriae
556 813 782 872 fiaebnixus,
818 829 865 858 ne
899 811 1148 873 insequatur.

447 901 485 931 55
511 895 635 940 Tam
658 892 949 940 vehementes
978 889 1157 955 judices
1191 885 1394 934 adversus
1429 885 1853 933 excellentiffimum
1887 885 2221 949 accusatorem,
2242 903 2379 954 quam

377 971 509 1018 mites
546 972 593 1016 in
627 970 766 1034 longe
800 969 1025 1015 inferioris
1061 966 1270 1013 fortunae
1305 965 1409 1011 reo!
1442 962 1484 1003 5⁶
1505 964 1709 1011 Calidius
1741 964 2039 1012 Bononiensis
2073 967 2120 1014 in
2155 968 2377 1018 cubiculo

377 1053 527 1099 mariti
560 1051 702 1099 noem
743 1046 1063 1111 deprehensus,
1097 1062 1205 1094 cum
1240 1044 1302 1092 ob
1336 1044 1383 1090 id
1418 1043 1610 1091 caussam
1643 1042 1851 1090 adulterii
1885 1042 2088 1104 diceret,
2133 1046 2251 1094 inter
2284 1064 2378 1096 ma-

435 1273 492 1308 50.
521 1263 563 1295 L.
588 1255 740 1306 Cottam]
771 1257 815 1294 In
834 1254 1013 1304 plerisque
1034 1252 1221 1292 codicibus
1244 1253 1355 1291 omis-

383 1311 461 1348 sum
484 1318 560 1347 erat
579 1319 811 1359 praenomen
832 1308 878 1344 L.
898 1306 1009 1356 idque
1028 1304 1194 1342 additum
1215 1305 1356 1353 Scipio-

384 1363 445 1405 ni,
474 1373 591 1411 quum
611 1361 671 1397 ‘nic
693 1359 738 1397 de
757 1359 795 1395 P.
812 1358 985 1406 Scipione
1004 1357 1205 1405 posteriore
1227 1355 1354 1405 loqua-

384 1421 465 1456 tur,
504 1424 581 1449 non
609 1411 655 1448 de
684 1411 729 1447 L.
752 1408 936 1451 Asiaticm
977 1406 1078 1456 quod
1106 1407 1183 1444 satis
1211 1407 1353 1456 liquere

381 1464 501 1511 potest
529 1475 574 1500 ex
602 1462 720 1510 prima
752 1459 944 1497 Ciceronis
968 1459 1233 1502 Verrinarum,
1260 1459 1350 1495 item

383 1526 429 1551 ex
452 1514 636 1550 Oratione
657 1524 723 1560 pro
753 1512 797 1547 L.
829 1512 1011 1547 Murena.
1040 1508 1139 1545 unde
1158 1510 1250 1546 haec
1274 1511 1352 1546 Va—

380 1564 492 1601 lerius
511 1562 714 1611 desumpfit.
743 1561 1014 1598 GLAREAN.
1042 1563 1081 1596 L.
1103 1563 1209 1610 sapio
1223 1562 1351 1600 aremi-

379 1618 491 1651 Itamts
520 1618 654 1650 Cottam
682 1612 770 1662 apud
798 1614 951 1661 populum
984 1615 1163 1658 accusavit.
1216 1610 1348 1659 Perpe—

382 1678 461 1703 ram
491 1666 563 1702 hoc
591 1666 677 1703 loco
702 1664 865 1711 Scipioni
884 1662 1099 1700 Aemiliano
1121 1673 1350 1710 praenomen

383 1717 521 1754 Cottae
550 1716 597 1753 est
628 1717 854 1753 attributum.
907 1714 979 1750 Vel
1011 1713 1217 1750 tonsoribus
1249 1713 1350 1749 enim

378 1777 516 1805 notum
557 1766 603 1804 est
651 1767 689 1804 P.
738 1766 950 1813 Scipionem
989 1763 1160 1812 appellari
1195 1762 1350 1807 debere,

379 1817 704 1867 quemadmodum
746 1817 856 1853 etiam
888 1824 1044 1851 vocatur
1079 1815 1115 1850 in
1151 1814 1350 1861 Campenfi

375 1870 495 1914 libro,
523 1877 634 1917 atque
660 1868 698 1905 in
720 1866 983 1903 Winchelmno
1005 1893 1014 1908 ‚
1050 1876 1126 1901 non
1156 1864 1276 1906 male;
1307 1867 1349 1901 P.

377 1923 486 1967 Scipio
507 1922 723 1965 Africanus.
745 1918 815 1955 Sed
835 1916 950 1967 quid?
975 1917 1087 1952 Cotta
1105 1915 1151 1952 ad
1171 1914 1350 1963 populum

379 1970 594 2008 accusatus?
642 1970 815 2007 Minime.
867 1969 955 2005 Non
993 1967 1092 2003 enim
1130 1966 1195 2002 nisi
1236 1967 1353 2014 magi-

384 2022 509 2059 ssratus
538 2020 667 2070 (quod
690 2023 726 2058 ὃς
746 2021 801 2057 vir
831 2018 1055 2055 dofftjffimus
1075 2017 1230 2054 Carolus
1248 2017 1354 2064 Sigo-

382 2074 464 2110 nius
491 2072 722 2117 observavit)
752 2070 918 2107 accusare
946 2069 991 2106 ad
1013 2067 1195 2116 populum
1226 2068 1353 2106 solent.

383 2124 515 2172 Itaque
546 2122 802 2165 scribendum,
831 2120 932 2157 velut
964 2120 1001 2156 in
1024 2119 1257 2156 Atrebatenfi
1288 2130 1349 2156 co-

383 2175 464 2212 dice
492 2175 643 2221 legitur,
672 2177 711 2209 L.
741 2176 873 2208 Cottam
898 2170 941 2206 ad
959 2183 1140 2216 praetorem
1162 2172 1352 2216 accusavit,

383 2238 463 2263 non
483 2224 571 2271 apud
591 2227 744 2273 populum
760 2251 769 2266 ‚
795 2231 834 2259 ut
855 2222 982 2270 vulgo.
1007 2222 1046 2258 P.
1077 2221 1200 2268 Scipio
1228 2229 1353 2258 autem

384 2277 546 2325 privatus
566 2276 749 2312 accufiivit
771 2275 922 2311 Cottam
938 2302 946 2316 ‚
977 2284 1061 2309 cum
1087 2273 1167 2319 jam
1190 2272 1241 2308 bis
1266 2284 1357 2309 con-

384 2328 437 2365 sul
457 2328 493 2364 ὃς
515 2326 642 2363 censor
661 2324 802 2367 fuiffet,
833 2333 871 2361 ut
892 2324 1040 2361 testatur
1060 2323 1196 2360 Cicero
1218 2323 1264 2359 de
1287 2324 1356 2360 Di-

388 2378 582 2416 vinatione
604 2406 613 2420 ‚
659 2386 771 2425 atque
802 2378 891 2413 item
928 2376 965 2412 in
996 2374 1264 2417 Mur-aeniana,
1303 2377 1359 2410 Bis

386 2429 496 2477 consul
524 2431 641 2474 fuerat
683 2427 851 2475 (inquit)
892 2428 931 2462 P.
957 2428 1175 2470 2Africanus,
1212 2433 1257 2460 Θ
1279 2422 1360 2462 dnos

386 2491 524 2516 terrores
553 2480 650 2527 hujus
680 2481 831 2527 imperti,
859 2476 1096 2525 Carthaginem
1114 2477 1362 2512 Numantiam-

385 2546 450 2581 que
476 2530 644 2566 dele-verat
669 2557 678 2573 ‚
724 2543 793 2564 cum
822 2529 989 2573 accusavit
1015 2531 1055 2563 L.
1084 2530 1229 2563 Cottam.
1281 2528 1361 2565 Post

386 2581 589 2619 secundum
621 2591 713 2617 vero
741 2578 968 2616 consulatum
994 2577 1020 2612 P
1059 2577 1255 2614 Africanus
1277 2577 1356 2614 nul-

390 2634 469 2670 lum
502 2631 751 2680 magistratum
778 2629 903 2679 gessit;
934 2627 1057 2664 debuit
1082 2628 1207 2675 itaque
1237 2628 1356 2675 priva-

389 2692 447 2721 tus
479 2680 682 2726 accusasse,
718 2692 828 2730 atque
860 2691 938 2716 non
968 2678 1012 2716 ad
1045 2678 1225 2726 populum
1251 2706 1262 2723 ,
1297 2679 1357 2717 sed

390 2735 436 2772 ad
457 2744 667 2782 praetorem
692 2733 737 2770 de
756 2729 979 2781 repetundis.
1031 2732 1112 2773 Jam
1139 2730 1237 2766 enim
1261 2731 1339 2767 mul

389 2794 432 2823 to
454 2796 560 2822 antea
580 2784 807 2834 quaestiones
828 2790 1025 2832 perpetuae
1055 2789 1155 2816 erant
1184 2781 1357 2818 constitu-

389 2844 473 2878 tae‚
502 2835 589 2873 ficut
613 2849 656 2873 ex
685 2836 813 2873 nostris
833 2831 1021 2872 annalibus
1041 2831 1274 2868 manifestum
1297 2831 1358 2868 est.

388 2886 503 2924 Error
523 2897 644 2923 autem
669 2887 842 2934 provenit
870 2885 907 2922 in
931 2882 1071 2920 Valerii
1091 2881 1358 2930 exemplaribus

389 2950 434 2974 ex
450 2938 561 2973 literis
582 2937 814 2977 finanlaribus
834 2947 929 2986 quae
958 2933 1078 2971 adhuc
1108 2941 1299 2970 remanent
1320 2934 1357 2970 in

383 2988 579 3026 Pulin.1nni
603 2989 694 3024 libro
712 3018 721 3030 ‚
750 2991 785 3025 in
807 3000 885 3038 quo
906 2987 1076 3033 scriptum
1107 2983 1196 3031 apud
1222 2996 1273 3033 pr.
1302 2985 1358 3021 in-

385 3039 514 3077 doetus
534 3039 698 3076 librarius
719 3040 829 3087 legit.
856 3036 1064 3086 scripsitque
1091 3034 1180 3083 apud
1201 3037 1358 3082 populum

383 3093 576 3142 Qmanum
595 3118 605 3136 ‚
637 3103 731 3141 quae
759 3091 872 3129 lcffio
902 3089 1023 3128 adhuc
1052 3086 1157 3125 restat
1181 3087 1219 3124 in
1243 3087 1357 3125 Cam-

2306 1144 2377 1174 XI·

1405 1251 1506 1301 pensi
1532 1251 1744 1300 exemplari.
1796 1250 2053 1289 Restituendus
2080 1252 2190 1300 igitur
2208 1253 2283 1293 hoc
2307 1267 2373 1305 pa-

1406 1304 1467 1350 ἇῒο
1500 1303 1628 1347 locus,
1661 1306 1700 1339 P.
1728 1302 1837 1350 Scipio
1857 1304 2089 1340 „Aemtlianus
2111 1308 2151 1340 L.
2179 1308 2313 1343 Cottam
2333 1307 2378 1344 ad

1397 1366 1586 1402 praetorem
1607 1356 1786 1399 accusavit.
1820 1353 1990 1390 Ostendit
2009 1355 2153 1403 insuper
2177 1356 2225 1394 ita
2246 1357 2375 1406 legen-

1405 1405 1494 1443 dum
1519 1403 1589 1442 effe
1612 1404 1780 1441 Valerius
1800 1403 1873 1452 ipse
1893 1404 1929 1441 in
1950 1404 2022 1445 fine
2045 1406 2228 1454 exempli,
2260 1409 2319 1445 ubi
2338 1410 2378 1448 &

1399 1456 1570 1504 judicum
1613 1456 1848 1492 mentionem
1888 1456 1974 1493 facit
1993 1483 2004 1499 ,
2049 1457 2376 1504 quemadmodum

1406 1509 1444 1544 δε
1467 1508 1601 1544 Cicero
1630 1507 1667 1543 in
1690 1506 1953 1543 Muraeniana:
1991 1506 2166 1543 Nolebant
2203 1509 2373 1560 (inquit)

1397 1557 1626 1605 sapientiffimi
1660 1557 1806 1592 homines
1830 1585 1838 1600 ‚
1883 1558 1943 1607 qui
1979 1569 2049 1593 tum
2083 1572 2150 1594 rem
2184 1560 2281 1596 illam
2316 1566 2378 1609 ju-

1402 1608 1560 1645 dicabant
1581 1636 1591 1652 ,
1636 1610 1686 1644 ita
1715 1621 1904 1658 quenquam
1940 1607 2052 1644 cadere
2080 1610 2116 1644 in
2142 1608 2262 1652 judicio
2284 1639 2293 1654 ‚
2339 1623 2377 1649 ut

1403 1661 1517 1696 nimiis
1575 1657 1765 1707 adversarii
1818 1658 1949 1694 wirtbus
1996 1659 2144 1707 abjecslus
2195 1661 2378 1701 videretur.

1404 1711 1522 1759 Quod
1550 1709 1716 1747 imitatur
1740 1709 1913 1747 Valerius
1944 1720 2030 1747 cum
2062 1710 2175 1754 dicit,
2204 1713 2297 1761 Qvia
2319 1714 2380 1750 lm-

1402 1763 1506 1797 mines
1527 1760 1739 1797 verebantur.
1770 1760 1831 1798 sed
1861 1759 1990 1797 malim
2020 1768 2060 1797 ut
2090 1762 2128 1798 in
2149 1762 2376 1811 Campenfi,

1402 1814 1497 1862 Quia
1534 1810 1678 1846 homines
1710 1811 1941 1859 sapientiffimi
1981 1811 2198 1850 verebantur..
2238 1814 2382 1854 PIGH.

1404 1861 1479 1902 ‘Aa'
1504 1873 1687 1909 praetorem
1704 1864 1885 1909 accusa-vit.
1915 1862 1968 1898 Ita
1987 1861 2122 1910 scripsit
2140 1863 2288 1912 Pighius
2307 1878 2376 1915 pro

1406 1924 1453 1950 eo
1474 1913 1576 1961 quod
1598 1913 1634 1950 in
1656 1913 1779 1950 multis
1803 1911 1914 1949 codd.
1935 1912 2004 1956 est,
2031 1913 2121 1960 apud
2137 1917 2294 1964 populum
2312 1932 2377 1956 acc.

1405 1964 1471 2001 Ait
1493 1964 1593 2000 enim
1614 1963 1648 1999 se
1670 1964 1719 2001 ita
1740 1963 1913 2011 scriptum
1934 1962 2103 2011 reperisse
2122 1966 2159 2002 in
2173 1966 2378 2006 cod.Atre-

1406 2013 1568 2057 batenfi3
1595 2015 1631 2051 ὃ(
1649 2013 1693 2050 ad
1723 2014 1929 2062 populum,
1958 2014 2017 2051 vel
2045 2015 2142 2063 apud
2171 2019 2378 2066 populum,

1406 2077 1484 2102 non
1505 2064 1568 2102 nisi
1591 2064 1838 2112 magistratum
1860 2064 2028 2102 accusare
2050 2065 2218 2114 potuisse.
2241 2077 2278 2106 at
2298 2071 2377 2108 Sci-

1408 2116 1561 2164 pionem
1592 2115 1777 2164 privatum
1808 2114 1988 2153 accusasse
2011 2116 2163 2155 Cottam
2179 2146 2188 2162 ,
2218 2131 2303 2158 cum
2325 2121 2379 2160 bis

1409 2167 1535 2204 consul
1557 2168 1593 2204 ἃ
1613 2167 1741 2216 censor
1763 2167 1843 2214 jam
1875 2164 2015 2212 fuiffet,
2042 2176 2083 2206 ut
2111 2180 2156 2205 ex
2173 2170 2292 2209 verbis
2313 2173 2379 2210 Ci-

1409 2219 1553 2256 ceronis
1581 2218 1618 2254 in
1649 2218 1753 2255 Orat.
1780 2229 1848 2264 pro
1880 2219 1981 2255 Mur.
2002 2219 2151 2257 constet.
2179 2221 2259 2267 post
2289 2223 2381 2261 alte-

1409 2282 1490 2307 rum
1513 2276 1639 2307 autem
1662 2268 1892 2306 consulatum
1916 2268 2058 2307 nullum
2086 2271 2243 2319 amplius
2260 2276 2379 2323 magi—

1408 2321 1558 2358 stratum
1595 2318 1742 2368 geffiffe.
1774 2319 1969 2358 VORST.
2022 2321 2065 2358 In
2091 2321 2234 2372 aliquot
2264 2325 2377 2364 etiam

1410 2372 1537 2409 nostris
1575 2371 1683 2408 MSS.
1720 2382 1914 2419 perperam
1949 2371 2149 2419 appellatur
2189 2376 2227 2411 L.
2257 2377 2378 2426 Scipio.

1411 2422 1581 2460 nonnulli
1610 2434 1694 2459 cum
1730 2423 1836 2470 Meg.
1882 2433 2114 2470 praenomen
2146 2426 2306 2463 omnino
2336 2439 2381 2465 o-

1413 2475 1576 2511 mittunt.
1604 2473 1711 2510 Leid.
1738 2481 1820 2510 tert.
1843 2482 1960 2521 quart.
1982 2475 2021 2510 P.
2049 2476 2153 2520 Scipio
2167 2478 2382 2520 Africanus.

1410 2525 1530 2563 Porro
1548 2523 1638 2571 apud
1652 2526 1808 2573 populum
1829 2524 1877 2561 est
1896 2524 1933 2561 in
1951 2532 2112 2573 utroque
2130 2526 2237 2564 Paris.
2248 2528 2381 2578 Ultraj.

1413 2576 1482 2614 Bit.
1510 2576 1614 2614 Barb.
1642 2575 1774 2623 Copes.
1803 2574 1911 2613 Leid.
1938 2575 2119 2624 quinque.
2173 2577 2244 2615 Sed
2274 2579 2379 2619 Harl.

1409 2626 1498 2677 apud
1524 2638 1721 2677 praetorem.

1471 2691 1530 2726 51.
1575 2681 1792 2729 Qamquam
1831 2675 2035 2727 gravtffimis
2073 2678 2265 2716 criminibus
2305 2692 2379 2718 erat

1407 2729 1567 2778 consoffiz]
1603 2729 1661 2767 Sic
1691 2728 1789 2765 reete
1815 2728 1985 2776 Pighius,
2006 2727 2217 2778 habentque
2245 2743 2375 2770 omnes

1408 2781 1527 2828 scripti
1554 2782 1590 2817 &
1612 2782 1721 2827 Mog.
1746 2778 1813 2816 Ed.
1850 2779 2011 2828 reliquae
2041 2782 2200 2828 quamvis
2229 2782 2377 2819 exhibe-

1409 2831 1507 2869 bant.
1527 2840 1607 2868 tum
1628 2830 1732 2868 Barb.
1762 2831 1799 2867 &
1824 2829 1929 2867 Leid.
1956 2831 2061 2878 prim.
2091 2831 2235 2880 confessa.
2267 2833 2375 2870 male.

1410 2882 1495 2919 Liv.
1526 2883 1569 2918 L.
1592 2894 1627 2919 V.
1661 2895 1717 2920 11.
1746 2884 1788 2918 Et
1809 2892 1920 2917 tamen
1937 2896 1989 2918 eos
2009 2893 2059 2918 tot
2076 2881 2208 2926 judiciis
2225 2883 2377 2931 confoffbs

1406 2931 1728 2983 praedamnatosque
1746 2933 1860 2969 venire
1880 2932 1924 2968 ad
1941 2934 2054 2981 populi
2073 2932 2236 2976 judicium.

1461 2996 1519 3032 52.
1547 2983 1760 3032 2Ampliata]
1802 2984 1960 3022 Notavit
1986 2985 2142 3031 Pighius.
2180 2984 2223 3021 al.
2248 2983 2372 3024 dilata.

1408 3034 1512 3084 quod
1542 3034 1652 3071 video
1680 3033 1752 3071 effe
1780 3035 1817 3071 in
1845 3035 1951 3071 Leid.
1973 3036 2088 3083 quint.

1460 3097 1519 3135 53.
1547 3087 1708 3123 Homines
1735 3085 1965 3135 sapientifflmi
1992 3084 2209 3135 verebantur]
2237 3087 2381 3138 Sapien-

2317 3140 2384 3188 tis.
