2516 3509
344 71 457 185 904¹
573 103 1156 166 ANToN11
1243 101 2144 161 scHuL‘riNGn

344 215 445 277 iacii
464 214 520 260 ad
540 216 568 260 l.
585 218 632 259 6.
642 212 774 272 pta&
789 211 848 258 ad
864 213 892 258 l.
909 223 980 273 30.
995 211 1056 254 D.
1076 208 1117 254 d.
1138 217 1172 253 t.
1206 204 1278 253 sed
1301 206 1455 270 paucis
1474 205 1686 267 expreffa.
1709 208 1778 254 Ita
1797 208 1939 255 videri
1963 208 2109 272 poffet
2133 206 2333 272 superata

337 273 491 323 'omnis
514 271 1048 335 difficultas,dummodo
1069 285 1182 319 tunc
1195 269 1330 317 fuerit
1349 268 1518 316 sublata
1541 268 1751 318 successio
1773 272 1999 336 gentilitia
2018 288 2075 318 ex
2095 272 2196 337 lege
2215 274 2331 321 duos·-

346 342 492 388 decim
507 341 781 400 tabularum,
795 357 900 405 qua,
911 338 1154 385 deficiente
1167 335 1381 400 proximo
1400 334 1617 398 adgnato,
1632 335 1912 382 vocabantur
1923 337 2135 400 gentiles,
2147 338 2332 385 testibus

345 405 461 466 Caio
478 406 523 451 ἃ
538 406 744 470 Ulpiano
758 439 773 464 ,
797 420 995 468 quorum
1019 401 1153 448 verba
1179 400 1314 447 habet
1334 398 1536 446 Collatio
1552 398 1858 446 Mosaicar‘um
1873 400 2246 449 &Romanarum
2270 404 2332 449 le-

343 464 457 533 gum
490 474 557 516 tit.
588 474 663 517 ult.
695 488 789 517 n.2.
814 470 919 531 &4
954 467 1123 531 quique
1144 464 1314 511 docent
1334 463 1446 510 illud
1467 462 1546 510 suo
1570 477 1778 528 tempore
1797 465 1846 509 in
1865 463 1943 509 usu
1963 481 2055 510 non
2076 464 2214 513 fuiffe.
2262 468 2329 514 At

346 534 527 597 quando
540 535 630 581 hoc
651 534 872 596 judicium
897 532 1177 597 agitabatur,
1191 528 1301 576 illud
1320 528 1511 591 viguisse
1533 529 1772 575 ostendunt
1783 527 1953 574 Cicero
1967 531 2014 574 de
2028 531 2194 576 Orator.
2211 533 2278 578 lib.
2293 548 2305 576 1
2320 568 2329 577 .

344 614 430 657 cap.
451 598 520 662 38.
538 599 744 645 Catullus
768 602 938 645 carmin.
952 603 1026 653 69.
1051 596 1110 641 ad
1122 597 1366 652 Manlium,
1380 594 1622 639 Suetonius
1637 593 1806 654 Caesar.
1819 606 1904 652 cap.
1922 607 1961 638 1.
1985 593 2078 638 imo
2101 595 2197 656 ejus
2211 628 2225 654 ,
2246 611 2332 642 ceu

341 663 544 725 Traiano
569 665 814 727 imperante
837 661 1015 716 usitati,
1050 659 1258 705 meminit
1279 658 1449 704 Plinius
1471 660 1706 719 Panegyric.
1727 671 1814 717 cap.
1836 671 1907 718 37.
1943 656 1989 702 &
2006 656 2124 702 sorte
2145 658 2329 706 demum

343 727 454 774 illud
481 727 700 775 sublatum
728 727 792 773 est
812 726 891 773 sub
913 723 1146 773 Hadriano
1163 757 1176 779 ,
1209 721 1320 769 ut&
1335 722 1418 768 alia
1442 722 1585 768 multa
1606 735 1715 767 tunc
1736 720 1921 767 fuerunt
1944 734 2142 779 mutata,
2166 723 2260 769 imo
2283 724 2331 771 &

343 791 559 838 Edi&um
584 805 857 856 perpetuum
881 789 1119 837 conditum
1155 791 1180 834 l.
1198 802 1240 833 2.
1261 793 1295 841 §.
1323 785 1394 833 18.
1424 789 1450 832 l.
1469 801 1506 849 3.
1538 793 1572 840 §.
1593 785 1662 831 18.
1701 789 1747 830 C.
1770 786 1816 830 de
1838 786 2071 844 vetenjur.
2096 790 2330 835 enucleand.

341 857 460 902 unde
483 856 527 902 ὃ(
552 858 588 903 is
611 859 826 919 Princeps
838 853 1195 918 Rempublicam
1220 850 1396 916 legibus
1418 850 1606 896 inbuiss'e
1627 849 1796 895 dicitur
1816 866 1840 895 a
1860 849 2030 895 Latino
2053 852 2221 898 Pacato
2249 857 2331 899 Pa·

344 925 520 981 negyric.
557 923 615 967 ad
641 920 832 981 Theoxloſs
865 935 951 980 cap.
978 937 1041 964 ιι.
1077 920 1139 964 ita
1171 918 1288 962 inter
1315 914 1492 962 nostros
1511 912 1859 975 Jurisconsultos
1894 930 1945 960 ac
1979 914 2061 960 hos
2092 914 2330 979 scriptores

345 987 522 1047 optime
558 987 825 1031 conveniet:
861 983 933 1030 sed
957 983 1122 1029 necilli
1142 981 1336 1045 gentiles
1367 980 1436 1025 M.
1455 982 1642 1025 Annaeo
1670 978 1912 1036 obstitere,
1950 977 1980 1023 fi
2006 977 2199 1040 speciem
2223 983 2329 1028 reti-

344 1066 555 1106 neamus,
591 1067 724 1113 quam
746 1047 1001 1112 posuimus,
1035 1061 1158 1110 patre
1180 1047 1300 1091 enim
1334 1047 1430 1108 ejus
1462 1045 1773 1106 emancipato,
1810 1042 1932 1105 quod
1968 1043 2079 1088 olim
2105 1043 2204 1090 fieri
2236 1062 2330 1093 non

344 1115 528 1177 potuit,
562 1115 672 1176 quin
695 1115 852 1177 aliquis
885 1114 930 1158 in
958 1112 1265 1176 imaginariam
1299 1108 1559 1156 servitutem
1585 1108 1909 1166 deduceretur,
1948 1110 1974 1153 l.
1993 1122 2030 1170 3.
2067 1116 2102 1162 ᾗ.
2123 1123 2160 1154 1.
2196 1111 2260 1156 D.
2283 1113 2331 1157 de

341 1191 461 1237 crrzpst.
487 1182 635 1224 mima.
671 1195 749 1241 per
771 1179 892 1224 illam
915 1177 1277 1223 deminutionem
1304 1174 1464 1237 capitis
1487 1173 1707 1220 sublatum
1730 1171 1818 1218 fuit
1837 1173 1911 1234 jus
1935 1188 2028 1217 non
2052 1186 2230 1220 tantum
2252 1175 2328 1220 ad-

339 1243 591 1305 gnationis,
629 1243 667 1305 §.
691 1246 766 1290 ult.
807 1243 903 1302 lust.
936 1244 982 1287 de
1012 1245 1177 1301 legitim.
1207 1241 1424 1300 adgnator.
1455 1241 1572 1284 tutel.
1619 1237 1689 1283 sed
1720 1236 1767 1282 ἓξ
1801 1236 2066 1299 gentilitatis
2087 1271 2102 1296 ,
2145 1239 2327 1286 auctore

338 1309 565 1353 Cicerone
590 1311 725 1368 Τομέα.
761 1322 844 1367 cap,
864 1313 907 1353 6.
945 1306 1013 1351 uti
1042 1305 1153 1351 illud
1177 1319 1360 1367 quoque
1381 1302 1551 1350 fac'tum
1573 1302 1636 1348 est
1657 1300 1980 1364 adrogatione,
2016 1302 2072 1346 id.
2110 1306 2234 1348 Cicer.
2251 1320 2328 1364 pro

336 1374 448 1418 domo
484 1387 572 1432 cap.
603 1388 674 1418 11.
743 1372 863 1418 Tale.
882 1370 988 1433 quid
1013 1369 1094 1415 nisi
1119 1368 1435 1426 intervenerit,
1471 1383 1576 1413 cum
1608 1366 1722 1430 juris
1746 1365 1893 1412 civilis
1919 1365 1990 1413 vel
2012 1366 2231 1413 Praetorii
2257 1385 2325 1415 ra-

333 1437 459 1483 tione
483 1437 717 1483 decretum
739 1437 1133 1482 centumvirorum
1159 1433 1393 1480 conciliari
1418 1433 1588 1494 nequit.

356 1502 611 1562 ‹RcsbiditJl
641 1500 1044 1559 Quemadmodum
1071 1498 1304 1545 accusator
1325 1496 1496 1544 dicitur
1519 1511 1645 1542 reum
1670 1495 1908 1552 damnare,
1940 1492 2048 1540 dum
2073 1493 2241 1554 efficit,
2276 1511 2328 1544 ut

335 1566 368 1610 is
393 1583 416 1611 a
437 1565 590 1628 judice
613 1565 876 1623 damnetur,
913 1564 1034 1627 apud
1051 1563 1422 1623 Qinchlianum
1440 1562 1722 1607 declamation.
1741 1573 1845 1622 313.
1864 1572 1968 1622 331.
1987 1566 2042 1620 36
2059 1576 2089 1604 ι.
2112 1559 2328 1623 aliosque3

335 1630 381 1674 ἃ
404 1630 705 1676 condemnare
726 1629 844 1693 apud
874 1630 1121 1692 Ulpianum
1154 1631 1182 1674 l.
1198 1643 1240 1673 2.
1259 1641 1325 1687 pr.
1352 1629 1409 1671 D.
1437 1626 1496 1672 ad
1516 1629 1590 1688 leg.
1617 1627 1713 1685 Jul.
1734 1625 1781 1670 cle
1806 1625 1985 1669 adulter.
2024 1625 2086 1669 ita
2109 1625 2143 1670 is
2163 1625 2239 1671 hic
2260 1626 2327 1672 di·

333 1694 453 1739 citur
479 1695 795 1741 testamentum
818 1693 1087 1751 rescindere,
1123 1693 1201 1755 qui
1237 1692 1284 1737 in
1310 1690 1491 1754 judicio
1518 1688 1815 1736 rescissionem
1837 1688 2018 1734 obtinet
2056 1691 2084 1734 l.
2108 1703 2183 1750 24.
2211 1694 2256 1735 C.
2278 1692 2326 1736 de

331 1757 536 1820 inofficioſs
560 1760 787 1818 testament.
806 1761 834 1804 l.
855 1764 926 1803 16.
949 1763 994 1802 C.
1007 1757 1155 1817 famil.
1185 1755 1403 1817 ercx'scund.
1436 1753 1484 1800 &
1508 1754 1637 1800 liberi
1662 1770 1739 1816 per
1758 1753 1986 1799 bonorum
2011 1751 2321 1814 poffeffionem

306 1834 314 1842 ·
335 1835 494 1868 contra
515 1822 681 1869 tabulas
695 1822 868 1885 judicia
892 1833 1130 1883 parentum
1150 1817 1395 1864 rescindere
1415 1819 1443 1864 l.
1465 1833 1504 1863 1.
1522 1833 1587 1878 pr.
1617 1821 1673 1863 D.
1701 1819 1748 1863 de
1769 1821 1891 1879 legat.
1909 1817 2144 1878 praestand.
2166 1834 2322 1881 quam-

335 1888 400 1933 vis
422 1902 466 1932 re
490 1903 594 1932 vera
620 1887 665 1932 id
694 1886 745 1932 fit
770 1885 1045 1932 beneficium
1071 1883 1308 1929 Praetoris.

357 1951 490 2011 “Ipso
515 1952 674 2012 quidem
704 1952 882 2011 Pompejo
896 1948 1122 2011 figmatore]
1153 1945 1379 1994 Officium
1404 1945 1605 2009 signandi
1629 1945 1907 2003 testamenti,
1932 1944 2057 2007 quod
2082 1944 2325 1994 advocato·

339 2031 439 2060 rum
460 2013 1090 2061 muneri&commendationi
1112 2011 1456 2058 candidatorum
1478 2011 1735 2074 aequiparat
1750 2011 1917 2056 Seneca
1940 2010 2049 2068 epzst.
2063 2026 2166 2056 vm.
2188 2013 2324 2059 etiam

339 2077 537 2124 summae
574 2079 807 2142 dignitatis
837 2079 956 2125 viros
991 2077 1085 2123 aliis
1119 2075 1406 2140 praestitisse,
1442 2088 1629 2138 apparet
1663 2089 1846 2138 quoque
1876 2089 1931 2119 ex
1958 2073 2212 2134 Cicerone,
2249 2079 2326 2140 qui

332 2145 424 2207 jam
451 2142 623 2189 dudum
650 2141 935 2202 Consularis,
969 2141 1079 2205 Cyri
1103 2139 1338 2188 architeffli
1367 2139 1687 2186 testamentum
1713 2138 1930 2201 signavit,
1949 2139 2018 2184 uti
2046 2138 2134 2202 ipse
2156 2140 2200 2185 id
2226 2158 2325 2188 nar-

329 2221 408 2254 ·rat
437 2210 627 2253 Oratim.
659 2223 733 2266 pro
757 2212 910 2253 Milon.
935 2221 1023 2267 cap.
1045 2206 1113 2253 18.
1150 2222 1254 2252 cum
1282 2207 1327 2250 in
1347 2204 1509 2251 eodem
1535 2203 1638 2249 effet
1660 2204 1786 2249 heres
1809 2202 2024 2265 scriptus,
2060 2203 2183 2266 quod
2215 2219 2327 2253 tunc

341 2273 559 2334 temporis
583 2272 758 2318 licitum
782 2271 907 2318 fuisse
929 2271 1066 2319 docet
1087 2272 1341 2334 Imperator
1363 2278 1398 2325 ᾗ.
1416 2286 1488 2316 10.
1510 2271 1607 2325 [nst.
1623 2269 1669 2314 de
1692 2268 1918 2326 tastament.
1942 2268 2156 2316 ordinand.
2178 2285 2234 2316 ne
2257 2271 2324 2317 di-

342 2352 441 2381 cam
464 2335 519 2381 de
543 2335 766 2392 Claudio,
802 2352 936 2398 quem
958 2335 1105 2380 adhuc
1137 2336 1364 2398 privatum
1390 2334 1508 2380 idem
1535 2332 1683 2378 fecifl'e
1708 2332 1950 2378 Suetonius
1982 2331 2136 2379 scribit
2173 2336 2326 2382 Claud.

341 2414 428 2460 cap.
455 2416 525 2445 ιο.
557 2416 713 2446 verum
736 2399 847 2445 illud
868 2399 1129 2462 exemplum
1155 2399 1339 2444 minoris
1361 2399 1424 2446 est
1446 2397 1684 2462 ponderis,
1721 2412 1828 2442 cum
1849 2396 1885 2442 is
1908 2397 2051 2442 multa
2076 2399 2221 2460 egerit
2242 2402 2328 2446 mi-

343 2480 423 2510 nus
457 2463 633 2510 decora.

364 2531 517 2574 »Cum
530 2532 717 2589 parentis
738 2527 958 2588 cineribus]
998 2525 1140 2586 Qafi
1171 2528 1348 2589 querela
1368 2525 1608 2573 inofficiosi
1633 2537 1921 2571 mortuorum
1953 2524 2120 2572 cineres
2148 2528 2325 2590 quietos

345 2592 430 2639 esse
451 2609 544 2638 non
566 2606 817 2656 pateretur,
851 2605 903 2637 ut
927 2592 1130 2654 loquitur
1162 2590 1345 2653 capseq.
1367 2609 1428 2637 ex.
1443 2607 1488 2653 4.
1523 2590 1775 2637 dementiae
1795 2590 1916 2634 enim
1947 2588 2236 2639 accusabatur
2258 2607 2324 2639 te·

345 2657 496 2703 stator.
566 2659 648 2704 Ne
668 2673 774 2703 vero
796 2655 893 2719 quis
916 2656 1170 2713 existimet,
1206 2655 1306 2700 ideo
1329 2655 1587 2702 adhibitum
1612 2654 1697 2700 esse
1722 2653 1850 2699 illum
1874 2667 2187 2716 praetextum,
2222 2659 2327 2720 quia

344 2722 444 2782 pius
460 2721 576 2769 filius
599 2723 644 2768 in
667 2734 792 2784 patre
813 2721 974 2765 mentis
994 2735 1188 2765 errorem
1215 2720 1377 2766 morbo
1399 2721 1553 2784 potius
1572 2718 1839 2765 adscriberet
1862 2734 1912 2763 ac
1935 2717 2056 2778 fato,
2070 2736 2204 2781 quam
2225 2739 2326 2768 mo-

344 2784 490 2842 ribus,
526 2800 575 2831 ut
600 2787 757 2848 loquar
781 2800 888 2831 cum
914 2784 1165 2844 Calpurnio
1193 2784 1358 2830 Flacco
1381 2787 1665 2831 declamation.
1706 2798 1776 2845 30.
1813 2783 1900 2829 tale
1921 2783 2039 2828 enim
2072 2784 2241 2848 aliquid
2265 2788 2327 2834 al-

344 2848 583 2911 legandum
617 2864 738 2909 erat,
773 2865 864 2911 quo
899 2849 1213 2894 testamentum
1247 2849 1486 2895 necefl'ario
1509 2849 1603 2895 vim
1631 2849 1885 2906 amitteret,
1920 2847 1975 2892 ad
2006 2850 2131 2910 quod
2164 2851 2327 2898 vitium

346 2928 525 2958 morum
548 2914 613 2958 vel
639 2914 820 2959 durities
841 2929 934 2958 non
953 2910 1201 2958 suffecisset.

412 2977 601 3024 Paterna
632 2978 755 3040 bona]
796 2979 1021 3027 Accurate
1044 2976 1273 3040 loquitur3
1309 2993 1392 3025 nec
1424 2978 1546 3024 enim
1584 2976 1701 3024 filius
1732 2976 2059 3036 hereditatem,
2094 2994 2207 3041 quae
2229 2967 2332 3041 jure

2270 3058 2333 3088 ci-
