2516 3509
375 105 479 164 302

573 69 989 139 VALERII
1051 66 1437 127 MAXIMI
1476 68 1602 126 Lm.
1643 68 1752 126 111.
1794 67 1941 129 CAP.
1981 70 2120 132 Vn.

371 184 636 249 Hispaniam
662 177 846 225 mittere
869 171 1023 234 ausus,
1057 172 1197 232 fecit,
1232 169 1275 198 ⁶⁶
1294 186 1350 217 ne
1370 171 1607 220 hostilium
1636 172 1767 221 locus
1801 173 2083 235 castrorum,
2117 185 2220 222 turn
2243 171 2393 222 maxi-2*

373 280 446 311 me
467 262 699 324 Capenam
725 267 910 319 portam
933 252 1067 300 armis
1090 249 1317 299 Annibale
1336 249 1564 315 pulsante,
1600 254 1790 301 minoris
1820 255 2022 315 veniret,
2057 270 2194 319 quam
2216 252 2250 302 fi
2272 255 2392 303 Poe-

375 346 423 393 ni
446 342 576 389 illum
599 354 695 386 non
717 335 991 384 obtinerent.
1036 331 1083 373 ⁶7
1108 333 1181 380 Ita
1200 330 1242 378 se
1259 346 1417 397 gerere
1437 331 1485 378 in
1507 331 1699 380 adverfis
1717 333 1849 382 rebus
1869 334 1981 400 quid
2000 333 2121 382 aliud
2140 334 2230 394 est,
2254 350 2393 400 quam

369 426 639 475 saevientem
657 421 915 481 fortunam,
950 420 997 466 in
1021 417 1301 484 adjutorium
1323 415 1416 477 sui,
1450 415 1629 481 pudore
1652 417 1821 467 vietam
1844 420 2144 468 convertere?

437 506 621 572 Magno
649 502 793 569 spatio
823 499 988 549 divisus
1020 499 1084 546 est
1103 498 1129 546 a
1151 497 1303 546 senatu
1332 497 1388 545 ad
1421 499 1611 563 poetam
1628 497 1841 547 ’Accium
1875 500 2099 549 transitus.
2169 500 2393 549 Ceterum

371 594 426 631 ut
447 581 502 630 ab
524 598 581 629 eo
602 579 836 627 decentius
859 577 915 625 ad
933 589 1119 624 externa
1146 572 1442 634 transeamus,
1476 572 1762 638 producatur
1782 575 1829 622 in
1851 575 2070 624 medium.

2138 572 2183 604 ⁶3
2207 578 2251 625 Is
2265 576 2393 638 Julio

374 662 549 714 Caesari
582 660 855 727 amplissimo
877 659 926 706 &
950 656 1267 706 florentissimo
1291 657 1394 705 viro
1423 657 1472 702 in
1493 655 1746 722 collegium
1771 658 2014 720 poetarum
2051 657 2250 706 venienti
2277 675 2394 705 nun«

377 761 516 811 quam
537 742 795 790 assurrexit:
812 757 907 787 non
926 738 1164 804 majestatis
1185 738 1281 802 ejus
1301 733 1655 794 immemor‚sed
1683 733 1809 799 quod
1831 734 1878 780 in
1901 734 2244 798 comparatione
2265 750 2395 782 com-

377 826 589 874 munium
626 822 879 870 studiorum
901 856 917 882 ,
963 820 1192 884 aliquanto
1226 817 1505 882 superiorem
1539 816 1581 864 se
1614 816 1700 864 esse
1734 814 2004 863 confideret.
2056 878 2063 881 -
2098 814 2399 880 Qapropter

380 904 642 953 insolentiae
678 901 868 948 crimine
902 900 1075 948 caruit:
1113 898 1218 964 quia
1250 896 1315 944 ibi
1349 895 1670 956 voluminum,
1707 896 1747 931 ⁶⁹
1771 911 1865 943 non
1897 893 2152 960 imaginum
2188 895 2400 942 certamin

384 1001 441 1033 na
472 979 816 1031 exercebantur.

1150 1094 1630 1141 EXTERNA.

451 1226 495 1260 7Ο
519 1219 601 1267 Ne
623 1214 867 1282 Euripides
890 1212 1076 1278 quidem
1099 1212 1291 1260 Athenis
1314 1227 1528 1276 arrogans
1559 1209 1677 1261 visus
1699 1211 1791 1272 est,
1827 1217 1867 1252 7¹
1898 1228 2007 1260 cum
2036 1210 2296 1276 postulante
2316 1228 2402 1276 po-

390 1429 485 1470 faeta
515 1432 709 1470 mentione
735 1431 785 1468 ita
813 1427 995 1471 mutavit,
1030 1433 1072 1464 ut
1099 1439 1169 1463 cum
1193 1423 1212 1462 ὲ
1233 1424 1369 1474 princi-

390 1484 455 1531 pio
483 1483 631 1521 Periodi
660 1483 699 1520 in
729 1481 842 1518 finem
868 1479 1112 1521 transferret,
1141 1479 1179 1515 ἃ
1205 1475 1368 1521 locaret,

389 1542 477 1571 ante
497 1535 636 1582 mififfbt.
689 1533 813 1572 Etiam
844 1529 1014 1568 nonnulli
1036 1528 1141 1567 MSS.
1168 1538 1295 1565 centum
1322 1535 1368 1564 Ψ

389 1590 519 1635 wgmri
540 1588 689 1622 navium.

441 1638 500 1675 66.
529 1643 587 1673 Ne
611 1636 776 1684 hostilium
807 1635 893 1670 locus
912 1635 1089 1681 castrorum
1118 1633 1255 1668 minoris
1274 1631 1372 1667 ‘vem'-

390 1687 458 1737 ret]
491 1689 620 1726 Livius
638 1699 743 1730 xxvx,
770 1698 825 1723 11.
851 1688 966 1721 Parva
1003 1685 1083 1732 (res
1098 1710 1109 1726 ,
1132 1694 1233 1732 quae
1251 1682 1374 1720 Anni-

394 1739 466 1777 bali
497 1739 598 1789 spem
630 1738 786 1783 minuit)
815 1734 903 1787 quod
929 1745 988 1784 per
1015 1750 1066 1770 eos
1095 1732 1164 1769 dies
1196 1748 1268 1769 eum
1281 1737 1373 1780 sorte

391 1804 533 1840 agrum,
561 1793 598 1827 in
624 1804 687 1841 quo
715 1790 783 1838 ipse
804 1791 907 1836 (astra
935 1786 1090 1830 haberet,
1116 1784 1262 1832 venisse,
1287 1783 1375 1820 nibil

389 1842 430 1878 ob
449 1842 484 1878 id
502 1842 665 1879 diminuto
681 1842 788 1890 pretio
801 1868 810 1885 ‚
836 1841 999 1890 cognitum
1020 1852 1060 1873 ex
1081 1834 1225 1887 quodam
1242 1837 1375 1886 captivo

393 1896 462 1942 est,
492 1904 564 1931 m.
591 1892 789 1930 VORST.

448 1946 507 1991 67.
535 1947 586 1981 lta
610 1947 647 1993 se
661 1958 775 1995 gerere
795 1946 830 1978 in
847 1941 994 1990 adversis
1012 1937 1125 1988 rebus]
1155 1938 1237 1977 MS.
1261 1938 1376 1976 omit-

396 1997 441 2033 tit
469 1996 565 2032 rebus
581 2024 590 2039 ‚
621 1997 659 2033 δε
682 1993 854 2044 profec‘to
877 2004 956 2030 non
979 1991 1212 2029 defideratur.
1237 1989 1377 2028 PERI-

395 2046 520 2085 ZON.
550 2047 585 2084 Si
604 2045 713 2091 absit,
734 2057 803 2082 nec
822 2057 893 2093 ego
914 2042 1116 2080 desiderem
1131 2070 1141 2087 ,
1168 2053 1267 2080 nunc
1286 2053 1375 2079 cum

397 2099 508 2136 ceteri
530 2099 695 2142 servent,
723 2096 811 2134 nihil
830 2094 1049 2133 mutandum
1075 2094 1135 2130 est.

447 2150 507 2187 68.
537 2152 570 2185 Is
589 2149 692 2194 Julio
713 2150 845 2197 Caesari
876 2146 1067 2194 ampltffi‘mo
1089 2142 1374 2191 &florentiffi'mo

396 2200 489 2250 viro]
522 2202 627 2237 Haec
657 2199 765 2236 verba
796 2199 841 2236 de
872 2197 1051 2234 dictatore
1085 2195 1239 2232 Caesare
1271 2205 1379 2231 com-

398 2260 627 2290 mentatores
662 2250 870 2298 intelligunt
890 2277 899 2292 ‚
936 2247 997 2285 sed
1024 2257 1251 2296 perperam3
1291 2255 1378 2283 cum

399 2304 538 2341 Accius
566 2306 678 2350 poeta
708 2310 859 2338 centum
888 2311 1005 2348 prope
1035 2298 1137 2336 annis
1166 2297 1211 2334 C.
1236 2294 1375 2342 Julium

399 2353 637 2403 praecesserit.
663 2352 763 2400 Ergo
785 2354 844 2389 hic
863 2349 1063 2399 legendum
1087 2347 1283 2393 Saffum
1293 2350 1377 2384 Cae-

389 2408 467 2454 fhri
496 2405 687 2454 ampliffimo
709 2412 753 2439 ω’
778 2402 1001 2451 florenttffi‘mo
1022 2403 1119 2438 viro.-
1148 2399 1377 2447 pronomine

396 2469 476 2495 non
496 2454 628 2495 omiffo
649 2460 761 2492 Sexto.
798 2454 880 2490 Fuit
900 2461 1027 2489 aurem
1052 2457 1131 2488 Sex.
1152 2450 1274 2495 Julius
1295 2452 1378 2486 Cae-

389 2513 454 2559 sar
485 2507 611 2546 consul
638 2518 739 2544 anno
769 2505 812 2543 ab
842 2504 892 2540 U.
921 2504 966 2539 C.
997 2515 1080 2551 597.
1107 2502 1245 2549 septem
1278 2501 1380 2538 annis

398 2568 485 2600 ante
513 2559 664 2596 tertium
682 2557 865 2595 Punicum
892 2554 1051 2597 bellum,
1080 2562 1119 2590 ut
1142 2553 1191 2589 ait
1213 2551 1304 2587 Plin.
1330 2552 1376 2588 L.

397 2624 535 2651 xxxm.
567 2610 659 2658 Cap.
685 2621 715 2658 3.
745 2618 830 2645 cum
859 2606 903 2643 C.
928 2604 1059 2642 Caesar
1090 2603 1248 2640 diest-nor
1274 2613 1375 2640 anno

396 2664 441 2702 ab
471 2665 521 2700 U.
543 2662 586 2699 C.
612 2662 697 2709 695.
726 2659 825 2696 Ecce
852 2657 1052 2695 distantiam
1082 2653 1375 2692 duodecentum.

400 2712 673 2753 GLAREAN.
723 2709 824 2757 Julio
854 2709 998 2757 Caqfizri.
1037 2706 1241 2743 Glareanus
1265 2703 1374 2752 legit:

397 2772 476 2805 Sex,
501 2765 602 2810 Jalio
624 2766 771 2812 Caesam.
810 2761 885 2810 Qui
910 2761 1011 2798 enim
1035 2757 1207 2796 Die‘tator
1226 2755 1286 2793 ille
1308 2768 1377 2804 po-

399 2820 469 2855 tuit
500 2814 567 2852 esse
591 2815 604 2851 Ρ
639 2815 786 2863 Pighius
813 2815 850 2850 C.
867 2814 1038 2859 Caesarem
1060 2808 1253 2846 Strabonem
1283 2806 1379 2844 acci-

398 2870 460 2918 pit.
491 2867 682 2905 COLER.
739 2867 766 2901 (s
785 2864 886 2910 Julio
907 2865 1052 2911 Caesari.
1079 2860 1224 2909 Pighius
1245 2858 1379 2903 censet,

401 2921 444 2957 C.
458 2920 507 2957 Ca
517 2919 651 2956 esu-em
665 2916 884 2954 Strabonem
906 2913 1080 2962 intelligi,
1102 2912 1167 2962 qui
1184 2909 1281 2948 bello
1294 2911 1380 2947 Ma-

403 2973 507 3010 riano
530 2970 647 3020 periit.
701 2968 802 3006 Nam
821 2965 908 3015 Julii
927 2965 1088 3006 Caesaris
1109 2962 1296 3003 did-noris
1317 2973 1379 3000 ae-

2263 1290 2375 1354 pulo
2390 1325 2404 1350 ,

1421 1421 1572 1474 qualem
1589 1419 1752 1460 Accium
1781 1422 1939 1470 pot-'tam
1960 1431 2039 1459 non
2060 1417 2175 1458 fuiffe.
2229 1419 2302 1460 Sed
2326 1422 2404 1461 for·

1421 1471 1509 1513 taffe
1527 1473 1616 1512 alius
1635 1473 1697 1510 hic
1720 1471 1768 1510 est
1778 1472 2066 1522 Accius,quam
2090 1472 2193 1521 cujus
2217 1472 2407 1522 fragmen-

1420 1534 1458 1565 ta
1487 1532 1636 1568 extant3
1665 1523 1845 1574 ipsiusque
1868 1523 2030 1562 Caesaris
2057 1521 2247 1562 dit-“tatoris
2268 1536 2407 1576 aequa—

1420 1577 1474 1616 lis.
1500 1575 1698 1614 VORST.
1750 1575 1813 1614 An
1836 1586 1926 1624 ergo
1948 1574 2039 1613 solet
2062 1574 2112 1612 ita
2134 1574 2328 1614 Caesarem
2351 1576 2407 1616 di-

1423 1629 1608 1667 datorem
1639 1638 1727 1665 cum
1750 1626 1939 1671 describit,
1966 1626 2118 1674 defungi
2134 1626 2211 1664 hoc
2230 1628 2340 1666 titulo
2362 1637 2404 1667 ut

1424 1692 1512 1718 eum
1537 1679 1766 1729 amplffmum
1787 1686 1833 1715 Θ
1853 1678 2118 1727 florenttff‘mum
2137 1680 2262 1716 Virum
2289 1679 2410 1726 dicat,

1425 1732 1464 1769 &
1483 1743 1563 1769 non
1582 1730 1705 1780 potius
1725 1730 1961 1769 divinitatem
1988 1729 2066 1777 ejus
2085 1731 2124 1767 &
2143 1740 2286 1768 numen
2315 1742 2408 1769 con-

1425 1781 1558 1820 fideret
1577 1811 1588 1829 ,
1626 1788 1739 1831 atque
1771 1779 1953 1819 extollat?
1981 1779 2030 1818 Et
2066 1791 2180 1829 quam
2208 1781 2406 1821 absurdum

1426 1833 1498 1878 est,
1527 1841 1567 1872 ut
1600 1832 1646 1870 de
1666 1832 1821 1870 Caesare
1841 1831 2037 1870 Dictatore
2066 1830 2310 1879 intelligatur,
2338 1832 2410 1871 fin-

1425 1895 1513 1934 gere
1532 1886 1570 1922 in
1589 1884 1719 1922 animo
1737 1884 1803 1921 suo
1816 1911 1827 1928 ,
1845 1880 1950 1920 fuiffe
1974 1879 2122 1919 fortaffe
2138 1882 2253 1921 alium
2273 1895 2408 1931 quem-

1426 1936 1514 1974 dam
1535 1936 1696 1974 Accium
1716 1934 1764 1972 illi
1785 1932 2007 1984 aequalem?
2038 1935 2172 1982 Quum
2191 1935 2312 1984 quivis
2328 1935 2410 1972 sen-

1427 1989 1492 2026 tiat
1511 1986 1721 2026 Aueiorem
1745 1985 1790 2023 de
1810 1984 2056 2022 celeberrimo
2075 1984 2139 2021 illo
2150 1985 2270 2022 Accio
2288 1985 2410 2036 loqui,

1426 2051 1507 2077 non
1527 2039 1573 2076 de
1592 2037 1802 2076 obscuriore
1820 2035 1989 2085 quodam
2009 2038 2135 2083 poeta.
2155 2035 2278 2074 Potest
2296 2037 2410 2076 etiam

1426 2089 1581 2138 intelligi
1608 2093 1648 2127 L.
1671 2088 1794 2134 Julius
1813 2089 1937 2134 Caefizr
1960 2113 1970 2130 ‚
2006 2086 2071 2136 qui
2099 2086 2148 2124 A.
2172 2086 2221 2124 U.
2245 2098 2412 2130 Dtxr11.

1431 2140 1570 2179 Consul
1589 2140 1660 2177 fuit
1681 2150 1768 2177 cum
1791 2138 1987 2176 P.Rutilio
2002 2137 2128 2186 Lupo.
2156 2136 2288 2188 Itaque
2307 2152 2414 2188 prae-

1432 2200 1488 2230 ter
1518 2190 1703 2230 rationem
1726 2189 1920 2228 fluctuatur
1951 2188 1992 2226 P.
2011 2188 2178 2234 Baehus,
2206 2189 2253 2228 de
2274 2193 2415 2240 Caesare

1431 2243 1593 2281 diffatere
1611 2240 1945 2291 intelligendumne
1962 2240 2038 2278 hoc
2056 2239 2122 2286 fit,
2149 2252 2196 2279 an
2217 2241 2263 2279 de
2281 2245 2320 2280 C.
2328 2246 2413 2280 Cae-

1425 2298 1527 2345 fhre,
1556 2293 1621 2345 qui
1641 2293 1740 2331 bello
1766 2292 1941 2331 Mariano
1973 2291 2104 2341 periit,
2130 2299 2172 2329 ut
2199 2293 2338 2330 censuit
2353 2294 2414 2332 Pi-

1429 2348 1547 2395 ghius.
1600 2346 1701 2383 Nam
1734 2344 1906 2393 quamvis
1932 2342 1979 2382 ad
1998 2354 2138 2380 annum
2162 2343 2276 2393 usque
2296 2346 2345 2382 U.
2366 2346 2411 2384 C.

1430 2415 1606 2438 nchvix.
1633 2397 1769 2434 vixerit
1784 2395 1945 2439 Accius,
1974 2394 2127 2438 Caesar,
2155 2396 2220 2444 qui
2251 2395 2353 2434 sexto
2373 2398 2412 2439 &

1430 2447 1767 2498 quinquagensimo
1796 2447 1924 2484 aetatis
1953 2457 2053 2484 anno
2075 2445 2205 2495 periit,
2232 2454 2313 2486 tum
2341 2449 2412 2487 fuit

1430 2511 1521 2548 puer
1542 2498 1744 2537 duodecim
1766 2509 1966 2536 annorum.

1481 2551 1543 2599 69.
1570 2552 1653 2588 Non
1677 2551 1862 2600 imaginum
1887 2546 2086 2598 certamina]
2115 2549 2207 2587 Non
2228 2548 2411 2598 spefftaba·

1427 2608 1486 2639 tur
1507 2601 1577 2644 ibi,
1607 2612 1696 2651 quas
1723 2602 1803 2651 quis
1831 2602 2012 2650 imagines
2032 2600 2206 2644 haberet,
2232 2600 2292 2638 sed
2311 2613 2408 2651 quae

1430 2653 1623 2691 volumina
1639 2682 1650 2698 ‚
1669 2664 1763 2702 quos
1784 2652 1917 2697 libros,
1945 2651 2123 2690 edidiflet.
2150 2652 2344 2690 VORST.

1481 2716 1542 2750 70.
1580 2706 1634 2738 Ne
1669 2702 1844 2754 Euripides
1873 2702 2032 2755 quidem]
2079 2703 2133 2740 Ita
2168 2702 2325 2741 rescribo
2362 2713 2409 2740 ex

1429 2754 1538 2793 codd.
1560 2754 1693 2793 Brand.
1714 2757 1753 2793 ὃς
1775 2768 1820 2793 ex
1840 2756 1936 2804 typis
1960 2751 2124 2802 expresso
2144 2754 2409 2792 MartiniHer-

1428 2806 1501 2855 bip.
1528 2804 1644 2844 Aldus
1666 2807 1704 2845 &
1724 2808 1825 2844 hunc
1850 2807 1963 2845 secuti
1989 2805 2137 2853 Pighius
2166 2805 2205 2842 &
2226 2804 2309 2851 alii,
2335 2810 2411 2842 Nec

1429 2859 1544 2907 Eurip.
1568 2856 1709 2907 quidem.
1737 2858 1932 2897 VORST.
1984 2856 2140 2893 variant
2162 2856 2283 2894 nostri.

1482 2920 1541 2955 71.
1564 2912 1647 2945 Cum
1661 2911 1848 2959 postulante
1869 2907 2006 2959 populo]
2030 2906 2197 2951 Quidam
2217 2909 2412 2957 Postulante

1429 2975 1503 2997 eum
1516 2963 1648 3010 populo.
1678 2961 1818 3012 Copes.
1839 2963 1892 3000 Ex
1919 2957 2092 3010 tragoedia
2113 2957 2260 3010 quadam
2279 2962 2416 3008 senten-

1430 3013 1516 3051 tiam
1535 3013 1677 3052 tolleret.
2278 3021 2335 3057 72.
2365 3017 2411 3048 Ut
