2516 3509
0 2770 23 2822 ἱ

527 80 665 135 DE
754 71 1629 133 CONSTANTIA.

1947 87 2057 143 ’ἕως

75 181 267 248 M‘saepe
283 181 419 229 etiam
440 180 514 246 spe
533 181 649 228 bene
670 177 890 244 gerendae
909 178 971 223 rei
994 177 1143 225 oblata
1157 211 1172 237 ,
1207 191 1439 240 nunquam
1465 173 1490 219 a
1510 172 1684 221 consilii
1699 170 1983 232 salubritate,
2006 188 2062 220 ne

61 257 196 324 parvi
217 258 400 321 quidem
423 256 676 303 certaminis
700 253 980 312 discrimine,
1014 251 1199 300 recessit.
1246 248 1481 312 Quodque
1497 247 1560 293 est
1578 247 1900 294 difficillimum
1916 282 1931 307 ,
1953 246 2055 295 ubi-

72 354 160 401 que
181 338 243 383 ira
258 352 308 382 ac
339 335 413 399 spe
436 334 638 399 superior
659 334 879 398 apparuit.
947 332 1076 395 Ergo
1103 344 1156 377 ut
1189 329 1346 391 Scipio
1378 325 1656 390 pugnando,
1692 326 1754 371 ita
1778 326 1854 372 hic
1876 342 1969 372 non
1992 324 2059 370 di-

71 416 308 475 micando,
343 416 540 462 maxime
561 414 735 461 civitati
759 412 933 459 nostrae
970 417 1008 437 2¹
1035 406 1295 457 succurrisse
1319 404 1434 452 visus
1454 403 1530 448 est.
1599 401 1731 447 Alter
1761 402 1882 446 enim
1903 400 2059 447 celeri·
2122 460 2124 462 Υ

60 508 160 546 state
188 494 261 542 sua
278 495 602 559 Carthaginem
633 491 872 557 oppressit:
909 488 1019 537 alter
1046 485 1338 544 cunctatione
1364 482 1412 528 id
1439 482 1562 544 egit,
1598 496 1653 525 ne
1672 481 1830 525 Roma
1859 480 2059 542 opprimi

60 579 225 643 posset.

132 657 189 703 C.
214 658 349 704 etiam
363 654 575 703 Pisonem
602 661 642 681 2²
665 651 859 700 mirifice
879 650 927 696 ὅζ
948 646 1204 696 constanter
1224 640 1490 691 turbulento
1515 637 1789 702 reipublicae
1813 635 1928 682 statu
1947 632 2058 698 egis-

64 733 105 779 se
127 729 355 777 consulem
378 730 629 775 narratione
651 724 898 788 insequenti
923 721 1112 786 patebit.

1183 724 1224 754 ²3
1252 717 1326 763 M.
1347 715 1544 761 Palicani
1570 711 1880 759 seditiosiffimi
1910 711 2059 757 homi-

67 815 132 860 nis
153 811 367 877 pestiferis
386 810 615 857 blanditiis
636 818 895 873 praereptus
930 801 1091 865 populi
1123 799 1253 846 favor
1281 795 1584 842 consularibus
1607 795 1806 841 comitiis
1835 793 2060 841 summum

39 924 45 927 -
69 889 260 936 dedecus
281 887 517 934 admittere
538 885 815 940 conabatur,
851 877 1168 941 ampliffimum
1190 876 1230 920 ei
1262 874 1508 934 imperium
1537 871 1708 917 deferre
1736 871 1946 933 cupiens,
1980 888 2059 916 cu-

64 967 137 1028 jus
156 962 393 1010 teterrimis
418 960 525 1006 aistis
547 956 823 1020 exquisitum
846 953 1000 1017 potius
1022 949 1322 1014 supplicium,
1345 963 1479 1010 quam
1497 946 1613 994 ullus
1635 947 1779 994 honos
1800 947 2060 994 debebatur.

73 1040 180 1086 Nec
212 1037 360 1084 deerat
391 1033 695 1082 consternatae
718 1028 1003 1078 multitudini
1032 1026 1199 1074 furialis
1225 1024 1297 1071 fax
1323 1023 1591 1082 tribunicia,
1627 1040 1739 1087 quae
1759 1026 2059 1071 temeritatem

66 1247 173 1295 strum
204 1246 351 1296 equitum
383 1249 599 1293 aequaverat.
624 1239 705 1278 MS.
736 1239 910 1277 Dirianri
940 1240 1040 1276 etiam

73 1312 161 1348 mag.
188 1295 293 1346 quod
320 1295 502 1345 praefero.
562 1293 622 1332 Est
655 1293 754 1329 enim
785 1291 860 1328 hoc
885 1290 1039 1329 alterum

74 1349 228 1397 injuriae
247 1357 361 1395 genus
375 1374 385 1390 ‚
412 1345 515 1395 quod
535 1344 698 1382 fecerant
720 1341 845 1380 Fabio.
881 1341 1040 1391 sequitur

74 1397 208 1436 deinde
222 1407 402 1447 praeterea.
428 1395 670 1434 PERIZON.
698 1394 756 1431 Sic
774 1403 927 1442 quoque
938 1392 1041 1430 Barb.

78 1450 185 1497 prim.
212 1449 358 1486 Decem
377 1454 443 1489 <Q
472 1445 533 1483 sed
557 1446 594 1482 hi
624 1444 760 1481 habent
787 1443 898 1481 etiam
917 1445 1043 1493 Magi-

67 1503 161 1548 stru
191 1500 228 1537 &
244 1506 404 1549 quatuor
422 1508 468 1534 ex
486 1496 552 1533 illis
571 1497 738 1532 inimicum
759 1505 827 1542 pro
839 1494 1043 1531 Minucium.

75 1550 144 1588 Ed.
166 1551 275 1599 hlog.
299 1549 472 1586 Distatori
491 1555 536 1582 <7⁹
559 1547 731 1596 Magistro
751 1547 899 1595 equitum
920 1547 1044 1582 Minu-

75 1603 169 1637 cium.
196 1601 310 1638 Periz.
338 1599 504 1635 Diffatori
523 1599 713 1648 magistrum
734 1599 893 1645 equitum.

130 1651 185 1688 18.
214 1653 250 1687 In
269 1648 376 1687 eodem
393 1651 497 1685 animi
522 1648 638 1685 habitu
661 1645 856 1697 permansit]
887 1646 1042 1683 Novem

79 1701 161 1739 MS.
189 1702 398 1751 praeferunt
426 1698 577 1747 simplex
607 1699 736 1746 manfit.
763 1696 922 1734 totidem
943 1699 1046 1747 Rem-

66 1752 245 1802 puhllcam.
296 1751 359 1788 Ali
378 1749 509 1799 scripsit
526 1752 562 1786 in
584 1744 857 1798 Rfmpublicam?

132 1816 187 1852 19.
208 1806 247 1839 In
271 1799 397 1849 amore]
428 1800 509 1838 Lib.
531 1800 630 1838 Dan.
659 1803 699 1836 In
726 1812 876 1834 amorem.
927 1796 1046 1834 Probe

79 1854 118 1891 &
151 1853 295 1890 Latine.
323 1851 514 1889 COLER.
568 1851 621 1887 Ita
655 1850 767 1886 etiam
798 1847 875 1886 duo
896 1856 958 1886 aut
974 1856 1044 1886 tres

78 1902 101 1939 ὲ
119 1904 256 1941 nostris.
302 1902 373 1946 Sed
393 1901 481 1938 nihil
499 1898 640 1938 necesse
662 1900 721 1937 est.
767 1899 870 1947 Lege
892 1910 983 1935 vero
1006 1900 1043 1936 ὃς

78 1953 254 2001 distingue
272 1954 346 1990 hoc
369 1951 498 1990 modo.
550 1953 632 1988 Tam
649 1953 857 2001 perseverans
880 1952 916 1985 in
936 1964 1044 1986 amore

79 2006 221 2048 slvium,
247 2000 354 2053 quid?
372 2005 408 2039 in
428 2002 509 2038 bello
523 2000 664 2054 gerendo
685 2015 789 2037 nonne
804 2010 867 2051 par
886 2008 954 2050 ejus
972 2014 1047 2036 con-

72 2053 231 2102 stantia?
270 2053 406 2091 Deleto
431 2054 513 2099 fuit.
549 2052 650 2102 quod
672 2050 693 2089 a
725 2051 923 2089 duodecim
952 2050 1048 2088 abest

84 2104 188 2141 MSS.
211 2105 247 2141 δε
270 2103 340 2142 Ed.
358 2104 466 2151 Mog.
488 2114 594 2140 more
612 2103 677 2139 suo
695 2113 773 2138 non
784 2101 944 2138 Fabium
966 2113 1045 2149 per-

80 2155 307 2192 severantem
338 2151 439 2191 fuisse
461 2153 547 2190 dicit
574 2154 612 2190 in
639 2152 960 2194 amore'civium,
985 2150 1045 2189 sed

84 2205 322 2244 constantiam
354 2203 441 2251 ejus.

133 2269 194 2293 20.
219 2261 320 2303 Saepe
347 2256 445 2289 etiam
471 2255 527 2302 spe
555 2252 630 2288 bene
652 2248 815 2300 gerenda?
840 2252 887 2285 rei
912 2248 1041 2298 oblata]

85 2308 126 2344 In
148 2302 372 2344 Atre-batensi
387 2331 396 2348 ,
420 2301 637 2351 Campenfi‚
665 2302 702 2337 &
724 2299 873 2336 Susiano
890 2299 1045 2347 legitur,

83 2364 184 2406 Saepe
205 2359 303 2392 etiam
327 2357 440 2404 specie.
464 2352 619 2401 eleganti
634 2351 823 2388 locutione
836 2365 846 2393 ;
876 2350 924 2387 est
944 2350 1043 2387 enim

84 2410 280 2453 ffl‘cpoem,
307 2406 382 2443 hoc
402 2406 472 2448 est,
499 2402 702 2444 simulatio,
729 2408 840 2451 atque
871 2411 1047 2450 apparen-

84 2460 132 2495 tia
168 2457 374 2506 quaedam,
413 2455 545 2503 species
573 2452 702 2501 absque
728 2463 776 2488 re.
838 2451 973 2488 Cicero
1000 2451 1046 2489 de

87 2509 246 2546 amicitia
260 2523 269 2549 ;
284 2512 381 2557 Quae
401 2509 444 2552 est
464 2508 548 2541 enim
569 2506 629 2550 ista
644 2500 829 2551 securitas?
849 2503 954 2551 specie
971 2505 1048 2551 qui-

85 2562 155 2598 dem
176 2557 296 2595 blanda
311 2586 320 2603 ,
340 2557 400 2605 sed
416 2572 449 2593 re
468 2558 535 2605 ipsa
557 2553 576 2589 ιὶ
592 2556 627 2601 fi>
649 2554 762 2589 multis
779 2554 853 2588 locis
873 2550 1047 2602 repudian-

85 2610 138 2648 da.
191 2609 335 2646 Auctor
354 2608 399 2646 ‘dc
420 2607 517 2643 Viris
538 2603 722 2642 illustribus
742 2614 819 2651 cap.
837 2602 894 2649 64.
924 2604 1047 2650 Nasica

84 2673 121 2698 ut
143 2659 291 2696 invidiae
301 2658 546 2706 fitbtra'heretur
560 2684 569 2698 ‚
590 2664 648 2703 per
666 2656 801 2704 speciem
821 2655 996 2704 legationis
1014 2656 1048 2689 in

85 2712 220 2758 „Asiam
241 2710 413 2759 ablegatus
440 2711 491 2755 est.
519 2706 656 2743 PIGH.
707 2709 807 2754 Saepe
831 2707 931 2740 eriam
944 2707 1049 2753 specie

85 2762 162 2797 hene
173 2759 333 2811 gerendae
351 2762 398 2797 rei
415 2760 539 2796 oblata.
565 2756 670 2793 Malo
684 2784 693 2799 ‚
715 2757 770 2804 spe
789 2755 863 2797 bene
885 2754 1048 2804 gerendae

87 2815 145 2849 rei.
174 2820 283 2861 atque
303 2812 351 2847 ita
379 2811 509 2858 priscus
528 2808 627 2844 liber.
656 2806 775 2843 LIPS.
825 2810 887 2854 Spe
902 2805 1049 2856 benege-

80 2861 201 2899 *rendae
221 2863 266 2898 rei
287 2861 407 2897 oblata.
431 2862 484 2898 Ita
504 2867 643 2895 veteres
665 2857 759 2905 typis
781 2856 939 2903 expreffi.
967 2857 1049 2894 Nec

78 2913 187 2950 aliter
217 2924 308 2949 unus
339 2911 421 2948 cod.
453 2909 583 2947 Brand.
612 2908 755 2955 Pighius
775 2914 900 2943 tamen
922 2907 1051 2945 maluit

76 2967 181 3014 specie
208 2963 281 3000 hene
302 2975 375 3012 ger.
398 2976 425 2998 r.
455 2961 518 2998 obl.
545 2956 687 3006 Lipsius
718 2955 860 2996 mavult
882 2957 1048 2995 alterum.

1956 1105 2057 1168 ejus

1091 1235 1139 1273 Et
1160 1246 1227 1273 nos
1246 1233 1387 1272 itidem.
1415 1231 1610 1269 VORST.
1646 1236 1708 1280 Spe
1724 1230 1882 1266 retinent
1900 1228 2057 1278 quinde-

1093 1287 1164 1324 cim
1178 1285 1311 1329 nostri,
1325 1286 1362 1321 ὃ(
1375 1282 1609 1321 retinendum
1630 1281 1789 1318 omnino
1811 1278 1879 1316 effe
1898 1279 2055 1317 demon—

1090 1337 1172 1374 strat
1189 1337 1260 1386 ipse
1280 1335 1429 1378 auctor,
1443 1333 1530 1370 dum
1552 1332 1662 1381 paulo
1672 1331 1749 1379 post
1760 1331 1874 1378 ipsum
1888 1332 1938 1365 ira
1954 1344 1990 1365 ac
1999 1333 2058 1379 spe

1090 1387 1315 1436 superiorem
1336 1385 1445 1428 dicit,
1468 1383 1660 1432 respiciens
1678 1380 1724 1418 ad
1742 1380 1779 1418 id
1792 1409 1801 1424 ‚
1814 1379 1916 1429 quod
1938 1381 2056 1418 modo

1090 1440 1195 1487 ipsum
1210 1441 1383 1474 irritatum
1404 1433 1704 1471 comminationibus
1714 1430 1903 1469 Annibalis
1917 1458 1926 1474 ,
1938 1430 2057 1468 modo

1086 1492 1177 1539 spem
1203 1489 1263 1538 ipsi
1294 1488 1439 1523 oblatam
1469 1485 1618 1522 dixerat.
1671 1482 1788 1531 Quod
1817 1482 1970 1518 innuere
1992 1493 2060 1518 vo-

1086 1537 1195 1576 'luiffe
1213 1538 1357 1577 videtur
1372 1536 1586 1574 Perizonius
1598 1563 1607 1578 ‚
1627 1534 1690 1583 qui
1710 1531 1889 1570 vocabula
1907 1534 2062 1569 irritatus

1095 1593 1169 1635 ira,
1197 1591 1234 1628 ὃς
1249 1592 1307 1637 spe
1319 1591 1400 1638 spe,
1425 1586 1764 1633 lineolisjunxerat.
1792 1582 1938 1621 Deinde
1953 1582 2060 1620 Leid.

1094 1639 1183 1689 sept.
1203 1644 1259 1677 Ira
1281 1655 1318 1676 ac
1331 1641 1387 1688 spe
1399 1640 1523 1686 semper
1541 1639 1703 1684 Jupert'or.

1140 1703 1196 1728 21.
1221 1688 1415 1736 succurrisse
1433 1691 1526 1732 visus
1546 1685 1607 1734 est]
1639 1687 1679 1722 In
1698 1683 1971 1722 Pulmanniano
1984 1712 1994 1728 ,
2007 1685 2061 1722 A-

1092 1740 1308 1784 trebatensi‚
1333 1740 1500 1788 aliisque,
1527 1739 1699 1785 succurrit.
1749 1735 1894 1773 Melius.
1920 1736 2060 1773 PIGH.

1094 1794 1242 1829 Civitati
1261 1794 1386 1839 nostrae
1399 1787 1587 1838 succurrisse
1605 1789 1697 1835 visus
1717 1789 1771 1832 est.
1800 1786 1854 1823 Ita
1872 1785 1986 1822 rursus
1996 1797 2061 1824 Ve-

1095 1850 1188 1880 teres
1207 1844 1302 1891 typis
1325 1841 1499 1890 expressi,
1514 1840 1552 1876 &
1572 1846 1733 1887 uterque
1749 1836 1830 1875 MS.
1850 1836 1981 1873 Brand.
2008 1837 2062 1874 At

1095 1893 1243 1942 Pighius
1266 1905 1333 1942 pro
1361 1889 1549 1940 succurrisse
1577 1891 1668 1936 ansus
1689 1890 1743 1934 est
1773 1899 1816 1923 ex
1844 1886 2061 1936 quibusdam

1097 1945 1204 1983 codd.
1223 1942 1491 1982 rescribendum
1513 1940 1654 1988 putavit
1666 1940 1848 1986 succurrit:
1861 1937 1962 1986 quod
1983 1938 2065 1987 qui-=³

1096 1994 1183 2032 dem
1210 1994 1321 2032 >nobis
1354 2005 1429 2030 non
1460 1991 1644 2040 probatur.
1697 1990 1787 2026 Non
1804 1988 2062 2025 intellexerunt

1093 2045 1130 2083 hi
1146 2074 1155 2090 ,
1167 2048 1230 2096 qui
1253 2046 1500 2083 mutationem
1514 2042 1683 2079 fecerunt
1695 2067 1705 2083 ‚
1718 2039 1979 2087 proprietatem
1991 2039 2063 2075 ser-

1097 2098 1219 2133 monis
1248 2096 1404 2138 Latini3
1444 2094 1488 2131 ad
1518 2103 1630 2142 quam
1661 2090 1818 2139 pertinet
1840 2117 1851 2134 ,
1886 2097 1927 2126 ut
1955 2088 2065 2125 videri

1097 2146 1277 2184 redundet
1298 2144 1484 2182 interdum
1498 2171 1508 2187 ‚
1535 2152 1596 2179 aut
1615 2153 1682 2190 pro
1701 2140 1759 2188 effe
1780 2147 1950 2189 ponatur.
2003 2140 2068 2176 Ci-

1097 2207 1185 2232 cero
1209 2210 1240 2233 Ι,
1272 2196 1349 2232 Off.
1376 2199 1566 2243 Nunquam
1585 2194 1711 2230 omnino
1725 2192 1864 2239 ‘periculi
1882 2193 1966 2240 fuga
1982 2204 2066 2227 com-

1096 2245 1287 2282 mittendum
1307 2249 1350 2293 est·
1363 2273 1373 2290 ,
1399 2255 1437 2280 ut
1455 2244 1596 2280 tmbelles
1617 2240 1791 2291 timidique
1807 2238 2002 2285 videamur,
2028 2241 2067 2278 id

1097 2295 1145 2332 est
1168 2324 1177 2340 ‚
1205 2295 1326 2333 fimus.
1375 2294 1529 2341 Justinus
1550 2305 1650 2330 xxix.
1674 2304 1707 2329 2.
1735 2290 1830 2341 Qod
1847 2292 1970 2327 Italiae
1980 2292 2064 2338 fini-

1097 2348 1196 2382 timus
1215 2345 1412 2389 videbatur,
1440 2357 1506 2393 pro
1536 2342 1622 2393 quod
1643 2344 1765 2379 Italiae
1784 2342 1955 2389 finitimus
1982 2352 2063 2378 erat.

1097 2397 1133 2434 V
1149 2398 1185 2434 O
1198 2398 1231 2435 R
1244 2397 1266 2436 S
1280 2397 1329 2435 T.
1391 2398 1435 2433 M
1449 2395 1470 2432 S
1482 2396 1514 2432 S.
1542 2397 1591 2432 Vi
1607 2409 1645 2429 us
1663 2396 1706 2441 est
1726 2392 1862 2430 habent
1879 2391 1924 2428 ad
1945 2403 2059 2428 unum

1097 2459 1240 2485 omnes.
1294 2449 1421 2495 Quam
1453 2447 1623 2494 frequens
1650 2444 1724 2481 hoc
1749 2443 1921 2480 Ciceroni
1941 2441 2061 2483 ,fuerit

1098 2506 1231 2535 notum
1265 2497 1323 2534 vel
1355 2509 1398 2534 ex
1428 2509 1496 2540 eo,
1523 2495 1626 2546 quod
1647 2495 1682 2531 in
1702 2495 1779 2543 ipso
1802 2490 2013 2541 reprehendi
2035 2489 2055 2527 a

1099 2549 1222 2586 multis
1243 2548 1390 2585 solitum
1412 2550 1508 2584 tertio
1525 2560 1653 2597 quoque
1664 2547 1762 2593 sensu
1780 2547 1813 2578 in
1832 2541 1973 2578 omnibus
1996 2549 2058 2588 pro

1090 2601 1258 2648 sententia
1283 2599 1423 2647 pofitum
1450 2598 1508 2646 esse
1535 2597 1701 2633 videatur.
1753 2592 1850 2629 Vide
1869 2590 2058 2628 aridiorem

1099 2650 1196 2688 Dial.
1217 2649 1261 2687 de
1281 2649 1500 2687 Oratoribus
1521 2649 1563 2685 C.
1583 2660 1641 2696 23.
1669 2645 1771 2692 Quin
1791 2643 1828 2678 in
1846 2640 1925 2688 ipsis
1948 2640 2058 2677 etiam

1098 2701 1148 2739 ita
1163 2701 1377 2749 ·]oquuntur
1405 2696 1740 2736 *Senatusconsultis
1768 2692 1867 2728 Caes.
1886 2691 1931 2727 L.
1950 2703 1986 2727 .1.
2015 2690 2061 2728 de

1100 2751 1175 2788 Bel.
1186 2752 1268 2788 Civ.
1282 2752 1364 2787 C.v.
1375 2754 1431 2787 Uti
1441 2761 1518 2785 ante
1534 2747 1616 2784 diem
1628 2757 1744 2782 certam
1756 2744 1876 2789 Caefizr
1886 2743 2062 2776 exercitum

1099 2802 1251 2839 dimittat
1265 2803 1309 2849 ‚fi
1328 2816 1392 2836 nen
1406 2803 1533 2848 faciat,
1554 2812 1622 2834 cum
1641 2794 1797 2840 adversus
1821 2795 1936 2840 Remp.
1952 2792 2065 2838 fac‘lu-

1099 2868 1171 2889 rum
1192 2851 1310 2890 videri.
1338 2852 1472 2889 Noster
1491 2851 1599 2886 L.1v.
1617 2860 1644 2884 1.
1665 2846 1698 2881 8.
1721 2842 1897 2891 Indignum
1918 2851 1962 2878 (9'
1980 2843 2064 2877 alie-

1100 2919 1176 2940 num
1199 2902 1219 2940 ἷι
1240 2906 1407 2950 majestate
1419 2903 1530 2950 populi
1555 2897 1697 2946 Romani
1714 2892 1836 2930 videri.

1146 2966 1211 2992 22.
1239 2953 1390 3001 Mirifice
1410 2961 1454 2989 (5'
1474 2952 1652 2997 constanter
1673 2945 1858 2982 turbulento
1870 2943 2070 3039 Reip.fia;i{

1649 2998 1680 3034 R
1693 3007 1707 3032 r
1976 2994 2027 3041 egi

2074 640 2248 709 Ann.3uxb..

2077 726 2147 751 686.
