2516 3509
555 89 727 144 DE
873 93 1772 163 REPULsis.
2035 117 2142 190 659

137 196 387 246 adolescens
422 207 624 260 peteret,
659 212 936 261 manumque
973 199 1201 263 cujusdam
1236 203 1406 251 rustico
1438 223 1576 270 opere
1608 208 1839 272 duratam,
1873 229 2000 263 more
2034 231 2140 263 can-

137 275 396 323 didatorum
432 275 632 321 tenacius
663 276 1051 338 apprehendiffet‚
1092 280 1193 341 joci
1226 281 1371 343 gratia
1405 283 1705 349 interrogavit
1738 303 1871 347 eum,
1916 307 2014 337 mam
2049 309 2140 338 ma-

138 354 256 400 nibus
276 353 430 415 solitus
464 353 557 413 efflet
589 354 819 399 ambulare.
887 353 1032 413 Qiod
1067 353 1241 402 dietum
1275 356 1300 402 a
1334 358 1729 408 circumstantibus
1761 378 2038 428 exceptum,
2083 370 2139 415 ad

137 429 366 495 populum
403 430 628 489 manavit,
653 430 937 494 caussamque
971 432 1168 494 repulsae
1192 434 1401 495 Scipioni
1437 436 1606 484 attulit.
1644 440 1820 488 Omnes
1843 459 2037 507 namque
2059 464 2135 493 ru-

140 507 276 554 sticae
309 506 453 554 tribus
488 522 801 571 paupertatem
828 507 909 554 fibi
932 509 986 555 ab
1012 526 1066 556 eo
1092 511 1412 576 exprobratam
1441 514 1726 577 judicante3‚
1762 519 1874 567 iram
1909 521 2028 570 suam
2055 527 2132 572 ad-

134 586 282 636 versus
317 588 691 634 contumeliosam
726 591 820 653 ejus
854 588 1154 638 urbanitatem
1188 591 1534 641 destrinxerunt.
1604 597 1756 660 Igitur
1789 599 1946 647 civitas
1980 604 2127 652 nostra

135 666 359 713 nobilium
389 669 613 731 juvenum
647 669 826 730 ingenia
862 667 916 714 ab
950 668 1183 717 insolentia
1214 672 1498 732 revocando,
1533 691 1720 739 magnos
1755 677 1803 723 δί
1842 681 1973 728 utiles
2007 684 2126 730 cives

134 743 272 802 secit3
310 745 674 809 honoribusque,
715 753 752 783 ¹5
791 762 883 793 non
916 748 1130 809 patiendo
1165 765 1240 797 eos
1274 749 1300 797 a
1333 748 1494 797 securis
1530 755 1654 815 peti,
1689 753 1896 803 debitum
1932 760 2127 808 aridiori-

137 824 239 872 tatis
276 823 453 886 pondus
487 824 665 887 adjecit.

204 900 379 948 Nullus
413 916 538 947 error
574 900 670 948 talis
716 900 761 946 in
799 900 858 946 L.
895 901 1094 950 Aemilio
1130 903 1289 951 Paullo
1325 904 1589 969 conspectus
1626 907 1726 955 est:
1768 910 1838 958 sed
1873 924 2023 961 tamen
2055 918 2131 963 ali-

141 1109 191 1147 Et
214 1109 360 1158 postea,
400 1110 468 1159 Qn'
495 1122 635 1146 matrem
666 1109 803 1147 Idaeam
830 1110 1001 1160 Phrygias
1018 1111 1113 1160 sedi-

133 1159 194 1197 lus
233 1159 276 1197 ad
312 1164 437 1209 nostras
473 1175 551 1197 aras
581 1164 732 1212 focosque
764 1167 974 1213 migrantem.
1010 1174 1110 1208 non,

138 1209 156 1246 ἓ
190 1212 363 1263 Phrygiis.
426 1211 607 1259 Agnoscit
644 1212 987 1259 noem'lmo't'cppvymbq
1033 1213 1113 1251 Ste-

134 1261 277 1310 phanus
311 1263 357 1300 de
397 1263 570 1300 Urbibus.
634 1263 809 1313 Denique
858 1264 994 1301 Cicero
1034 1264 1111 1303 fine

111 1310 438 1361 'praepositionm
478 1315 621 1364 migrare
657 1316 749 1350 domo
770 1342 780 1358 ,
814 1315 971 1352 Verrma
1002 1327 1112 1365 quat-

133 1371 172 1401 ta
205 1363 306 1401 dixit.
367 1365 543 1413 Denique
583 1365 620 1400 iu
651 1366 812 1414 exempli
843 1366 1006 1413 ejusdem
1035 1366 1109 1405 fine

134 1413 337 1461 legendum
360 1443 372 1457 ,
420 1420 503 1450 Non
531 1416 688 1464 patiendo
714 1431 765 1451 eos
803 1418 822 1450 d
851 1418 976 1464 securis
1010 1422 1109 1466 peti3

136 1464 251 1514 idque
279 1478 323 1503 ex
354 1466 525 1502 omnium
547 1474 716 1504 veterum
747 1466 923 1504 librorum
955 1469 1108 1506 consen-

138 1515 190 1553 su.
244 1516 407 1565 Impressi
437 1517 608 1560 codices,
636 1517 817 1564 assumis,
846 1518 1009 1565 produnt
1029 1531 1106 1567 per-

138 1577 279 1614 peram.
331 1568 419 1604 Erat
455 1567 554 1604 enim
592 1568 629 1604 in
667 1568 726 1605 illa
758 1568 938 1616 Scipionis
976 1571 1105 1608 facetia

136 1617 288 1666 quidem
317 1618 567 1654 contumeliae
587 1618 778 1662 nonnihil,
800 1619 860 1656 sed
881 1620 979 1656 nulla
1011 1620 1103 1658 scur-

139 1668 272 1710 rilitas,
310 1679 406 1717 quae
433 1668 701 1716 turpitudinem
730 1678 840 1719 atque
873 1670 1105 1709 obscoenita-

134 1725 212 1756 tem
243 1726 354 1756 amat.
376 1719 516 1756 PIGH.
543 1722 578 1754 Is
607 1722 665 1769 qui
692 1723 801 1768 consul
818 1721 1015 1772 Jugurthae
1034 1721 1104 1758 bel-

131 1770 202 1805 lum
230 1769 358 1806 indixit
380 1797 390 1813 ‚
434 1772 493 1819 qui
524 1780 660 1806 matrem
693 1770 840 1808 Idaeam.
896 1772 1005 1809 Varia
1042 1772 1103 1810 hic

135 1820 201 1857 uni
242 1820 440 1869 eidemque
478 1821 641 1867 Scipioni
672 1822 825 1859 Nasicae
860 1822 1098 1867 tribuuntur;

132 1870 238 1920 quod
260 1871 385 1909 consul
404 1872 605 1919 jugurthae
634 1872 769 1910 bellum
800 1873 993 1918 indixerit,
1022 1886 1100 1912 ma-

132 1930 229 1958 trem
259 1922 408 1959 Idaeam
439 1922 604 1959 manibus
633 1925 847 1972 exceperit,
887 1925 1018 1962 multas
1044 1925 1096 1962 se-

134 1971 292 2010 ditiones
321 1972 558 2021 opprefferit,
601 1974 723 2024 eoque
752 1976 916 2023 principe
942 1988 1007 2024 per
1038 1975 1098 2013 ali-

129 2032 224 2069 quot
262 2034 379 2061 annos
417 2024 589 2071 gloriatus
622 2026 764 2063 senatus
805 2026 923 2063 fuerit.
985 2028 1095 2074 Quae

133 2074 261 2110 omnia
304 2075 389 2123 quia
420 2075 484 2111 uni
513 2075 710 2125 eidemque
747 2084 961 2124 competere
996 2077 1096 2114 haud

130 2124 301 2172 potsunt,
338 2132 439 2173 putat
469 2125 616 2172 Pighius
646 2127 760 2165 varias
785 2127 844 2163 hic
872 2127 1022 2164 mendas
1045 2128 1094 2164 es-

127 2175 188 2219 se,
217 2177 255 2213 &
282 2174 326 2211 ab
355 2175 485 2223 ignaris
507 2175 677 2213 historiae
706 2188 817 2214 voces
849 2177 989 2225 aliquot
1017 2177 1094 2215 sub·

126 2225 215 2268 latas
258 2223 339 2262 effe.
390 2225 463 2263 Eifi
504 2227 603 2262 enim
640 2227 712 2264 sine
745 2228 962 2265 auctoritate
991 2237 1095 2266 vete-

129 2288 212 2314 rum
241 2276 415 2314 codicum
448 2277 539 2313 nihil
567 2277 668 2313 ausus
698 2276 738 2315 fit
770 2287 913 2315 mutare
935 2307 944 2322 ,
985 2278 1087 2328 suspi-

128 2336 227 2365 catus
257 2335 385 2364 tamcn
413 2327 461 2364 est
490 2327 613 2364 locum
644 2329 743 2365 hunc
769 2329 917 2377 adjectis
947 2330 1091 2378 quibus-
1115 2338 1120 2342 ·

128 2377 214 2416 dam
244 2379 399 2415 vocibus
427 2377 475 2414 sic
505 2377 781 2416 emendandum
816 2378 913 2416 effe:
959 2383 1001 2416 Ρ.
1027 2395 1090 2416 au-

125 2440 191 2464 tem
225 2430 334 2476 Scipio
373 2429 501 2476 Nasica
525 2457 534 2473 ‚
579 2440 717 2480 togatae
749 2432 918 2479 potentiae
956 2431 1090 2478 ([4νίβῖ-

123 2493 212 2515 mum
251 2480 360 2514 lumen
380 2508 391 2522 ,
427 2491 525 2529 pater
556 2485 626 2523 ejus
662 2482 721 2529 qni
755 2483 864 2529 consul
894 2481 1090 2532 Jiigurtbae

124 2529 248 2566 bellum
274 2528 401 2566 indixit
421 2559 431 2572 ‚
455 2534 589 2580 ejusque
610 2543 706 2580 nepos
721 2559 730 2574 ,
759 2535 819 2581 qui
835 2543 973 2568 matrem
991 2532 1090 2569 Idae-

123 2593 178 2616 am
218 2580 383 2631 Phrygicis·
413 2580 549 2629 sedibus
586 2581 631 2617 ad
669 2584 793 2625 nostras
826 2596 906 2618 aras
936 2584 1090 2634 focosque

114 2629 324 2678 sanHiffi'mis
359 2634 509 2668 manibus
541 2634 692 2681 excepit3
730 2634 757 2668 is
785 2636 852 2681 ipse
881 2635 940 2683 qui
966 2637 1090 2671 multas

121 2690 169 2717 C?
195 2682 367 2730 pestiferat
403 2682 586 2730 seditiones
620 2685 835 2720 auc‘ioritatis
863 2687 948 2731 suae
980 2685 1090 2723 robore

119 2730 287 2781 oppreffit,
308 2736 399 2777 cuius
425 2745 521 2781 patre
545 2734 690 2783 principe
710 2737 850 2781 senatus
872 2746 930 2781 per
949 2738 1081 2786 aliquot

120 2797 226 2819 annos
250 2784 420 2832 gloriatus
456 2787 511 2830 est.
560 2784 642 2830 Jam
678 2786 798 2822 fateor
826 2785 975 2834 quidem
1008 2799 1080 2835 ego

121 2833 315 2870 Valerium
344 2832 392 2869 fic
420 2833 497 2870 fere
527 2834 679 2872 scribere
712 2835 900 2874 debuiffe:
947 2849 1077 2876 verum

121 2885 281 2922 omnino
310 2885 358 2920 ita
387 2885 425 2921 &
454 2883 644 2932 scripfiffe,
672 2898 751 2923 non
779 2887 909 2926 adduci
936 2887 1082 2936 poffum

2019 1012 2112 1059 quo
2121 1024 2133 1032 -

1163 1125 1241 1152 non
1279 1115 1389 1152 semel
1420 1115 1740 1165 deprehendimus.
1803 1119 1896 1158 Fieri
1927 1121 2035 1170 igitur
2064 1137 2133 1173 pom

1162 1167 1253 1208 tuit,
1284 1175 1324 1203 ut
1344 1167 1404 1203 liic
1424 1179 1579 1217 quoque
1593 1196 1604 1212 ,
1625 1180 1719 1217 quae
1744 1169 1889 1208 diverfis
1911 1184 2131 1222 competunt

1163 1217 1227 1254 uni
1255 1217 1433 1255 tribuerit.
1486 1219 1604 1267 Quod
1631 1218 1782 1268 quidem
1819 1222 1943 1260 Caroli
1977 1237 2131 1276 quoque

1163 1267 1304 1316 Sigonii
1338 1268 1522 1316 judicium
1560 1268 1638 1312 est;
1688 1278 1727 1306 ut
1762 1283 1806 1307 ex
1839 1273 2128 1315 Commentario

1163 1319 1239 1367 ejus
1276 1319 1313 1355 in
1344 1319 1465 1356 Fastos
1492 1321 1607 1357 Rom.
1643 1330 1801 1367 apparet.
1831 1325 2022 1363 VORST.
2061 1328 2127 1364 Er-

1160 1381 1240 1406 rare
1277 1369 1337 1406 hic
1370 1369 1557 1418 insigniter
1590 1370 1782 1408 Valerium
1812 1373 1856 1410 ad
1891 1387 1995 1413 oram
2023 1379 2126 1415 codi-

1161 1421 1210 1457 cis
1235 1421 1287 1457 sui
1316 1420 1470 1458 notabat
1499 1422 1611 1458 etiam
1645 1421 1868 1461 Perizonius.
1899 1427 2042 1465 Omnes
2068 1431 2123 1466 fe-

1160 1482 1200 1507 re
1229 1471 1335 1508 MSS.
1361 1471 1519 1516 habent,
1545 1470 1752 1520 clarissimum
1769 1475 1899 1519 lumm,
1928 1479 1985 1526 qui
2002 1483 2135 1528 consul,

1159 1533 1259 1566 non,
1285 1525 1312 1557 is
1330 1524 1390 1571 qui
1416 1525 1540 1570 consul.

1213 1585 1269 1619 14.
1298 1577 1454 1609 Matrem
1488 1572 1619 1610 Idaeam
1642 1573 1815 1624 Phry-gitis
1839 1575 1970 1621 sedibus
1999 1577 2044 1614 ad
2070 1594 2126 1615 no-

1149 1623 1243 1669 stras
1275 1637 1350 1659 oras
1375 1627 1529 1674 focosque
1556 1624 1772 1675 migrantem]
1820 1627 1985 1673 Quidam
2019 1630 2122 1668 Codi-

1159 1683 1240 1716 ces,
1274 1674 1443 1723 interque
1472 1687 1536 1712 eos
1565 1687 1658 1712 unus
1679 1675 1809 1712 Brand.
1844 1676 2050 1729 &Pbrygicis
2068 1686 2124 1727 Je-

1155 1721 1263 1762 dibus.
1314 1724 1529 1773 Intelligitur
1554 1734 1678 1762 autem
1700 1726 1881 1771 Festinus,
1910 1730 1992 1766 urbs
2008 1730 2122 1779 Phry-

1154 1774 1247 1821 giae.
1295 1774 1475 1813 Ceterum
1495 1780 1619 1812 Mater
1640 1775 1738 1812 Idaea
1762 1778 1831 1822 est,
1859 1791 1954 1828 quae
1976 1782 2013 1818 ὅ(
2037 1786 2122 1818 Ma-

1151 1835 1202 1860 ter
1229 1839 1352 1875 magna
1375 1854 1384 1869 ‚
1424 1827 1462 1863 ὃς
1490 1827 1631 1871 Cybele,
1666 1829 1891 1867 nominatur.
1929 1832 2120 1872 VORST.

1154 1875 1240 1914 Imo
1274 1888 1407 1914 omnes
1442 1878 1517 1914 mei
1550 1878 1685 1915 habent
1720 1893 1736 1913 e
1773 1880 1931 1930 Phrygiis
1970 1882 2120 1929 sedibus,

1151 1926 1270 1973 Quod
1301 1929 1508 1973 revocavi,
1557 1940 1672 1978 quum
1705 1929 1797 1966 haec
1825 1932 1946 1968 forma
1979 1934 2119 1973 Latinis

1148 1976 1337 2024 placuerit.
1365 1978 1471 2016 Leid.
1492 1979 1561 2017 see.
1583 1979 1693 2017 habet
1713 1984 1869 2017 Matrem
1901 1986 2022 2022 Deam.
2051 1987 2111 2022 De

1148 2040 1219 2076 qua
1252 2030 1375 2068 forma
1412 2029 1496 2067 vide
1525 2030 1841 2080 Oudendorpium
1879 2034 2041 2073 nostrum
2071 2037 2116 2075 ad

1149 2078 1285 2130 Obseq.
1317 2092 1348 2118 c.
1381 2093 1461 2127 104.

1202 2143 1258 2179 15.
1288 2134 1366 2168 Non
1393 2131 1550 2179 patiendo
1581 2147 1632 2168 eos
1663 2146 1685 2168 a
1706 2135 1832 2181 secmis
1855 2134 1944 2183 peti]
1988 2136 2046 2173 Sic
2075 2150 2115 2175 e·

1148 2182 1341 2220 niendavit
1368 2181 1515 2231 Pighius
1538 2210 1548 2226 ,
1593 2183 1697 2232 quod
1736 2184 1961 2223 confirmant
1995 2187 2111 2236 scripti

1147 2231 1225 2268 fere
1255 2244 1410 2277 omnes,
1439 2234 1476 2270 ὃς
1497 2233 1590 2270 Edd.
1614 2235 1711 2270 Ven.
1741 2247 1782 2271 ac
1815 2236 1969 2275 Mediol.
2004 2239 2110 2276 Leid.

1143 2283 1260 2328 quint.
1285 2285 1442 2330 asesutis
1458 2286 1541 2333 peti.
1568 2287 1758 2331 ,κί’[ιιιννὶε
1781 2289 1957 2334 exponit,
1983 2290 2110 2326 Olive-

1141 2332 1213 2369 rius
1227 2359 1237 2375 ,
1257 2348 1278 2369 a
1297 2334 1446 2369 ridiculis
1476 2335 1684 2371 hominibus:
1717 2336 1777 2373 sed
1796 2338 2028 2387 Theophilus
2047 2341 2108 2377 ad-

1142 2381 1194 2419 dit
1220 2383 1362 2434 aliquot
1390 2385 1613 2434 exemplaria
1640 2386 1775 2425 habere
1796 2414 1806 2430 ,
1852 2405 1873 2425 a
1896 2393 2028 2437 ficum.

1194 2435 1249 2471 16.
1294 2437 1336 2470 Et
1371 2439 1478 2480 censor
1498 2437 1615 2481 fat‘im
1644 2441 1715 2481 eff,
1744 2439 1968 2488 ampliffi'mum
2004 2442 2105 2476 etiam

1141 2483 1325 2536 dignitatis
1345 2486 1491 2536 gradum
1513 2486 1675 2537 obtinuit]
1706 2489 1868 2527 Elumhis
1889 2499 1996 2538 atque
2015 2491 2107 2537 gios-

1139 2534 1333 2575 sematibus
1360 2537 1472 2575 frana
1494 2539 1626 2576 oratio.
1664 2539 1875 2587 Eleganrior
1893 2549 2001 2588 atque
2024 2541 2104 2577 bre-

1141 2586 1224 2624 vior
1252 2588 1288 2624 in
1325 2588 1588 2626 Wincheliano
1620 2591 1657 2627 ὃς
1686 2591 1920 2626 Cauchiuno:
1958 2591 2008 2625 Bis
2030 2606 2101 2628 com

1131 2638 1191 2683 sul
1218 2646 1262 2674 <9¹
1280 2642 1387 2687 censor
1417 2641 1533 2686 fat‘ius
1559 2639 1785 2690 amplissimum
1813 2640 1991 2688 dignitatis
2017 2655 2104 2691 gra-

1139 2686 1217 2724 dum
1247 2689 1400 2727 obtinuit.
1453 2691 1586 2740 Aeque
1615 2690 1799 2738 probanda
1828 2702 1923 2738 quae
1950 2692 1987 2727 iii
2021 2693 2100 2730 Co-

1133 2737 1288 2777 lonienfi
1317 2741 1387 2778 est:
1415 2743 1471 2777 Bis
1490 2742 1597 2788 consul
1614 2743 1778 2786 &censor
1798 2742 1911 2780 sasitos
1930 2745 1993 2788 est:
2015 2756 2099 2789 gra-

1133 2788 1276 2840 dumque
1302 2791 1483 2841 dignitatis
1516 2789 1738 2838 amplissimum
1767 2790 1918 2827 obtinuit.
1959 2793 2099 2832 PIGH,

1136 2841 1232 2889 Cop.
1261 2843 1392 2891 Ultraj.
1421 2851 1572 2891 uterque
1593 2869 1602 2884 ‚
1641 2839 1742 2877 Med.
1777 2850 1955 2890 uterque,
1994 2845 2095 2882 Harl.

1134 2891 1238 2929 Barb.
1276 2893 1344 2931 Bit.
1382 2893 1489 2930 Leid.
1525 2900 1694 2940 quatuor.
1733 2893 1789 2927 Bis
1818 2895 1926 2940 consul
1954 2903 1997 2928 69⁴
2021 2910 2093 2931 ‹en-

120 2942 162 2972 ut
189 2934 350 2973 credam.
403 2935 592 2973 Nimirum
621 2937 824 2985 οἰνιςοξητίιις
862 2938 943 2983 vel,
981 2940 1007 2977 fi
1032 2942 1082 2978 ita
1123 2944 1183 2990 sor
1202 2945 1317 2990 fac‘lcts
1343 2947 1408 2991 est,
1436 2940 1656 2989 amplissimum
1681 2941 1782 2977 etiam
1810 2942 1987 2992 dignitatis
2007 2959 2095 2994 gra<

114 2996 253 3034 yocarc
273 2986 401 3033 malis,
427 2985 604 3037 μυημρνικοί
629 2986 842 3039 οἱμαρτῆμοιΞε
869 2990 980 3029 nostri
1003 2992 1083 3042 jam
1133 2991 1210 3038 dum
1247 2993 1402 3035 obtinuit.
1437 2992 1543 3047 Leid.
1577 2993 1693 3042 quint.
1735 2993 1856 3030 Fadius
1883 2999 1925 3042 est
1954 3003 1996 3031 eo*
2017 3011 2089 3030 am-

1622 3042 1647 3081 P
1661 3054 1715 3092 ΡΡ
1752 3054 1774 3093 Ρ
1813 3056 1831 3095 3
2010 3048 2097 3097 pus.
