2516 3509
453 116 573 174 DE
628 109 1136 173 CENSORIA
1201 108 1826 171 SEVERITATE.

2038 115 2140 187 213'

127 235 311 301 viusque
343 224 777 291 Salinatorssecundi
804 223 971 270 Punici
1000 221 1107 269 belli
1149 220 1436 287 temporibus
1467 217 1715 267 firmiffima
1736 221 1940 286 Reipub.
1973 222 2136 282 latera,

135 318 178 354 3⁶
198 332 333 380 quam
351 311 606 360 destrictam
628 305 761 354 fimul
780 315 972 368 egerunt
993 301 1249 350 censuram?
1287 302 1341 353 N
1344 314 1547 365 am‚cum
1578 298 1785 363 equitum
1821 304 2043 350 centurias
2065 319 2135 349 re*

127 393 479 459 cognoscerent,
515 389 563 435 &
581 386 664 452 ipfi
687 396 876 450 propter
895 383 1036 430 robur
1054 383 1208 430 aetatis
1247 388 1284 416 ³⁷
1300 382 1562 428 etiamnunc
1586 393 1746 425 eorum
1769 381 1907 429 effent
1928 382 1953 427 e
1977 396 2136 429 nume-

125 492 205 535 ro,
240 485 293 520 ut
314 472 380 518 est
398 470 453 517 ad
492 468 528 504 ³8
548 465 744 515 Polliam
761 476 951 513 ventum
973 463 1173 522 tribum,
1204 476 1368 524 praeco
1392 459 1512 506 lecto
1536 458 1723 504 nomine
1745 459 2032 521 Salinatoris,
2069 464 2136 510 ci-

127 552 315 601 tandum
337 566 420 597 nec
444 564 500 595 ne
524 546 606 594 sibi
638 545 769 604 esset,
807 543 1061 592 haesitavit..

1129 547 1166 576 3⁹
1190 537 1338 596 Qiod
1370 537 1450 584 ubi
1484 536 1710 583 intellexit
1734 537 1898 596 Nero,
1934 539 1981 585 ὃς
2006 542 2137 588 citari

128 632 382 696 collegam,
419 628 466 674 ὅζ
488 642 658 691 equum
691 623 882 672 vendere
910 621 1062 687 jutffit,
1098 619 1202 684 quia
1228 617 1389 683 populi
1407 615 1588 681 judicio
1609 614 1843 662 damnatus
1872 617 1991 664 effet.
2061 620 2138 666 Sa-

127 714 294 761 linator
312 725 496 775 quoque
513 701 668 754 eadem
691 702 1074 753 animadversione
1096 701 1340 748 Neronem
1362 697 1623 762 persecutus
1648 697 1710 744 est
1725 732 1740 757 ,
1774 694 1947 761 adjecta
1969 688 2137 758 caussa,

130 801 173 828 ⁴⁰
193 790 320 856 quod
337 806 431 836 non
450 779 616 835 sincerii
639 784 735 832 fide
748 784 899 831 secum
922 783 970 829 in
988 780 1182 844 gratiam
1198 777 1406 826 rediisset.
1451 775 1636 837 Qibus
1662 778 1795 836 viris,
1831 775 1965 839 siquis
1989 777 2137 824 coele-

137 1002 258 1041 Porro
288 1006 400 1050 quam
433 995 589 1034 insolens
620 993 770 1031 locutio
793 990 842 1028 est
861 1017 872 1034 ,
907 989 980 1025 Par
1000 987 1119 1035 instri-

136 1055 225 1091 Hum
257 1050 486 1088 aemulationis
516 1044 637 1082 Immo?
675 1044 867 1080 Praeterea
899 1039 1117 1088 exemplum

137 1103 243 1154 quod
272 1101 413 1150 profert
430 1098 576 1146 Pighius
591 1124 601 1140 ‚
631 1092 806 1142 fignificat
834 1089 1008 1140 impedire,
1030 1104 1115 1126 com-

132 1158 281 1204 pescere,
307 1150 471 1192 cohibere,
500 1160 586 1185 cum
619 1145 670 1183 illi
703 1142 955 1182 aemulatione
986 1149 1114 1179 contra

138 1202 176 1241 se
194 1204 358 1240 invicem
379 1202 508 1238 irritati
519 1199 592 1246 fint
612 1205 723 1246 atque
743 1195 869 1242 inc-enfi.
898 1193 997 1230 Nam
1011 1191 1115 1241 quod

136 1254 286 1302 Pighius
305 1250 427 1296 addit,
444 1252 636 1299 instringere
648 1247 760 1285 etiarn
780 1244 980 1294 fignificare
1001 1245 1114 1292 impli-

137 1320 233 1350 care,
260 1303 298 1342 id
330 1303 416 1340 facit
444 1310 484 1340 ut
513 1297 652 1338 caussae
678 1298 762 1335 suae
789 1297 934 1338 faveat,
962 1306 1040 1331 non
1069 1306 1114 1331 ex

139 1368 246 1394 vero.
299 1355 407 1402 Lego
430 1353 553 1403 itaque
567 1380 578 1396 ‚
606 1350 766 1400 Instinflu
786 1348 1019 1385 aemulationis
1039 1347 1115 1382 ani-

139 1423 191 1445 mo
211 1404 371 1454 diffidens.

195 1470 254 1508 35.
282 1458 404 1493 Livius
424 1451 616 1501 Salinator]
642 1451 839 1500 Originem
863 1447 1116 1497 appellationis

142 1509 246 1557 ejus,
272 1516 312 1545 ut
340 1509 514 1543 Salinator
545 1504 750 1546 diceretur,
777 1499 885 1538 tradit
909 1500 1037 1536 Livius
1058 1499 1117 1537 lib.

142 1572 248 1597 xxxx.
274 1558 446 1596 videlicet
476 1554 580 1604 quod
605 1565 749 1590 novum
782 1550 974 1601 quoddam
1004 1550 1120 1587 veeti-

143 1611 203 1658 gal
232 1610 308 1647 salis
336 1614 573 1645 commentus
600 1605 720 1642 fuerit.
757 1602 952 1640 VORST.
1014 1601 1119 1639 Harl.

140 1660 306 1698 Claudias
328 1675 404 1696 ‘vero
428 1666 471 1693 Θ
487 1662 526 1693 L.
538 1658 682 1703 Quintus
695 1656 878 1691 Salinator.
894 1652 995 1690 Barb.
1010 1654 1117 1701 prim.

145 1713 186 1750 δί
202 1712 315 1748 Periz.
344 1711 397 1747 CI.
414 1723 490 1745 vero
513 1715 558 1742 (7
583 1711 623 1743 L.
646 1707 769 1743 Livias
795 1704 982 1741 Salinator.
1010 1704 1117 1741 Leid.

142 1763 261 1813 quint.
288 1765 326 1798 C.
350 1763 469 1797 Lucius
492 1767 536 1793 (9'
559 1761 600 1794 L.
620 1759 742 1794 Livius
765 1757 808 1805 Q
827 1757 1012 1791 Salinator.
1030 1755 1117 1802 sept.

142 1819 188 1852 L.
207 1813 329 1859 Julius
343 1814 530 1848 Salinator.
550 1808 685 1857 Ultraj.
705 1808 811 1857 prim.
834 1805 956 1851 Julias
980 1806 1023 1852 Ω.
1049 1805 1119 1843 sec.

143 1870 187 1902 L.
210 1864 405 1913 Juliafique.
456 1858 605 1898 Deinde
635 1857 814 1897 nonnulli.
831 1857 1017 1905 firmtffima
1039 1857 1119 1907 Pop.

145 1919 245 1967 Qm.
264 1918 382 1952 latera.
411 1916 500 1952 item
521 1920 672 1960 tempore.

198 1968 257 2017 36.
300 1968 408 2014 Quam
440 1963 622 2012 clistniaam
641 1963 745 2010 simul
772 1972 904 2011 egerant
932 1958 1116 2009 censuram]

144 2016 293 2065 Pighius
320 2029 365 2054 ex
387 2016 470 2053 cod.
500 2011 731 2052 Atrebatenfi
758 2011 891 2060 scripsit
923 2010 1121 2059 d'estrie‘lam.

146 2067 220 2104 Sed
238 2067 352 2104 Aldus
380 2068 417 2104 ὅ(
447 2066 506 2104 alii
533 2064 722 2103 ediderant
742 2061 933 2111 clistrfflam.
986 2063 1121 2112 Estque

145 2119 198 2155 ita
220 2118 258 2154 in
280 2117 385 2154 codd.
405 2128 557 2167 quoque
579 2114 757 2153 Brandeb.
779 2114 887 2151 MSS.
915 2113 974 2151 Est
993 2121 1118 2152 autem

145 2168 296 2215 distr-illa
316 2172 447 2216 cenfiaera
468 2167 556 2204 nihil
572 2166 669 2204 aliud
686 2177 799 2215 quam
819 2164 936 2203 striaa
951 2189 962 2208 ,
985 2164 1119 2202 severa.

147 2219 344 2257 VORST.
391 2218 590 2265 Distrielam
610 2218 774 2264 censuram
796 2227 860 2263 per
879 2220 1036 2251 Severam
1058 2228 1121 2252 ex-

147 2270 270 2319 posuit
300 2269 409 2305 etiam
434 2269 642 2311 Oliverius,
678 2266 826 2313 Pighius
855 2273 984 2302 contra
1006 2264 1123 2312 destri-

146 2323 235 2358 flam
256 2319 411 2368 explieat
433 2317 589 2367 detersam
604 2346 614 2361 ,
641 2317 822 2352 emanflam
836 2343 846 2359 ,
868 2318 1014 2362 justam,
1041 2327 1123 2351 me·-

145 2373 301 2421 taphora
320 2370 461 2417 sumpta
482 2369 503 2407 a
524 2366 824 2415 destringentibus
843 2364 963 2402 sordes
985 2376 1121 2414 corpo-

147 2425 205 2461 ris.
259 2421 328 2460 Sed
358 2422 480 2469 priore
508 2418 771 2468 significa-tione
795 2415 1044 2453 hoc-verbum
1064 2416 1118 2453 so-

145 2475 197 2512 let
227 2474 396 2521 usurpare
417 2471 560 2514 noster,
591 2469 697 2506 &ita
717 2467 870 2517 quidem
885 2496 895 2511 ,
924 2474 964 2504 ut
982 2466 1120 2504 indicet

145 2524 285 2574 aliquid
311 2524 461 2559 violenti.
516 2522 573 2558 Sic
606 2520 651 2557 L.
678 2531 731 2555 vr.
764 2530 795 2568 3.
823 2518 901 2555 init.
931 2518 1119 2566 Destrio‘lae

145 2584 193 2612 <9¹
212 2574 430 2612 inexorabiles
452 2571 629 2608 vinditiae.
656 2570 701 2606 L.
720 2581 809 2606 VHI.
834 2582 864 2616 ς.
884 2581 917 2605 2..
945 2571 982 2605 C.
1002 2572 1118 2605 Mem—

143 2629 247 2664 mium
270 2624 520 2676 repetundarum
549 2637 638 2659 reum
655 2619 799 2668 destric‘lo
832 2621 1012 2668 testimonio
1032 2622 1118 2668 infi-

145 2690 239 2715 eutas
258 2681 311 2720 eft.
366 2677 408 2713 In
427 2675 539 2723 tribus
558 2675 668 2711 Rem.
691 2671 792 2708 Harl.
814 2671 852 2708 &
870 2672 993 2720 primo
1014 2670 1115 2709 Barb.

146 2737 225 2767 erat
253 2728 402 2776 distrieli.
448 2727 585 2774 Guyet.
632 2722 863 2772 Conjiciebat
901 2722 1115 2770 legendum.

144 2780 336 2827 Instim‘lam
356 2790 464 2814 autem
484 2776 715 2812 aemulationis
736 2775 847 2810 aculeo
867 2787 904 2810 ac
919 2772 1079 2820 diffidens.

199 2842 256 2877 37.
294 2827 510 2876 Etiamnum]
549 2827 708 2875 Aliquot
733 2824 858 2862 MSS.
895 2828 996 2862 etiam
1021 2839 1114 2863 nunc.

143 2880 246 2927 ¹Vide
265 2881 368 2928 supra
390 2880 434 2916 L.
458 2892 501 2916 11.
525 2892 553 2916 1.
578 2892 607 2916 1.

198 2931 257 2981 38.
285 2930 436 2980 Pollam]
469 2931 553 2967 lmo
582 2930 756 2973 Polliam,
794 2935 832 2965 ut
864 2928 901 2965 in
930 2927 990 2965 lib.
1018 2928 1115 2965 Dan.

147 2983 186 3021 &c
211 2981 309 3030 apud
331 2981 496 3019 Livium.
526 2981 717 3019 COLER.
768 2987 813 3015 Ut
835 2981 876 3026 est
903 2979 946 3015 acl
971 2981 1115 3016 Polliam

147 3044 281 3073 ventum
305 3032 436 3071 tribum.
475 3033 533 3071 Sic
565 3032 710 3083 reposui
741 3032 983 3080 pro-poliam,
1013 3029 1115 3079 quod

2008 856 2142 903 stium

1166 985 1316 1024 dederat
1334 985 1501 1024 Vorstius
1516 1013 1526 1029 ‚
1540 985 1578 1023 δε
1601 992 1742 1022 veteres
1762 983 1853 1022 Edd.
1876 992 2019 1034 praeter
2030 986 2139 1035 Meg.

1168 1038 1207 1075 ὃ(
1234 1037 1381 1075 Ascens.
1409 1037 1528 1085 Pighii
1556 1036 1684 1074 Editio
1716 1036 1873 1073 habebat
1904 1038 2054 1081 Pollam,
2081 1038 2143 1075 sed

1166 1088 1205 1126 in
1226 1089 1352 1126 erratis
1369 1087 1545 1127 emendat
1565 1089 1694 1123 Pollam
1707 1115 1716 1131 ‚
1730 1087 1833 1136 quod
1857 1087 1905 1124 est
1923 1087 1960 1124 in
1982 1089 2150 1125 nonnul«

1164 1138 1205 1176 lis
1237 1139 1344 1178 MSS.
1380 1138 1439 1176 sed
1467 1138 1505 1175 in
1529 1138 1686 1187 pluribus
1709 1140 1865 1175 Polliam.
1927 1139 2142 1186 Quomodo

1164 1190 1256 1228 haec
1285 1190 1397 1228 tribus
1428 1190 1539 1226 etiam
1568 1197 1726 1226 vocatur
1746 1189 1844 1237 apud
1866 1189 1950 1226 Liv.
1973 1190 2017 1226 L.
2041 1201 2143 1227 xx1x.

1168 1253 1227 1291 37.
1256 1243 1294 1279 δε
1317 1241 1365 1278 fic
1391 1252 1544 1290 quoque
1567 1241 1679 1277 citant
1700 1240 1844 1277 Manut.
1865 1239 1989 1288 Sigon.
2008 1240 2151 1290 aliique‘

1166 1292 1376 1341 Antiquarii
1390 1319 1401 1336 ‚
1415 1291 1612 1329 &restituit
1623 1290 1785 1338 Josepho
1806 1291 1843 1327 in
1864 1290 2016 1327 decretis
2028 1293 2158 1328 Rom..

1166 1345 1205 1381 ὃς
1235 1342 1346 1380 Afiat.
1373 1340 1605 1380 venerandae
1639 1341 1731 1378 mihi
1760 1342 1903 1389 semper
1935 1344 2142 1380 memoriae

1169 1395 1239 1432 Vir
1257 1394 1289 1441 J.
1313 1393 1529 1431 Gronovius
1547 1404 1581 1440 p.
1609 1404 1642 1429 2.
1671 1403 1757 1428 cum
1785 1393 1823 1428 in
1855 1391 1935 1427 MS.
1961 1392 2144 1439 legeretur

1168 1446 1312 1494 Ποπλίᾳ
1332 1445 1371 1483 in
1392 1444 1507 1482 Periz.
1527 1442 1642 1493 spatio
1665 1454 1791 1480 vacuov
1807 1442 1935 1480 relic'io
1958 1442 2081 1482 deerat
2100 1445 2144 1482 ad

1163 1498 1318 1546 polliam.

1225 1559 1284 1597 39.
1311 1546 1412 1597 Quod
1432 1557 1471 1583 ut
1489 1546 1656 1583 intellexit
1668 1549 1764 1581 Nero
1780 1573 1789 1588 ,
1811 1551 1856 1580 (θ’
1877 1545 1974 1581 citari
1993 1546 2150 1595 collegam

1171 1613 1264 1636 arma
1284 1607 1330 1634 (9’
1360 1612 1480 1648 equum
1503 1595 1642 1633 ‘vendere
1666 1595 1778 1646 jnffit]
1810 1595 1853 1632 In
1872 1595 2122 1644 manuscriptis
2137 1626 2147 1640 ‚

1170 1648 1272 1700 Qod
1300 1649 1355 1686 uln'
1373 1650 1543 1685 intellexit
1563 1650 1655 1685 Nero
1669 1676 1680 1693 ,
1707 1656 1752 1683 (θ’
1776 1648 1876 1683 citari
1896 1649 2073 1697 collegam,
2101 1656 2147 1683 Ψ

1171 1715 1292 1750 equam
1308 1699 1449 1738 vend-ere
1467 1699 1567 1750 jzgffit.
1606 1699 1649 1735 In
1670 1698 1773 1736 nullo
1795 1697 1949 1746 quidem
1970 1699 2147 1747 reperitur

1173 1760 1218 1787 ω’
1250 1766 1356 1789 arma.
1415 1749 1534 1799 Quod
1560 1749 1645 1787 sane
1667 1777 1678 1794 ,
1715 1756 1756 1786 ut
1785 1749 1932 1786 Graeco
1960 1749 2146 1787 vocabulo

1171 1801 1292 1841 dicam
1307 1831 1317 1848 ,
1335 1800 1503 1851 glossargi
1523 1800 1672 1848 alicuius
1693 1807 1953 1838 commentum
1977 1799 2035 1837 est.
2064 1801 2146 1837 Ne-

1169 1865 1243 1903 que
1265 1856 1364 1892 enim
1387 1854 1462 1891 hoc
1477 1851 1589 1890 habet
1608 1852 1759 1896 Livius,
1788 1863 1832 1888 ex
1849 1863 1926 1900 quo
1949 1850 2155 1888 Valerium·

1171 1903 1403 1955 desumpfiffe
1420 1904 1607 1942 historiam
1628 1911 1828 1952 utrumque
1856 1902 2063 1939 conferenti
2081 1915 2153 1951 pa·

1168 1955 1278 1994 tebit:
1319 1957 1402 1994 Nec
1431 1956 1542 1994 etiam
1574 1954 1595 1992 a
1622 1954 1828 1992 censoribus
1857 1954 1975 1990 notati
2004 1955 2145 2003 equites

1171 2009 1338 2046 Romani
1356 2020 1458 2046 arma
1478 2006 1640 2045 vendere
1663 2005 1907 2054 cogebantur:
1922 2004 1980 2042 sed
2005 2017 2145 2055 equum

1170 2059 1382 2109 publicum,
1410 2071 1523 2109 quem
1548 2060 1631 2108 jure
1664 2057 1801 2095 ordinis
1825 2064 2040 2104 acceperant
2061 2083 2071 2098 ‚
2107 2057 2146 2092 ὃς

1171 2111 1314 2160 publica
1335 2112 1516 2149 nutritum
1536 2108 1699 2157 impensa
1720 2108 1904 2146 tenebant.
1931 2107 2072 2145 PIGH.
2099 2110 2147 2142 E-

1170 2176 1271 2212 quum
1291 2161 1430 2201 vendere
1444 2162 1547 2212 jaffit.
1575 2161 1702 2210 Equus
1720 2159 1779 2196 ille
1799 2158 1962 2208 publicus
1985 2165 2081 2200 erat;
2106 2166 2146 2194 ut

1170 2225 1286 2262 quern
1311 2215 1396 2262 jure
1429 2212 1566 2250 ordinis
1593 2218 1808 2259 acceperat,
1836 2210 1974 2259 quique
2003 2208 2147 2257 publica

1171 2263 1340 2311 impensa
1365 2262 1537 2300 alebatur.
1591 2262 1721 2299 Livius
1751 2272 1851 2297 xxxx.
1879 2259 2011 2296 eadem
2043 2259 2088 2296 de
2109 2271 2144 2295 re

1172 2324 1304 2360 agens:
1333 2313 1455 2354 QAmlao
1469 2315 1558 2360 forte
1575 2314 1714 2360 censores
1736 2323 1852 2361 equum
1867 2310 2036 2361 publicum·
2050 2310 2144 2346 Imbe‘

1172 2362 1263 2401 bant.
1308 2364 1356 2401 Et
1377 2364 1498 2401 noster
1518 2363 1610 2400 item
1633 2363 1744 2412 paulo
1767 2361 1845 2411 post
1864 2376 2018 2412 equorum
2034 2361 2144 2409 palili*

1170 2428 1278 2451 corum
1305 2426 1383 2453 non
1414 2414 1526 2452 semel
1556 2414 1791 2451 mentionem
1822 2413 1919 2449 facit.
1952 2412 2143 2449 VORST.

1173 2465 1331 2503 Ceterae
1372 2464 1553 2503 editiones
1580 2473 1722 2513 praeter
1750 2465 1857 2512 Mog.
1889 2463 2066 2501 habebant
2096 2470 2156 2496 ὅ

1168 2530 1263 2552 arma
1286 2525 1331 2552 (ν’
1363 2531 1492 2567 equum.
1546 2515 1617 2553 Sed
1649 2515 1736 2554 duas
1755 2515 1894 2564 priores
1916 2525 2026 2551 voces
2053 2523 2138 2548 cum

1167 2567 1314 2616 Pighius
1344 2580 1422 2605 non
1451 2568 1625 2616 reperiret
1654 2568 1692 2604 in
1721 2565 1827 2604 MSS.
1856 2577 1914 2604 eas
1945 2562 2141 2610 expunxit,

1169 2618 1273 2668 quod
1306 2618 1447 2656 facium
1479 2620 1663 2656 omnium
1683 2618 1889 2656 nostrorum
1923 2613 2139 2652 aursi-oritate*

1170 2670 1448 2719 comprobatur.
1508 2670 1566 2707 Sic
1599 2670 1637 2706 ὃς
1668 2683 1768 2719 equus
1796 2667 1966 2715 ademptus
1998 2664 2065 2700 fuit
2094 2664 2140 2701 L,

1169 2721 1328 2760 Metello
1344 2750 1353 2766 ‚
1376 2720 1474 2769 apud
1497 2722 1582 2758 Liv.
1603 2721 1648 2757 L.
1672 2732 1772 2757 xxm.
1792 2731 1848 2766 43.
1878 2718 1916 2753 δε
1933 2715 2037 2762 saepe
2054 2713 2142 2752 aliis.

1217 2786 1277 2819 40.
1305 2771 1484 2822 Ωιιοιίἠοη
1503 2773 1630 2819 sincera
1650 2769 1718 2818 fide
1733 2772 1839 2818 serum
1857 2769 1893 2802 in
1918 2768 2069 2815 gratiam
2089 2780 2143 2802 ren

1166 2822 1293 2874 cliiffit]
1324 2825 1453 2861 Livius
1484 2836 1587 2866 xxix,
1620 2834 1675 2870 32.
1715 2819 1898 2867 duplicem
1932 2813 2090 2853 caussam·
2119 2816 2136 2853 a

1169 2875 1374 2913 Salinatore
1399 2876 1541 2912 allatam
1571 2874 1700 2913 refert,
1729 2869 1831 2919 quod
1863 2869 1900 2906 &
1922 2867 2047 2904 falsum
2077 2864 2142 2902 ad-

1169 2926 1289 2964 versus
1309 2927 1426 2974 ipsum
1448 2923 1699 2963 testimonium
1722 2919 1886 2962 dixisset,
1916 2920 1953 2955 ὃς
1973 2929 2047 2954 non
2071 2916 2140 2970 sinm

1170 2988 1249 3013 cera
1305 2977 1378 3014 fide
1423 2989 1506 3014 cuni
1555 2974 1630 3024 ipso
1682 2974 1719 3008 in
1772 2971 1925 3020 gratiam
1974 2966 2141 3004 lediillet,

1169 3029 1205 3064 V·
1221 3030 1257 3065 O
1273 3029 1304 3064 R
1318 3028 1340 3065 S
1353 3029 1401 3067 T.

1620 3072 1691 3112 Dd
1727 3085 1738 3110 »ἶ
2019 3081 2073 3112 41.
2104 3071 2149 3104 [z
