2516 3509
433 130 585 186 DE
673 128 1024 185 OTIO
1111 91 1816 190 LAUDAT'o.
1970 150 2108 207 ¹745

108 241 192 288 mis
226 233 418 284 Achillis
451 231 657 279 manibus
691 248 873 279 canoras
907 231 1018 279 fides
1050 230 1245 296 aptando
1263 252 1279 287 3
1326 244 1379 277 ut
1413 246 1564 280 earum
1601 235 1794 283 militare
1829 234 1970 282 robur
2005 236 2093 283 leni
2110 221 2256 297 gij-&53

109 323 232 386 pacis
264 319 409 367 studio
444 316 674 364 relaxaret.

116 451 168 489 do
193 449 295 490 velut
321 447 532 486 excusatum
563 446 590 483 it
610 473 620 491 ,
655 444 758 496 quod
787 444 855 483 fint
884 446 975 491 lusus
995 445 1084 494 seni·
1135 445 1173 483 ὅτ
1191 444 1278 482 hinc
1296 443 1376 482 Cic.
1407 444 1453 482 de
1475 445 1558 484 Sen.
1585 459 1615 484 c.
1647 448 1702 485 16.
1720 451 1872 491 Arma,
1899 463 2015 499 equos,
2041 451 2103 487 ha-

117 504 190 548 les,
225 500 355 551 quibus
383 498 503 548 plures
529 496 630 535 senes
660 495 890 534 obletstentur
908 524 918 540 ,
946 497 984 533 in
1003 497 1084 545 qui·
1124 499 1221 543 stas,
1245 496 1379 532 clavam
1396 520 1406 537 ,
1429 497 1561 544 pilam,
1584 499 1757 541 naciones,
1788 502 1918 546 cursus,
1948 502 2103 548 conjun-

118 553 255 603 busque
277 551 371 588 adeo
391 549 589 587 hominem
611 548 725 596 egerit
748 547 937 589 Scaevola,
984 548 1083 584 Nam
1135 547 1188 584 xit
1214 574 1225 590 ‚
1262 546 1366 595 quod
1404 546 1459 583 his
1498 550 1671 586 omnibus
1699 550 1874 597 juventus
1901 551 1939 587 in
1968 562 2101 600 campo

112 605 205 652 pilae
234 605 324 647 lusus
361 600 459 638 nulla
490 598 588 648 apud
618 601 815 637 Romanos
851 598 1085 635 excusatione
1137 597 1299 635 exerceri
1323 596 1471 634 solebat.

117 666 211 703 opus
238 653 369 695 habet,
398 662 483 688 cum
514 650 623 687 fuerit
653 650 765 687 etiam
795 650 890 686 inter
908 650 1086 686 exercita-
1191 660 1247 698 13.
1275 648 1350 686 Ab
1375 648 1569 688 CAlsibiade
1597 652 1683 696 risus
1709 649 1771 699 est]
1810 650 1914 698 Lege
1932 651 2023 698 visus
2049 654 2104 698 est.

120 706 239 743 tiones
259 703 486 751 campestres.
510 702 644 738 Horat.
668 701 749 738 Art.
774 703 876 748 poe't.
903 700 1036 749 v.380.
1139 698 1323 736 Credibile
1356 698 1405 736 est
1431 698 1663 738 Alcibiadem
1701 701 1907 749 inopinanti
1936 702 2106 749 superve-

168 754 293 792 Ludere
311 756 370 802 qui
391 754 491 800 nescit
509 751 736 801 campestribus
754 750 894 798 abstinet
912 752 1037 796 armis,
1139 747 1240 788 niffe.
1275 750 1300 787 P
1315 749 1347 787 E
1362 749 1462 788 RIZ
1477 751 1512 787 O
1527 751 1577 788 N.
1621 751 1728 790 MSS.
1757 760 1917 801 quatuor
1936 780 1947 796 ‚
1983 751 2106 801 dertsus

168 805 383 856 Indoil'usque
394 805 488 855 pilae
501 831 512 848 ‚
537 802 660 852 discive
678 801 823 840 trochive
842 802 995 852 quiescit.
1139 804 1195 847 est.

739 941 1243 995 CAPUT
1393 938 1496 994 IX.

288 1029 1934 1152 DE·›V1⁹ELoQUENT1AE.

296 1222 389 1268 IN
465 1218 922 1266 Romarm&
1294 1219 1389 1263 IN
1456 1218 1959 1266 EXTERNIS.

126 1354 163 1385 1.
198 1340 271 1382 M.
311 1339 477 1383 Valerio
514 1327 643 1382 Maxf
673 1336 769 1381 dier.
1149 1349 1187 1378 1.
1224 1333 1443 1393 Piststrato
1479 1333 1738 1394 Athenienfi.

119 1419 160 1449 2.
198 1407 272 1446 M.
310 1404 489 1448 Antonio
525 1411 698 1446 oratore.
1148 1414 1188 1442 2.
1223 1398 1386 1443 Pericle
1420 1399 1681 1458 Athenienfi.

123 1485 164 1528 3.
198 1472 244 1512 C.
279 1467 460 1512 Aurelio
496 1470 631 1511 Cotta.
1148 1476 1190 1521 3.
1221 1463 1397 1526 Hegefia
1430 1465 1662 1520 Cyrenaico.

121 1585 419 1692 Potentiam
453 1598 562 1630 vero
598 1580 881 1644 eloquentiae
914 1579 994 1627 etsi
1029 1578 1281 1643 plurimum
1316 1579 1461 1626 valere
1495 1577 1920 1638 animadvertimus,
1967 1590 2114 1624 tamen

201 1659 280 1704 sub
315 1661 507 1724 propriis
541 1659 786 1722 exemplis,
821 1674 914 1719 quo
949 1657 1119 1703 scilicet
1152 1659 1266 1705 vires
1301 1659 1395 1720 ejus
1430 1657 1679 1704 testatiores
1715 1655 1855 1716 fiant,
1888 1671 2113 1720 recogno-

123 1736 184 1784 sci
218 1740 450 1785 convenit.

185 1818 397 1882 Regibus
432 1818 625 1876 exactis,
661 1815 786 1880 plebs
821 1813 1026 1861 diffidens
1059 1814 1086 1861 a
1119 1814 1348 1879 patribus,
1396 1818 1526 1879 jux-ta
1559 1815 1703 1878 ripam
1741 1816 1940 1862 fluminis
1978 1816 2112 1863 Anie-
2220 1817 2252 1856 1?

121 1897 186 1942 nis
221 1897 268 1943 in
301 1896 418 1943 colle
438 1930 453 1954 ‚
501 1897 578 1958 qui
615 1898 741 1944 Sacer
773 1898 1027 1961 appellatur
1047 1931 1063 1956 ,
1114 1909 1282 1943 armata
1313 1896 1531 1943 consedit.
1601 1897 1802 1958 Eratque
1845 1912 1938 1942 non
1972 1895 2113 1942 solum
2131 1865 2326 1945 fflff'fiill’tls

121 1972 361 2031 deformis,
395 1973 466 2019 sed
499 1973 636 2019 etiam
674 1974 941 2021 miserrimus
976 1974 1252 2037 reipublicae
1287 1974 1449 2030 status;
1472 1973 1497 2019 a
1523 1974 1673 2036 capite
1707 1975 1800 2036 ejus
1836 1986 1983 2019 cetera
2017 1947 2328 2037 pa1·->¹<.¹'1³¹1³u¹{'.nys'

124 2063 169 2096 te
203 2052 408 2112 corporis
443 2049 648 2112 pestifera
680 2051 898 2097 {editione
932 2050 1081 2096 divisa.
1155 2058 1166 2077 ¹
1208 2052 1280 2098 Ac
1312 2052 1357 2099 ni
1393 2051 1578 2098 Valerii-
1598 2050 1866 2097 subveniffet
1901 2051 2113 2115 eloquen—
2132 2038 2288 2108 {fflfgffi

123 2129 210 2187 tia,
245 2127 338 2192 spes
372 2129 484 2174 tanti
520 2128 698 2190 imperii
732 2130 778 2174 in
811 2130 906 2191 ipso
941 2145 1056 2192 pene
1089 2142 1195 2176 ortu
1228 2133 1307 2177 suo
1343 2130 1593 2178 corruisset.
1660 2132 1706 2182 'Is
1742 2147 1936 2193 namque
1971 2147 2118 2195 popu-

124 2206 220 2253 lum
257 2223 372 2254 nova
406 2206 455 2252 ὃς
490 2205 671 2280 insolita
699 2206 905 2253 libertate
939 2220 1108 2253 temere
1139 2208 1412 2272 gaudentem
1433 2244 1448 2268 ‚
1505 2210 1709 2256 oratione
1756 2210 1811 2256 ad
1854 2211 2038 2257 meliora
2071 2210 2119 2256 Sc

126 2282 294 2330 saniora
329 2282 511 2331 consilia
545 2297 840 2343 revocatum,
876 2283 1045 2331 senatui
1077 2283 1300 2349 subjecit,
1335 2284 1381 2330 id
1415 2284 1480 2330 est
1502 2319 1517 2344 ,
1564 2293 1580 2312 2
1620 2284 1779 2332 urbem
1815 2286 1917 2332 urbi
1946 2289 2115 2349 junxit,

1946 2370 1962 2400 3
2001 2363 2116 2409 Ver-

180 2492 211 2517 1.
239 2487 306 2520 estc
333 2480 367 2515 ni
404 2480 527 2519 Valerii
546 2481 748 2529 subvenisset
776 2480 986 2531 eloquentia]
1032 2483 1097 2520 Li·
1147 2484 1298 2525 laturos,
1321 2495 1422 2530 quam
1443 2482 1593 2524 vellent,
1621 2481 1754 2530 iniquus
1772 2482 1909 2531 equestri
1930 2478 2033 2515 ordini
2051 2479 2115 2526 jmss

132 2530 210 2568 vius
246 2530 307 2567 lib.
334 2542 367 2567 2.
411 2531 568 2569 eandem
600 2545 677 2570 rem
710 2544 858 2570 narrans
896 2535 1097 2569 Menenium
1147 2533 1235 2570 dicia
1263 2532 1429 2574 tradidit,
1466 2547 1503 2568 ac
1531 2532 1697 2581 bicipitem
1724 2534 1893 2567 civitatem
1912 2532 2014 2575 fet-it,
2041 2529 2110 2577 ἀι]-

131 2583 339 2631 ⁸Agriprmm
373 2592 510 2622 vocat,
546 2585 610 2632 qui
639 2582 760 2620 miffus
789 2591 913 2621 orator
948 2583 993 2621 ad
1021 2584 1099 2633 ple·
1147 2583 1331 2621 cordiarum
1365 2585 1516 2621 civilium
1541 2586 1680 2629 sontem.
1717 2582 1903 2619 COLER.
1951 2579 1991 2615 In
2018 2591 2107 2628 qua-

131 2632 216 2668 bem
247 2633 367 2669 fuerit.
404 2633 521 2680 Quod
550 2635 671 2672 noster
696 2636 871 2671 Valerium
902 2643 1036 2680 vocat,
1065 2636 1098 2673 ei
1149 2643 1235 2672 tuor
1268 2635 1374 2672 Leid.
1414 2636 1451 2672 &
1481 2635 1583 2671 Barb.
1611 2635 1721 2682 prim.
1751 2631 1956 2672 omittitur,
1986 2628 2021 2665 id
2050 2633 2106 2677 est.

132 2682 368 2720 occafionem
399 2683 522 2727 dedit,
555 2685 659 2733 quod
689 2685 827 2722 eodem
857 2694 1027 2734 tempore
1059 2687 1097 2724 &
1151 2686 1283 2735 Ultraj.
1309 2688 1376 2723 sec.
1403 2685 1509 2727 idem,
1540 2687 1576 2723 ὃ(
1599 2685 1644 2721 sic
1665 2684 1730 2720 Ed.
1759 2684 1862 2728 Mog.

133 2734 284 2771 Valerius
312 2734 462 2782 quidam
497 2736 602 2772 vixit:
636 2737 699 2785 qui
725 2738 762 2773 &
783 2735 939 2773 dietator
960 2745 1099 2774 creatus
1206 2750 1238 2786 3.
1267 2737 1378 2775 Verbis
1403 2751 1478 2786 ergo
1497 2735 1651 2781 facunda
1671 2730 1972 2776 ira‚t<0rgsler11atio
1990 2736 2034 2763 ω’
2055 2744 2113 2766 ar-

133 2784 214 2821 fuit.
267 2783 365 2820 Vide
394 2785 546 2821 Livium
582 2800 637 2823 tr.
667 2798 724 2834 30.
754 2787 946 2824 VORST.
1154 2802 1208 2823 ma
1235 2786 1406 2836 cesserunt]
1436 2788 1518 2824 MS.
1553 2785 1691 2822 omittit
1721 2782 1890 2829 copulam
1918 2779 2007 2816 nihil
2032 2780 2114 2817 sane

183 2847 216 2870 2.
244 2834 357 2870 Urbem
387 2835 461 2871 urbi
480 2837 618 2886 junxit]
667 2838 765 2873 Nam
796 2836 900 2885 plebe
929 2837 948 2876 a
978 2838 1102 2876 senatu
1156 2838 1313 2876 deterius
1342 2839 1498 2886 vulgata.
1534 2839 1570 2874 &
1601 2834 1646 2870 fic
1682 2832 1841 2869 Ast-enfil
1873 2831 1998 2868 editio.
2047 2831 2117 2869 Sic.

135 2885 318 2933 separata,
345 2887 492 2933 gemina
517 2888 698 2935 quaedam
725 2889 877 2925 civitatis
906 2888 1015 2926 facies
1037 2901 1099 2937 ap·
1156 2902 1242 2928 vm.
1271 2903 1326 2928 10.
1357 2902 1389 2938 3.
1437 2888 1604 2932 Telmun,
1632 2883 1879 2934 chirographis,
1918 2881 2118 2931 quaestioni-

134 2943 248 2983 paret.
300 2937 400 2973 Hinc
421 2938 547 2973 Varro
570 2940 652 2974 iane
673 2950 783 2987 quam
809 2939 992 2986 eleganter
1009 2941 1100 2989 ejus·
1151 2940 1221 2977 hus.
1250 2940 1494 2978 PERIZON.
1539 2934 1732 2974 Omittitur
1774 2933 1905 2982 copula
1935 2933 2046 2969 etiam
2076 2933 2112 2968 in

136 2987 243 3024 modi
271 2987 457 3025 civitatem
489 2988 654 3038 bicipitem
684 2989 838 3037 appellat
869 2990 927 3028 lib.
961 3003 1017 3029 ιν.
1055 2990 1099 3028 de
1151 2991 1278 3029 nostris
1298 2991 1521 3033 duodecim,
1545 2989 1581 3025 &
1598 2985 1728 3033 Pighio
1750 2984 2001 3023 vetustioribus
2020 2982 2112 3020 Edd-

134 3038 210 3076 vita
238 3041 467 3087 pop-Rom.
496 3041 532 3077 In
555 3042 649 3092 spem
677 3040 859 3080 adducebat
877 3056 941 3080 non
951 3043 1032 3093 plus
1044 3045 1102 3092 so·
1152 3042 1277 3092 itaque
1297 3042 1428 3082 delevi.
1625 3085 1719 3123 ΒΜ)
1756 3085 1809 3122 bb
1987 3096 2009 3129 4
2048 3084 2117 3118 De-
