2516 3509
213 83 781 151 EXERCITATIO
823 85 930 143 AD
970 89 1148 149 VAL.
1188 89 1381 147 MAX.
1424 89 2133 167 L112.V11.CA1›.V11.913

134 202 190 236 te
213 189 376 235 idonea
396 203 420 233 a
444 187 672 234 bonorum
697 185 961 249 poffeffione
981 186 1229 234 secundum
1252 187 1424 235 tabulas
1456 188 1704 238 arcebatur.
1771 192 1911 239 Aliud
1944 195 2130 259 quidem

139 253 304 302 volunt
337 253 499 298 Petrus
538 251 764 298 Aerodius
809 255 880 298 loc.
923 255 993 298 cit.
1041 251 1088 297 &
1128 251 1329 313 Jacobus
1361 253 1639 301 Menochius
1672 258 1720 302 de
1760 260 1961 305 arbitrar.
1991 261 2130 320 judic.

140 317 406 381 quaestionib.
438 318 509 363 lib.
540 333 586 363 11.
633 331 721 377 cap.
757 330 863 379 534.
900 333 940 362 n.
978 316 1049 381 38.
1096 333 1191 364 non
1219 317 1307 364 alio
1340 329 1492 363 tamen
1520 334 1790 383 argumento
1826 339 1960 385 quam
1993 325 2128 387 hujus

142 381 281 446 ipfius
316 381 545 445 exempli,
589 381 792 444 adeoque
827 397 985 443 parum
1021 381 1155 428 firmo
1198 383 1294 428 nixi
1331 380 1552 429 tibicine:
1599 400 1681 430 nec
1712 387 1817 448 quia
1849 388 2032 435 honeste
2053 383 2124 437 'est

141 445 392 495 vivendum
413 480 427 505 ,
470 447 575 492 inde
607 446 727 493 reete
758 446 944 492 eviceris
965 480 979 504 ‚
1033 463 1083 493 ea
1114 463 1228 510 quae
1256 446 1478 494 honestati
1510 462 1765 512 repugnant
1788 483 1802 508 ‚
1846 454 1941 513 jure
1976 454 2125 516 publi-

145 528 204 558 co
239 527 425 576 quoque
453 527 505 557 ac
543 514 675 558 certis
705 511 862 575 poenis
894 512 939 557 in
962 511 1063 557 foro
1093 513 1324 571 coerceri,
1359 510 1440 557 nisi
1472 512 1618 574 aliqua
1644 514 1751 575 juris
1783 509 2009 563 accesserit
2032 517 2126 565 san-

143 576 237 624 &io
260 611 274 636 ‚
320 576 391 622 uti
422 575 548 640 saepe
581 578 715 622 etiam
753 576 917 621 evenit.
996 574 1104 636 Qa
1132 576 1187 622 de
1222 592 1268 622 re
1299 576 1441 622 videri
1471 570 1688 640 poterunt
1724 594 1836 640 quae
1865 580 1998 627 habet
2030 584 2125 645 jam

141 643 242 706 plus
276 639 409 687 semel
442 658 549 687 cum
581 641 711 687 laude
747 640 860 686 mihi
899 653 1171 687 memoratus
1199 640 1426 688 Gerardus
1459 640 1631 687 Noodt
1661 643 1757 702 Jul.
1791 645 1921 691 Paul.
1956 660 2129 705 capro.

144 708 198 759 ζῇ)
231 722 302 753 11.
349 718 402 751 ut
433 706 626 770 proinde
658 706 875 752 Metellus
908 722 1000 750 non
1033 718 1125 751 tam
1167 723 1223 752 ex
1264 705 1414 752 edieto
1457 707 1533 751 suo
1562 739 1576 763 ‚
1619 705 1862 754 secundum
1908 710 2030 772 quod
2063 711 2126 769 is,

141 773 219 835 qui
259 769 429 818 tabulas
461 771 713 816 testamenti
743 770 911 833 septem
946 769 1126 815 testium
1154 770 1277 835 signa
1301 770 1515 816 habentes
1548 770 1778 817 ostendere
1804 785 2009 834 poterat,
2043 774 2127 821 bo-

141 853 310 883 norum
341 834 647 898 poffeffionem
684 834 929 880 secundum
961 834 1054 880 illas
1088 835 1207 883 reite
1229 835 1439 898 petebat,
1475 850 1606 897 quam
1642 851 1696 880 ex
1730 839 1914 898 proprio
1942 838 2126 885 arbitra-

140 915 193 947 tu
218 904 293 965 jus
321 899 566 947 reddiderit
593 919 600 946 :
647 899 772 961 quod
807 899 904 945 alias
938 914 1121 962 quoque
1164 917 1187 946 a
1220 902 1431 946 Praetore
1473 915 1525 945 ac
1555 902 1850 947 centumviris
1878 901 2045 948 facium
2078 904 2125 951 in

140 964 402 1030 hujusmodi
432 964 766 1028 quaestionibus
797 965 853 1009 de
884 963 1012 1009 bonis
1044 964 1365 1011 defun6torum
1398 980 1448 1010 ac
1484 963 1699 1026 supremis
1732 965 1936 1025 judiciis,
1980 967 2124 1013 claris:-

141 1030 251 1078 sime
281 1029 420 1074 docet
453 1042 591 1092 caput
622 1028 830 1091 sequens⁹
864 1028 943 1074 ubi
970 1028 1188 1074 dicuntur
1214 1028 1479 1076 testamenta
1515 1028 1640 1074 fuisse
1671 1022 1978 1088 rescindenda,
2015 1047 2126 1093 quae

140 1109 234 1142 rata
265 1092 532 1152 manserint,
569 1095 748 1139 nemine
780 1098 1125 1156 c'onquerente3
1161 1093 1216 1139 de
1255 1094 1418 1155 quibus
1454 1105 1602 1138 tamen
1628 1093 1935 1152 Jurisconsulti
1968 1097 2013 1141 in
2037 1098 2125 1142 Di·

134 1161 275 1224 gestis
298 1193 312 1217 ‚
362 1158 409 1204 δε
449 1162 743 1222 imperatores
774 1158 819 1220 in
853 1157 1032 1204 Codice
1065 1174 1159 1203 non
1190 1157 1461 1204 dubitassent
1498 1156 1673 1220 prorsus
1695 1191 1710 1216 ,
1757 1161 1865 1221 quin
1902 1158 2030 1206 firma
2061 1174 2128 1206 at·-

141 1242 231 1289 que
266 1224 527 1269 inconcussa
571 1223 788 1270 deberent
825 1238 1016 1268 manere.
1085 1224 1157 1268 Ac
1193 1224 1370 1269 videtur
1403 1222 1557 1285 postea
1591 1219 1735 1268 forma
1765 1223 1977 1286 quaedam
2009 1241 2127 1271 nova

144 1292 191 1337 &
225 1301 347 1335 certa
380 1288 488 1335 huic
525 1288 733 1335 materiae
767 1287 852 1333 effe
878 1286 1030 1333 addita
1050 1320 1066 1346 ,
1107 1303 1163 1334 an
1190 1286 1268 1333 sub
1302 1287 1573 1346 Hadriano,
1618 1287 1695 1348 qui
1728 1287 1983 1335 hereditatis
2014 1290 2126 1351 peti·

143 1355 260 1403 tioni
292 1354 453 1400 modos
487 1351 766 1417 praescripsit
795 1368 846 1397 ac
882 1352 1050 1398 limites
1082 1354 1111 1397 l.
1140 1367 1211 1398 zo.
1256 1361 1292 1408 §.
1321 1358 1367 1398 6.
1412 1354 1472 1397 D.
1516 1353 1564 1397 de
1597 1351 1816 1397 hereditat.
1852 1357 2039 1413 petitien.
2075 1370 2129 1400 an

141 1420 221 1467 sub
256 1420 343 1466 alio
365 1453 381 1478 ‚
430 1419 514 1466 viri
545 1417 672 1465 doeti
705 1417 918 1464 viderint.
979 1416 1099 1463 Illud
1131 1415 1439 1462 indubitatum
1462 1449 1476 1474 ‚
1519 1431 1575 1461 ne
1601 1414 1782 1476 quidem
1815 1430 2033 1482 cognatos
2063 1419 2133 1463 ul-

145 1498 215 1532 tra
249 1485 402 1531 fratres
441 1484 578 1530 ullam
612 1482 775 1529 habere
806 1480 928 1546 spem
959 1481 1195 1528 obtinendi
1228 1482 1312 1527 hac
1346 1480 1525 1544 querela
1545 1512 1558 1537 ‚
1603 1482 1633 1525 l.
1671 1496 1706 1525 1.
1756 1483 1814 1525 D.
1858 1487 1885 1527 l.
1923 1479 1970 1527 z!
2000 1484 2046 1528 C.
2083 1484 2131 1528 de

143 1550 348 1611 inofficioſs
390 1549 617 1609 testament.
687 1547 928 1608 Qantum
974 1562 1082 1594 vero
1124 1546 1227 1592 inde
1268 1545 1438 1592 abeunt
1482 1546 1530 1591 in
1571 1543 1765 1606 allegato
1799 1547 1947 1609 capite
1979 1561 2131 1592 exem-

145 1615 220 1679 pla
270 1629 307 1676 3.
346 1628 386 1673 ς.
421 1620 466 1660 6.
502 1629 548 1674 7.
584 1611 624 1659 8.
669 1611 740 1667 9?
796 1611 981 1669 Qibus
1017 1610 1306 1658 consideratis
1340 1611 1489 1656 minus
1518 1609 1799 1654 haerebimus
1827 1612 1872 1656 in
1902 1611 2130 1655 invenien-

144 1681 207 1726 do
239 1679 395 1726 colore
419 1711 436 1736 ‚
482 1695 575 1740 quo
605 1676 763 1723 Caesar
797 1675 1009 1740 Caligula
1051 1677 1315 1723 testamenta
1354 1673 1702 1738 primipilarium
1725 1706 1740 1730 ,
1788 1676 1866 1735 qui
1905 1674 1958 1720 ab
1999 1675 2129 1721 initio

146 1745 435 1807 Principatus
460 1743 639 1789 Tiberii
673 1756 819 1804 neque
851 1740 980 1787 illum
1003 1774 1018 1799 ‚
1054 1756 1202 1803 neque
1233 1739 1275 1784 se
1308 1739 1518 1785 heredem
1548 1737 1823 1800 reliquissent
1843 1772 1857 1797 ,
1898 1751 1952 1784 ut
1984 1739 2132 1803 ingra-

142 1824 190 1858 ta
221 1808 449 1856 resciderit
469 1841 484 1866 ‚
519 1807 704 1854 ati&ore
737 1805 963 1854 Suetonio
996 1808 1171 1867 Caligul.
1204 1817 1291 1863 cap.
1320 1802 1393 1866 38.

213 1876 317 1921 Hac
347 1889 455 1920 vero
490 1873 536 1918 in
567 1872 713 1936 specie
744 1886 799 1917 an
830 1868 1069 1916 heredibus
1100 1869 1195 1917 aliis
1231 1867 1361 1914 fimul
1402 1883 1508 1914 cum
1544 1866 1729 1913 Vecilio
1774 1864 1947 1930 scriptis
1986 1867 2132 1913 bono-

144 1958 246 1988 rum
280 1937 589 2002 poss‘eflionem
624 1935 871 1983 secundum
902 1934 1075 1982 tabulas
1117 1935 1163 1982 in
1202 1932 1394 1980 solidum
1420 1967 1436 1992 ‚
1480 1948 1536 1978 an
1567 1931 1622 1977 ab
1669 1931 1876 1978 intestato
1921 1932 2134 1994 legitimis

143 2004 384 2053 heredibus
416 2003 485 2047 vel
520 2001 728 2065 cognatis
760 2000 980 2046 Metellus
1009 1998 1210 2058 dederit,
1255 1997 1327 2057 id,
1363 2010 1593 2061 tamquam
1628 1996 1996 2059 alio'pertinens‚
2040 2012 2133 2042 non

145 2070 364 2134 exprimit
397 2066 605 2112 Valerius
641 2065 889 2111 Maximus.

212 2137 330 2197 Jum
362 2130 553 2192 reddere]
611 2129 733 2175 Alias
763 2143 948 2191 quoque
986 2126 1252 2173 horninibus
1287 2128 1458 2189 probro
1488 2125 1561 2173 vel
1583 2124 1760 2189 flagitio
1787 2124 1973 2188 pollutis
2004 2126 2135 2172 Prae-

148 2217 268 2250 tores
297 2200 399 2261 jura
429 2195 613 2241 reddere
647 2193 893 2240 noluerunt
915 2227 929 2252 ,
985 2191 1148 2255 absque
1179 2191 1353 2254 speciali
1383 2191 1498 2256 juris
1532 2188 1824 2253 dispositione
1847 2224 1862 2249 ‚
1910 2188 2002 2236 solo
2036 2207 2136 2236 mo·

145 2270 183 2315 ti
218 2263 507 2329 personarum
537 2259 663 2306 odio.
729 2257 896 2305 Refert
929 2256 1099 2303 Cicero
1131 2260 1174 2303 in
1204 2258 1396 2303 Oration.
1422 2255 1514 2317 post
1547 2255 1669 2300 redit.
1713 2257 1756 2300 in
1790 2258 1929 2300 Senat.
1974 2269 2058 2315 cap.
2092 2270 2138 2309 9.

151 2334 210 2380 L.
247 2327 500 2376 Caecilium
539 2323 847 2388 direptoribus
882 2322 1114 2369 bonorum
1161 2320 1399 2367 Ciceronis
1433 2321 1481 2365 in
1524 2321 1590 2381 jus
1632 2318 1822 2365 adeundi
1869 2319 2134 2382 potestatem

152 2413 245 2444 non
280 2392 454 2447 fecisse3
488 2389 612 2454 quod
643 2402 794 2435 tamen
823 2385 880 2433 ad
907 2384 1232 2434 controversias
1267 2385 1322 2432 de
1351 2386 1483 2432 bonis
1515 2382 1652 2447 ipsius
1683 2383 1917 2430 Ciceronis
1943 2384 2134 2429 Hotrna-

153 2477 234 2508 nus
263 2457 520 2521 restringit3
554 2471 611 2502 ne
640 2453 697 2500 de
726 2453 812 2499 illis
841 2450 989 2498 dicam
1012 2486 1027 2510 ‚
1075 2467 1187 2514 quae
1216 2467 1296 2514 per
1330 2449 1450 2496 nefas
1483 2461 1654 2511 patrata
1685 2448 1783 2494 sunt
1815 2465 1837 2494 a
1862 2447 2026 2504 Verre,
2062 2444 2134 2492 vel

152 2526 206 2575 ab
239 2524 332 2571 aliis
363 2524 409 2568 in
447 2520 583 2585 ipsius
614 2519 836 2584 gratiam,
881 2516 937 2562 de
968 2516 1132 2580 quibus
1163 2517 1260 2580 agit
1291 2515 1411 2562 idem
1441 2514 1615 2560 Orator
1645 2517 1688 2559 in
1717 2515 1840 2560 Vei-r.
1875 2513 1942 2556 lib.
1980 2512 2038 2556 ll.
2075 2509 2129 2560 ἐρ’

154 2592 243 2641 Ill.
288 2586 456 2635 Edicito
490 2596 673 2649 quoque
706 2584 894 2630 Praetor
921 2581 1146 2628 actionem
1176 2583 1370 2644 denegat
1400 2579 1455 2626 de
1482 2579 1653 2625 damnis
1684 2578 1729 2623 &
1751 2573 2004 2623 verberibus
2039 2572 2130 2618 fur-

158 2656 294 2713 tisve‚
328 2667 442 2716 quae
474 2652 509 2697 is
543 2648 687 2714 passus
717 2647 811 2705 est,
835 2647 884 2691 in
915 2648 1045 2710 cujus
1075 2646 1217 2692 domo
1248 2646 1340 2692 alea
1371 2643 1515 2692 lusum
1546 2643 1634 2702 est,
1670 2639 1907 2688 secundum
1939 2640 1966 2683 l.
1995 2653 2030 2683 1.
2069 2638 2136 2683 D.

158 2724 206 2770 de
241 2718 459 2766 aleatorib.
493 2716 589 2761 imo
608 2711 924 2760 &infamibus
955 2711 1219 2772 injuriarum
1241 2710 1466 2758 actionem
1492 2724 1584 2755 non
1613 2707 1704 2753 dari
1737 2703 1890 2750 auditor
1921 2702 1983 2748 est
2009 2703 2137 2748 Dion

100 2803 103 2806 ⁴
162 2781 518 2846 Chrysostomus
548 2781 722 2826 oration.
747 2774 1037 2837 va.p.608.
1053 2781 1164 2830 609.
1209 2774 1357 2834 Qod
1380 2775 1499 2822 forte
1521 2771 1717 2819 obtinuit
1742 2782 1851 2814 tunc
1876 2767 1994 2813 circa
2018 2767 2137 2829 inju-

161 2853 246 2900 rias
276 2848 492 2904 leviores,
524 2844 595 2892 uti
629 2858 711 2889 nec
744 2841 932 2889 leviores
957 2840 1262 2887 contumeliae
1290 2840 1421 2887 servis
1444 2838 1588 2885 illatae
1609 2833 1893 2882 vindicantur
1927 2837 1960 2886 §.
1982 2845 2018 2893 3.
2041 2830 2138 2890 Inst.

160 2921 193 2965 J,
222 2928 295 2979 15.
328 2925 363 2967 §.
386 2926 464 2974 44.
501 2912 561 2958 D.
596 2909 646 2956 de
679 2907 804 2967 injur.
838 2903 1093 2953 indistinste
1114 2905 1236 2954 enim
1259 2905 1523 2971 injuriarum
1549 2900 1632 2946 illis
1651 2899 1867 2961 denegare
1889 2895 2138 2949 aetionem,

1371 2969 1486 3015 Zzz
1529 2980 1593 3013 zz
2064 2970 2143 3019 pe-
