2516 3509
137 309 201 340 Cic.
212 308 309 339 divin.

136 1014 241 1045 Alcib.

217 1079 273 1104 10.

137 1120 207 1150 Cic.
233 1114 332 1148 divin.

140 1172 168 1193 1.
192 1169 244 1195 270

343 173 414 228 90

612 132 858 198 VALE
882 127 1048 187 RH·
1099 121 1482 183 MAXIMI
1520 121 1645 180 L1i3.
1686 121 2096 184 1.CA12.V11.

410 257 476 301 At
519 256 560 284 94
590 235 1023 304 Carthaginensium
1051 233 1147 281 dux
1183 230 1420 292 Amilcar,
1446 249 1559 293 rcum
1593 231 1820 281 obsideret
1854 230 2114 298 Syiacusa8‚
2158 238 2203 272 95
2241 233 2362 286 inter

344 333 568 385 somnium
599 320 826 371 exaudisse
851 334 1015 367 vocem
1037 312 1239 363 credidit·
1263 314 1577 372 nuntiantem,
1605 311 1815 360 futurum
1833 324 1887 359 ut
1909 313 2126 377 proximo
2148 312 2221 359 die
2242 312 2290 360 in
2310 329 2362 363 ea

348 412 461 460 urbe
485 414 725 464 coenaret„
746 402 916 449 Laetus
939 398 1084 463 igitur
1104 392 1290 459 perinde
1312 409 1364 440 ac
1384 392 1602 441 divinitus
1624 394 1836 457 promi-ssa
1858 393 2074 453 vi&oria‚'
2109 395 2367 441 exercitum

349 503 533 555 pugnae
550 480 872 548 comparabat.
908 479 956 525 in
991 493 1084 541 quo
1118 477 1236 522 inter
1268 472 1447 521 Siculos
1467 472 1516 519 δί
1543 474 1724 520 Poenos
1755 485 1856 521 orta
1884 472 2176 532 diffenfione‚
2212 473 2365 520 castris

352 571 449 635 ejus
484 562 745 630 Syracusani
773 559 919 607 subita
954 555 1211 621 irruptione
1240 550 1486 617 oppressu,
1520 548 1668 614 ipsum
1696 550 1815 596 intra
1843 552 2024 599 moenia
2053 552 2127 599 sua
2154 551 2364 600 vinffhlm

350 654 685 714 pertraxerunt.
742 642 903 703 Itaque
925 637 1069 701 magis
1088 635 1163 700 spe
1181 651 1318 700 quam
1339 633 1515 682 somnio
1535 631 1779 698 deceptus,
1814 633 2026 681 coenavit
2044 631 2273 695 Syracufis
2293 649 2368 681 ca-

345 727 528 791 ptivus,
563 739 658 769 non
679 734 732 768 ut
751 720 905 765 animo
929 715 1248 781 praesumserat
1269 715 1432 763 vifitor.
1960 713 1962 718 ’

414 802 671 853 Alcibiades
695 814 881 863 quoque
902 795 1199 844 miserabilem
1220 796 1399 843 exitum
1422 792 1552 840 suum
1571 792 1694 840 haud
1715 791 1861 838 fallaci
1881 790 2106 838 noeturna
2139 789 2184 824 9⁶
2205 792 2371 856 imagi-

132 883 326 963 §¹³f·6}}Vi¹¹·
351 903 406 934 ne
426 881 678 947 speculatus
699 879 777 926 est.
846 877 962 938 Qo
985 877 1108 923 enim
1131 875 1271 941 pallio
1290 875 1462 921 amicae
1483 873 1583 920 suae
1604 872 1833 919 dormiens
1863 867 2081 935 opertum
2104 868 2148 917 se
2170 870 2372 933 viderat,

133 972 217 1003 Jlut.
241 970 276 1000 in

353 984 408 1014 eo
430 963 719 1022 inte1·fe5tus,
757 957 1071 1023 &insepultus
1096 960 1280 1022 jacens,
1318 955 1558 1003 comestus
1577 953 1655 1000 est.

416 1042 692 1092 Proximum
713 1036 942 1088 somnium
962 1038 1044 1086 etfi
1067 1039 1204 1103 paulo
1228 1037 1293 1084 est
1325 1036 1532 1100 longius,
1567 1044 1759 1098 propter
1788 1033 1976 1080 nimiam
2005 1044 2158 1080 tamen
2189 1033 2374 1081 eviden-

352 1130 464 1178 tiam
490 1143 546 1175 ne
579 1126 825 1173 omittatur
855 1125 1086 1186 impetrat.

356 1345 495 1384 festum
514 1342 563 1379 est
580 1341 683 1384 satis,
711 1348 798 1376 cum
818 1335 950 1374 nullius
968 1334 1115 1374 alterius
1143 1339 1262 1371 mater
1287 1334 1346 1370 in-

360 1396 474 1444 telligi
502 1401 624 1443 queat.
683 1390 758 1427 Pro
784 1390 994 1438 Satyriscum
1019 1396 1091 1425 tres
1118 1387 1230 1423 Rern.
1257 1396 1345 1422 cum

359 1456 526 1496 utroque
543 1443 677 1492 Ultraj.
703 1441 899 1478 Satiricum.
923 1440 1015 1477 item
1036 1436 1213 1486 Clariffimi
1230 1437 1268 1473 &
1285 1448 1346 1486 po-

362 1498 531 1546 tentiffimi
569 1497 677 1533 Rem.
707 1492 796 1530 duo.
848 1491 1006 1530 Monstri
1034 1501 1127 1528 vero
1153 1487 1269 1525 fimile
1297 1486 1347 1524 est

366 1548 474 1600 quod
494 1558 564 1597 pro
583 1547 736 1582 Tutioris
755 1543 902 1581 Ascens.
921 1541 1022 1579 dedit
1041 1541 1223 1580 Altioris.

417 1612 477 1649 94.
505 1594 832 1647 Carthaginenfium]
855 1594 900 1631 In
918 1592 1111 1631 scribendo
1129 1592 1205 1628 hoc
1222 1587 1349 1627 nomi-

366 1663 418 1690 ne
453 1649 580 1700 gentili
617 1648 716 1685 MSti
752 1658 832 1683 non
860 1645 1037 1682 constant.
1090 1641 1216 1681 Modo
1245 1640 1348 1678 enim

367 1700 709 1752 Carthaginensium,
738 1696 859 1734 modo
890 1695 1218 1747 Carthaginiensium
1249 1690 1351 1729 exhi-

368 1754 470 1791 bent,
524 1753 586 1789 An
614 1762 704 1787 vero
731 1749 793 1785 hic
818 1747 1074 1795 intelligendus
1106 1746 1155 1782 est
1184 1743 1351 1781 Amilcar

371 1805 544 1854 Gisgonis
571 1801 691 1839 filius?
726 1810 840 1849 quem
869 1798 1008 1835 infelici
1038 1796 1139 1833 exitu
1159 1793 1353 1841 Carthagi-

368 1868 462 1894 nem
484 1850 659 1893 obsediffe
678 1858 799 1889 narrat
816 1848 901 1896 Just.
924 1850 970 1886 L.
991 1861 1060 1886 xm
1072 1861 1102 1885 1.
1122 1859 1155 1897 3.

423 1920 485 1956 95.
522 1909 615 1942 Inter
641 1907 790 1949 [omnum
817 1899 944 1948 audiffie
970 1914 1080 1936 ‘vocem
1110 1895 1266 1944 credidit]
1299 1895 1354 1933 Ita

372 1958 476 1996 redte
498 1956 607 1994 codd.
634 1953 767 1992 Brand.
795 1953 917 2001 Typis
944 1950 1117 2001 expressi,
1144 1960 1239 1998 quos
1257 1946 1355 1991 vidi,

374 2010 535 2052 habent,
564 2010 656 2043 Inter
671 2005 836 2054 somnium
861 2001 986 2051 audisse
1002 2016 1075 2041 voc.
1097 1999 1249 2037 credidit.
1276 1999 1357 2035 Ve-

376 2073 460 2098 rum
483 2059 587 2097 nihili
604 2058 679 2095 hOC
697 2057 769 2094 est.'
809 2057 900 2092 Inter
909 2057 1064 2103 somnum
1092 2052 1224 2090 dicitur
1243 2057 1284 2088 ut
1301 2049 1359 2087 su-

378 2124 444 2162 pra
465 2114 554 2147 inter
577 2111 743 2159 quietem,
773 2119 842 2156 pro
871 2108 906 2142 in
918 2108 1054 2153 somno,
1088 2106 1124 2140 in
1143 2106 1276 2152 quiete,
1301 2112 1360 2150 per

380 2165 540 2213 quietem.
598 2160 789 2197 Nimirum
819 2161 906 2195 inter
931 2158 1036 2206 saepe
1064 2156 1112 2192 est
1138 2165 1206 2202 pro
1235 2156 1294 2194 in,
1323 2160 1365 2189 ut

377 2217 460 2265 jam
482 2212 711 2251 monuimus.
765 2210 820 2247 Ita
840 2211 927 2245 inter
945 2208 1070 2243 noc‘Yem
1091 2205 1218 2243 dicunt
1234 2215 1304 2253 pro
1330 2205 1367 2240 in

379 2266 495 2308 ποέῗε,
522 2264 642 2306 ηοέῖυς
667 2263 705 2300 &
735 2263 822 2297 inter
848 2259 934 2296 diem
959 2270 1028 2307 pro
1054 2261 1089 2293 in
1108 2255 1184 2299 die,
1207 2254 1366 2292 interdiu.

382 2316 534 2356 Plautus
554 2314 638 2351 Cist.
654 2326 708 2351 11.
733 2325 762 2349 1.
786 2315 878 2347 Inter
893 2324 1017 2347 novam
1034 2322 1102 2345 rem
1122 2306 1256 2343 verbum
1275 2308 1370 2354 usur-

383 2367 471 2419 pabo
491 2378 602 2403 vetus.
659 2362 776 2413 Quod
796 2360 940 2411 phrafin
958 2363 1046 2397 inter
1062 2360 1224 2405 somnium
1244 2355 1371 2404 audisse

392 2418 497 2456 nihili
515 2415 586 2454 effe
607 2416 682 2452 dixi
695 2443 705 2459 ,
735 2412 853 2450 cauffa
869 2415 963 2450 haec
982 2412 1054 2455 est,
1074 2409 1178 2460 quod
1197 2420 1240 2446 ea
1259 2409 1371 2448 ‘za-Q-

391 2470 515 2513 λογίαν
534 2466 724 2518 quandam
742 2464 874 2501 habet:
895 2471 936 2500 ut
957 2474 1001 2498 ex
1018 2462 1074 2498 his
1091 2472 1186 2510 quae
1207 2471 1298 2496 mox
1318 2457 1373 2495 di-

394 2528 548 2564 centur,
566 2517 720 2565 intelligi
738 2514 884 2564 poterit.
904 2512 1100 2550 VORST.
1123 2512 1213 2545 Inter
1224 2514 1375 2556 somnum

394 2572 508 2611 habet
527 2569 595 2608 Ed.
615 2571 722 2617 Mog.
744 2566 856 2603 ceteri
887 2575 974 2601 cum
996 2562 1129 2610 viginti
1156 2560 1263 2597 MSS.
1291 2560 1377 2596 reti-

396 2631 490 2661 nent
511 2623 699 2670 somnium,
727 2617 765 2656 id
787 2617 834 2654 est
851 2614 928 2652 dum
939 2617 1113 2663 somniat,
1135 2611 1259 2660 potuit
1276 2610 1377 2647 enim

399 2673 509 2712 fimul
527 2673 595 2710 alia
615 2669 799 2722 quaedam
823 2667 957 2717 species
985 2665 1089 2713 ipsius
1115 2662 1244 2701 animo
1273 2660 1377 2698 fuiffe

400 2724 594 2763 obversata
607 2733 739 2773 ‚quam
762 2731 841 2758 non
859 2716 1060 2756 narraverit
1073 2744 1082 2760 ‚
1094 2721 1157 2752 aut
1175 2714 1277 2762 cujus
1298 2723 1379 2749 me-

401 2776 528 2816 moria
541 2804 551 2819 ‚
562 2782 694 2824 utpote
705 2772 751 2810 ad
769 2782 847 2809 rem
861 2769 950 2807 nihil
961 2766 1175 2817 pertinentis
1187 2793 1197 2810 ‚
1208 2776 1288 2802 non
1298 2764 1378 2801 fue-

399 2828 449 2866 n't
468 2827 631 2874 servata;
655 2824 813 2862 minime
829 2829 959 2860 tamen
976 2820 1063 2856 inter
1075 2821 1226 2866 somnum
1240 2816 1382 2864 impro-

402 2878 585 2917 baverim.
648 2876 719 2913 Sed
747 2874 833 2912 vide
869 2872 995 2910 denuo
1023 2870 1114 2907 mihi
1149 2868 1267 2916 Pighii
1304 2865 1385 2904 dili-

406 2931 571 2979 gentiam
587 2957 596 2974 ‚
617 2934 746 2965 contra
768 2936 900 2963 omnes
917 2924 1066 2972 scriptos
1087 2921 1125 2959 δε
1144 2919 1262 2957 editos
1282 2918 1385 2955 exhi-

404 2981 523 3018 bentis
550 2978 675 3027 audisse
702 2989 769 3026 pro
798 2974 976 3023 exaudisse.
1026 2973 1146 3011 Porro
1173 2983 1240 3020 pro
1261 2974 1385 3017 Itaque

397 3035 458 3079 spe
478 3033 586 3079 magis
611 3057 619 3073 ‚
654 3030 796 3079 aliquot
828 3030 880 3063 Ita
901 3031 964 3075 spe
991 3026 1111 3076 magis.
1164 3024 1255 3060 Non
1275 3022 1385 3059 male.

408 3081 458 3121 est
476 3083 576 3120 enim
599 3082 861 3132 epiphonema.
892 3077 950 3117 Sic
971 3077 1017 3116 L.
1041 3088 1098 3118 ιν.
1119 3087 1150 3115 1.
1166 3087 1199 3123 4
1228 3077 1284 3113 lta
1303 3086 1387 3112 unus

1165 1122 1280 1169 Duo
1316 1119 1554 1166 familiares
1598 1124 1639 1158 97
1672 1116 1869 1165 Arcades
1901 1117 1989 1164 iter
2013 1133 2105 1164 una
2131 1116 2377 1178 facientes,

2196 1195 2245 1238 98
2272 1199 2383 1246 Me..

1395 1329 1503 1378 cauffa
1519 1328 1607 1376 suit.
1634 1329 1681 1366 L.
1703 1340 1767 1368 v1.
1787 1341 1817 1368 1.
1838 1341 1873 1380 3.
1900 1329 1947 1367 L.
1971 1341 2032 1368 vx.
2050 1342 2086 1378 9.
2105 1342 2142 1380 9.

1446 1381 1507 1431 96.
1535 1379 1707 1431 Imagine]
1737 1380 1834 1418 Ultr.
1854 1381 1964 1430 prim.
1987 1381 2134 1428 Vtfione.
2156 1380 2195 1417 in
2215 1383 2261 1416 Eo
2279 1378 2385 1416 inter-

1390 1435 1522 1480 feflus,
1550 1443 1768 1481 pronomen
1788 1431 1913 1469 delent
1934 1431 2043 1469 MSS.
2069 1442 2226 1469 novem.
2279 1430 2384 1468 0610

1396 1483 1529 1521 Eodem.
1594 1484 1747 1522 Totum
1784 1482 2000 1532 exemplum
2038 1482 2162 1520 deficit
2196 1483 2235 1519 in
2271 1481 2386 1519 duob.

1399 1537 1590 1585 Rem.pro
1601 1534 1764 1572 conteft'us
1782 1537 1825 1582 est
1838 1533 2043 1582 Leidsept.
2062 1544 2192 1584 opertus
2211 1535 2254 1580 est
2267 1532 2388 1570 arcon-

1398 1589 1505 1625 teflus
1533 1590 1590 1634 est.
1629 1586 1739 1624 Leid.
1764 1586 1834 1623 sec.
1859 1596 2039 1635 compertus
2058 1613 2070 1629 ,
2105 1584 2386 1634 suprascriptum

1399 1639 1471 1690 jec,
1500 1640 1538 1676 ὃς
1556 1649 1625 1687 pro
1645 1635 1759 1687 gloffa
1779 1636 1949 1675 additum
1968 1645 2148 1685 coopertus.

1454 1702 1516 1740 97.
1544 1689 1731 1738 Arcades]
1756 1687 1952 1726 Ciceronis
1971 1687 2040 1727 est.
2062 1687 2126 1736 qui
2147 1697 2193 1722 ex
2212 1683 2390 1734 Chryfip-

1406 1754 1458 1791 po
1485 1739 1632 1783 sumfit,
1661 1741 1765 1789 cujus
1791 1740 1920 1778 locum
1951 1737 2077 1776 Suidas
2106 1742 2389 1775 commemorat

1403 1795 1443 1832 in
1462 1791 1579 1830 verbo
1599 1796 1826 1840 vsfflggm&.
1851 1789 2047 1828 COLER.

1456 1844 1519 1894 98.
1546 1840 1746 1895 Megaram]
1778 1841 1962 1880 Nonnulli
1987 1844 2148 1892 Megara.
2174 1850 2245 1888 pro
2262 1841 2396 1877 merito-

1406 1897 1495 1934 riam
1523 1895 1696 1930 ‘vinariam
1716 1905 1821 1931 unus.
1872 1895 2121 1930 Mercatoriam
2149 1890 2263 1930 Bitur.
2281 1892 2395 1940 prim,

1407 1949 1495 1986 sext.
1516 1945 1624 1983 Leid.
1643 1948 1683 1994 se
1704 1944 1865 1982 devertit.

1459 2010 1521 2049 99.
1549 1998 1669 2039 ‘Alter
1688 1995 1733 2033 ad
1749 1996 1907 2046 hospitem
1926 1994 1966 2041 se
1983 1993 2124 2029 contulit
2137 2021 2147 2036 ,
2167 1994 2258 2029 alter
2282 1992 2320 2028 in
2345 2002 2400 2028 ta-

1410 2049 1546 2086 bernam
1574 2050 1779 2085 meritoriam
1807 2042 1966 2093 divertit]
2000 2044 2138 2081 Cicero
2171 2055 2202 2081 1.
2233 2042 2279 2080 de
2306 2043 2399 2081 Div.

1416 2100 1548 2139 eadem
1578 2099 1625 2137 de
1654 2111 1693 2137 re
1721 2110 1854 2148 agens:
1883 2097 2057 2137 eAlterum
2081 2093 2128 2131 ad
2149 2105 2325 2143 cauponem
2350 2093 2404 2130 di-

1415 2151 1570 2200 vertiffe,
1593 2149 1639 2188 ad
1658 2152 1817 2201 hospitem
1835 2149 1991 2186 alterum.
2040 2146 2142 2195 Ergo
2169 2143 2310 2182 taberna
2337 2157 2406 2181 me-

1419 2206 1541 2242 ritoria
1553 2202 1601 2239 est
1619 2202 1692 2250 ipsa
1713 2212 1906 2250 caupona:
1921 2198 2129 2246 diciturque
2147 2196 2197 2233 ita
2215 2195 2319 2246 quod
2337 2195 2402 2245 qui

1422 2267 1506 2292 eam
1523 2253 1655 2291 incolit
1675 2264 1819 2301 caupo,
1846 2250 1982 2288 mereri
2001 2249 2110 2297 cupit.
2139 2247 2202 2286 Ad
2217 2247 2404 2296 hospitem

1422 2306 1486 2356 qui
1515 2303 1666 2342 divertit
1685 2332 1695 2349 ,
1731 2305 1760 2340 is
1784 2304 1868 2352 jure
1891 2301 2039 2349 hospitii
2068 2299 2148 2337 usus
2183 2299 2272 2336 fuit:
2301 2296 2407 2348 quod

1421 2354 1520 2406 apud
1540 2362 1685 2393 veteres
1703 2364 1843 2402 magno
1862 2354 1900 2390 in
1921 2352 2042 2401 pretio
2064 2358 2156 2395 erat,
2182 2348 2381 2387 VORST.

1477 2419 1561 2445 100.
1588 2408 1620 2441 Is
1638 2418 1751 2441 autem
1769 2407 1828 2454 qui
1848 2407 1885 2440 in
1898 2404 2038 2452 hospitio
2057 2400 2148 2448 erat]
2187 2397 2302 2447 Quafi
2328 2409 2410 2438 non

1423 2459 1505 2496 satis
1523 2455 1686 2495 molliter
1703 2453 1945 2503 procederet,
1966 2452 2032 2488 nisi
2053 2449 2321 2499 conjunctione
2341 2449 2408 2488 ad-

1429 2510 1502 2547 dita
1515 2537 1525 2553 ‚
1554 2507 1698 2550 oratio,
1716 2504 1864 2553 Pighius
1883 2514 1990 2540 more
2008 2501 2073 2539 suo
2090 2500 2245 2538 liberalis
2265 2501 2326 2538 hic
2352 2501 2411 2538 in-

1431 2561 1578 2598 farserat
1596 2569 1707 2594 autem
1723 2585 1733 2600 ‚
1763 2553 1867 2605 quod
1881 2553 2094 2603 jubentibus
2114 2551 2288 2590 omnibus
2298 2551 2410 2590 MSS,

1431 2613 1470 2649 &
1488 2610 1582 2649 Edd.
1596 2608 1678 2659 jussi
1694 2607 1783 2645 hinc
1802 2603 1987 2644 facessere.

1485 2675 1514 2700 Ι.
1547 2660 1640 2698 Vidit
1665 2661 1702 2695 in
1721 2661 1849 2708 somnis
1875 2658 2023 2694 comitem
2041 2659 2142 2707 suum
2160 2651 2326 2702 orantem]
2357 2652 2414 2692 Ita

1430 2712 1556 2757 reRe,
1581 2709 1695 2747 videre
1718 2712 1754 2746 in
1772 2711 1899 2756 somnis
1921 2729 1931 2754 3
1963 2720 2042 2745 non
2068 2706 2183 2744 videre
2200 2707 2412 2751 insomniis.

1431 2765 1543 2812 Quae
1561 2761 1739 2811 posterior
1757 2760 1890 2810 phrasis
1912 2771 1998 2798 cum
2018 2759 2055 2796 in
2074 2757 2133 2795 hb.
2157 2770 2188 2794 1.
2218 2756 2411 2794 Ciceronis

1433 2813 1480 2852 de
1506 2814 1596 2852 Div.
1622 2821 1834 2862 appareret,
1861 2811 1960 2849 ret‘Jte
1987 2809 2133 2855 notavit
2152 2807 2413 2846 Gothofredus

1433 2865 1635 2915 legendum
1656 2862 1771 2902 effem
1784 2866 1920 2913 somnis.
1949 2860 2241 2909 Discrepant‚ut
2258 2866 2410 2902 notum,

1425 2920 1563 2966 somnus
1591 2918 1629 2954 &·
1647 2919 1837 2964 somnium:
1861 2916 1900 2952 &
1917 2912 2105 2950 somnium
2123 2910 2173 2948 *fit
2199 2911 2238 2948 in
2264 2910 2414 2947 somno,

1436 2969 1552 3007 Porro
1572 2970 1608 3005 in
1629 2971 1755 3015 somnis
1774 2966 1886 3003 videre
1912 2963 2003 3002 nihil
2023 2963 2070 3000 est
2099 2961 2198 3000 aliud
2222 2973 2337 3012 quam
2353 2962 2414 3009 so-

1435 3022 1586 3061 mniare,
1615 3020 1697 3065 vel,
1720 3018 1823 3069 quod
1841 3015 2061 3054 tantundem
2083 3014 2153 3059 est,
2170 3015 2347 3061 somnium.
2375 3010 2414 3049 Si

1435 3084 1529 3112 vero
1550 3071 1648 3111 dicas
1664 3070 1853 3120 insomniis
1871 3066 2007 3114 videre,
2037 3064 2149 3105 habet
2166 3065 2242 3104 hoc
2259 3062 2416 3124 musea·-

2334 3126 2418 3158 essm
