<?xml version="1.0" encoding="UTF-8"?>
<!DOCTYPE html PUBLIC "-//W3C//DTD XHTML 1.0 Transitional//EN"
    "http://www.w3.org/TR/xhtml1/DTD/xhtml1-transitional.dtd">
<html xmlns="http://www.w3.org/1999/xhtml" xml:lang="en" lang="en">
 <head>
  <title>
</title>
<meta http-equiv="Content-Type" content="text/html;charset=utf-8" />
  <meta name='ocr-system' content='tesseract 3.04.00' />
  <meta name='ocr-capabilities' content='ocr_page ocr_carea ocr_par ocr_line ocrx_word'/>
</head>
<body>
  <div class='ocr_page' id='page_1' title='image "./librinovemfactor00valeuoft_0612.png"; bbox 0 0 2516 3509; ppageno 0'>
   <div class='ocr_carea' id='block_1_1' title="bbox 176 204 373 361">
    <p class='ocr_par' dir='ltr' id='par_1_1' title="bbox 176 204 373 361">
     <span class='ocr_line' id='line_1_1' title="bbox 176 204 350 238; baseline -0.023 -2"><span class='ocrx_word' id='word_1_1' title='bbox 176 204 255 238; x_wconf 65' lang='lat' dir='ltr'><strong>nin.</strong></span> <span class='ocrx_word' id='word_1_2' title='bbox 281 209 350 233; x_wconf 78' lang='lat' dir='ltr'><strong>xiv.</strong></span> 
     </span>
     <span class='ocr_line' id='line_1_2' title="bbox 180 240 373 282; baseline -0.016 -7"><span class='ocrx_word' id='word_1_3' title='bbox 180 258 212 282; x_wconf 75' lang='lat'><strong>13</strong></span> <span class='ocrx_word' id='word_1_4' title='bbox 239 240 373 275; x_wconf 80' lang='lat' dir='ltr'><strong>Tertull.</strong></span> 
     </span>
     <span class='ocr_line' id='line_1_3' title="bbox 178 287 349 327; baseline -0.018 -9"><span class='ocrx_word' id='word_1_5' title='bbox 178 287 349 327; x_wconf 79' lang='lat' dir='ltr'><strong>Apologet.</strong></span> 
     </span>
     <span class='ocr_line' id='line_1_4' title="bbox 179 335 208 361; baseline 0.069 -2"><span class='ocrx_word' id='word_1_6' title='bbox 179 335 208 361; x_wconf 77' lang='lat'><strong>6.</strong></span> 
     </span>
    </p>
   </div>
   <div class='ocr_carea' id='block_1_2' title="bbox 386 76 2151 170">
    <p class='ocr_par' dir='ltr' id='par_1_2' title="bbox 386 76 2151 170">
     <span class='ocr_line' id='line_1_5' title="bbox 386 76 2151 170; baseline -0.006 -17"><span class='ocrx_word' id='word_1_7' title='bbox 386 100 490 170; x_wconf 76' lang='lat'><strong>558</strong></span> <span class='ocrx_word' id='word_1_8' title='bbox 648 83 1062 153; x_wconf 77' lang='lat' dir='ltr'><strong>VALERn</strong></span> <span class='ocrx_word' id='word_1_9' title='bbox 1132 76 1514 151; x_wconf 79' lang='lat' dir='ltr'>MAXIMI</span> <span class='ocrx_word' id='word_1_10' title='bbox 1553 81 2151 146; x_wconf 63' lang='lat' dir='ltr'><strong>L13.VI.CA1›.III.</strong></span> 
     </span>
    </p>
   </div>
   <div class='ocr_carea' id='block_1_3' title="bbox 385 180 2457 582">
    <p class='ocr_par' dir='ltr' id='par_1_3' title="bbox 385 180 2457 582">
     <span class='ocr_line' id='line_1_6' title="bbox 386 180 2402 258; baseline 0 -18"><span class='ocrx_word' id='word_1_11' title='bbox 386 194 433 226; x_wconf 77' lang='lat'><strong>⁶8</strong></span> <span class='ocrx_word' id='word_1_12' title='bbox 470 193 660 258; x_wconf 86' lang='lat' dir='ltr'><strong>Egnatii</strong></span> <span class='ocrx_word' id='word_1_13' title='bbox 702 204 855 238; x_wconf 87' lang='lat' dir='ltr'><strong>autem</strong></span> <span class='ocrx_word' id='word_1_14' title='bbox 904 183 1091 234; x_wconf 85' lang='lat' dir='ltr'>Metelli</span> <span class='ocrx_word' id='word_1_15' title='bbox 1132 183 1274 250; x_wconf 84' lang='lat' dir='ltr'><strong>longe</strong></span> <span class='ocrx_word' id='word_1_16' title='bbox 1317 180 1487 229; x_wconf 84' lang='lat' dir='ltr'><strong>minori</strong></span> <span class='ocrx_word' id='word_1_17' title='bbox 1531 181 1589 230; x_wconf 88' lang='lat' dir='ltr'><strong>de</strong></span> <span class='ocrx_word' id='word_1_18' title='bbox 1629 185 1774 235; x_wconf 87' lang='lat' dir='ltr'><strong>caussa</strong></span> <span class='ocrx_word' id='word_1_19' title='bbox 1796 210 1814 246; x_wconf 77' lang='lat'>3</span> <span class='ocrx_word' id='word_1_20' title='bbox 1876 189 1955 253; x_wconf 89' lang='lat' dir='ltr'><strong>qui</strong></span> <span class='ocrx_word' id='word_1_21' title='bbox 1999 186 2233 251; x_wconf 70' lang='lat' dir='ltr'><strong>uxorem{</strong></span> <span class='ocrx_word' id='word_1_22' title='bbox 2273 193 2402 256; x_wconf 80' lang='lat' dir='ltr'><strong>quod</strong></span> 
     </span>
     <span class='ocr_line' id='line_1_7' title="bbox 385 265 2401 336; baseline -0.003 -11"><span class='ocrx_word' id='word_1_23' title='bbox 385 278 544 326; x_wconf 85' lang='lat' dir='ltr'><strong>vinum</strong></span> <span class='ocrx_word' id='word_1_24' title='bbox 577 270 785 330; x_wconf 70' lang='lat' dir='ltr'><strong>bibisset,</strong></span> <span class='ocrx_word' id='word_1_25' title='bbox 821 267 870 308; x_wconf 76' lang='lat'><strong>⁶9</strong></span> <span class='ocrx_word' id='word_1_26' title='bbox 903 267 1019 316; x_wconf 86' lang='lat' dir='ltr'><strong>fuste</strong></span> <span class='ocrx_word' id='word_1_27' title='bbox 1053 266 1306 333; x_wconf 76' lang='lat' dir='ltr'><strong>percussam</strong></span> <span class='ocrx_word' id='word_1_28' title='bbox 1341 265 1586 325; x_wconf 84' lang='lat' dir='ltr'><strong>interemit.</strong></span> <span class='ocrx_word' id='word_1_29' title='bbox 1629 265 1800 336; x_wconf 16' lang='lat' dir='ltr'><strong>‘quue</strong></span> <span class='ocrx_word' id='word_1_30' title='bbox 1832 267 2004 316; x_wconf 56' lang='lat' dir='ltr'><strong>fastum</strong></span> <span class='ocrx_word' id='word_1_31' title='bbox 2038 270 2401 320; x_wconf 67' lang='lat' dir='ltr'><strong>nonaccusato-</strong></span> 
     </span>
     <span class='ocr_line' id='line_1_8' title="bbox 390 345 2457 416; baseline -0.002 -13"><span class='ocrx_word' id='word_1_32' title='bbox 390 372 437 404; x_wconf 90' lang='lat' dir='ltr'><strong>re</strong></span> <span class='ocrx_word' id='word_1_33' title='bbox 473 367 653 402; x_wconf 86' lang='lat' dir='ltr'><strong>tantum</strong></span> <span class='ocrx_word' id='word_1_34' title='bbox 675 387 690 413; x_wconf 88' lang='lat'>‚</span> <span class='ocrx_word' id='word_1_35' title='bbox 734 351 808 400; x_wconf 90' lang='lat' dir='ltr'><strong>sed</strong></span> <span class='ocrx_word' id='word_1_36' title='bbox 842 351 979 399; x_wconf 87' lang='lat' dir='ltr'><strong>etiam</strong></span> <span class='ocrx_word' id='word_1_37' title='bbox 1015 345 1338 415; x_wconf 83' lang='lat' dir='ltr'><strong>reprehensore</strong></span> <span class='ocrx_word' id='word_1_38' title='bbox 1372 347 1521 396; x_wconf 88' lang='lat' dir='ltr'><strong>caruit</strong></span> <span class='ocrx_word' id='word_1_39' title='bbox 1539 370 1557 405; x_wconf 76' lang='lat'>5</span> <span class='ocrx_word' id='word_1_40' title='bbox 1602 363 1883 413; x_wconf 89' lang='lat' dir='ltr'><strong>unoquoque</strong></span> <span class='ocrx_word' id='word_1_41' title='bbox 1916 348 2228 411; x_wconf 76' lang='lat' dir='ltr'><strong>existimante,</strong></span> <span class='ocrx_word' id='word_1_42' title='bbox 2274 353 2402 416; x_wconf 90' lang='lat' dir='ltr'><strong>opti-</strong></span> <span class='ocrx_word' id='word_1_43' title='bbox 2456 359 2457 362; x_wconf 78' lang='grc'>’</span> 
     </span>
     <span class='ocr_line' id='line_1_9' title="bbox 387 429 2402 499; baseline -0.002 -16"><span class='ocrx_word' id='word_1_44' title='bbox 387 453 466 484; x_wconf 89' lang='lat' dir='ltr'><strong>mo</strong></span> <span class='ocrx_word' id='word_1_45' title='bbox 501 435 626 482; x_wconf 86' lang='lat' dir='ltr'><strong>illam</strong></span> <span class='ocrx_word' id='word_1_46' title='bbox 662 433 878 499; x_wconf 72' lang='lat' dir='ltr'><strong>exemplo</strong></span> <span class='ocrx_word' id='word_1_47' title='bbox 913 431 1108 481; x_wconf 84' lang='lat' dir='ltr'><strong>violatae</strong></span> <span class='ocrx_word' id='word_1_48' title='bbox 1142 429 1396 478; x_wconf 83' lang='lat' dir='ltr'><strong>sobrietatis</strong></span> <span class='ocrx_word' id='word_1_49' title='bbox 1429 443 1596 493; x_wconf 85' lang='lat' dir='ltr'><strong>poenas</strong></span> <span class='ocrx_word' id='word_1_50' title='bbox 1630 429 1900 494; x_wconf 72' lang='lat' dir='ltr'><strong>pependisse.</strong></span> <span class='ocrx_word' id='word_1_51' title='bbox 1937 431 2004 477; x_wconf 85' lang='lat' dir='ltr'><strong>Et</strong></span> <span class='ocrx_word' id='word_1_52' title='bbox 2036 429 2135 478; x_wconf 88' lang='lat' dir='ltr'><strong>sane</strong></span> <span class='ocrx_word' id='word_1_53' title='bbox 2169 447 2402 495; x_wconf 85' lang='lat' dir='ltr'><strong>quaecun-</strong></span> 
     </span>
     <span class='ocr_line' id='line_1_10' title="bbox 390 510 2401 582; baseline -0.001 -17"><span class='ocrx_word' id='word_1_54' title='bbox 390 533 479 582; x_wconf 90' lang='lat' dir='ltr'><strong>que</strong></span> <span class='ocrx_word' id='word_1_55' title='bbox 512 516 682 564; x_wconf 86' lang='lat' dir='ltr'><strong>femina</strong></span> <span class='ocrx_word' id='word_1_56' title='bbox 716 516 812 564; x_wconf 85' lang='lat' dir='ltr'><strong>vini</strong></span> <span class='ocrx_word' id='word_1_57' title='bbox 846 514 976 562; x_wconf 86' lang='lat' dir='ltr'><strong>usum</strong></span> <span class='ocrx_word' id='word_1_58' title='bbox 1012 519 1055 549; x_wconf 86' lang='lat'><strong>⁷0</strong></span> <span class='ocrx_word' id='word_1_59' title='bbox 1093 511 1394 560; x_wconf 85' lang='lat' dir='ltr'><strong>immoderate</strong></span> <span class='ocrx_word' id='word_1_60' title='bbox 1427 510 1632 577; x_wconf 82' lang='lat' dir='ltr'><strong>appetit,</strong></span> <span class='ocrx_word' id='word_1_61' title='bbox 1670 517 1708 550; x_wconf 83' lang='grc' dir='ltr'><strong>7ι</strong></span> <span class='ocrx_word' id='word_1_62' title='bbox 1737 511 1951 559; x_wconf 88' lang='lat' dir='ltr'><strong>omnibus</strong></span> <span class='ocrx_word' id='word_1_63' title='bbox 1976 511 2026 560; x_wconf 84' lang='lat'>&amp;</span> <span class='ocrx_word' id='word_1_64' title='bbox 2052 513 2301 562; x_wconf 87' lang='lat' dir='ltr'><strong>virtutibus</strong></span> <span class='ocrx_word' id='word_1_65' title='bbox 2329 517 2401 579; x_wconf 74' lang='lat' dir='ltr'><strong>Ja-</strong></span> 
     </span>
    </p>
   </div>
   <div class='ocr_carea' id='block_1_4' title="bbox 385 593 1240 659">
    <p class='ocr_par' dir='ltr' id='par_1_4' title="bbox 385 593 1240 659">
     <span class='ocr_line' id='line_1_11' title="bbox 385 593 1240 659; baseline -0.007 -13"><span class='ocrx_word' id='word_1_66' title='bbox 385 615 521 646; x_wconf 83' lang='lat' dir='ltr'><strong>nuam</strong></span> <span class='ocrx_word' id='word_1_67' title='bbox 557 597 758 656; x_wconf 77' lang='lat' dir='ltr'><strong>claudit,</strong></span> <span class='ocrx_word' id='word_1_68' title='bbox 794 596 842 643; x_wconf 55' lang='grc' dir='ltr'>ἃ</span> <span class='ocrx_word' id='word_1_69' title='bbox 876 593 1051 643; x_wconf 69' lang='lat' dir='ltr'><strong>dehetis</strong></span> <span class='ocrx_word' id='word_1_70' title='bbox 1084 594 1240 659; x_wconf 85' lang='lat' dir='ltr'><strong>aperit.</strong></span> 
     </span>
    </p>
   </div>
   <div class='ocr_carea' id='block_1_5' title="bbox 387 806 1371 2896">
    <p class='ocr_par' dir='ltr' id='par_1_5' title="bbox 387 806 1371 2896">
     <span class='ocr_line' id='line_1_12' title="bbox 393 806 1365 861; baseline -0.006 -13"><span class='ocrx_word' id='word_1_71' title='bbox 393 807 537 861; x_wconf 79' lang='lat' dir='ltr'><strong>Egnatii</strong></span> <span class='ocrx_word' id='word_1_72' title='bbox 560 819 674 845; x_wconf 81' lang='lat' dir='ltr'><strong>autem</strong></span> <span class='ocrx_word' id='word_1_73' title='bbox 695 808 846 845; x_wconf 85' lang='lat' dir='ltr'><strong>Metelli.</strong></span> <span class='ocrx_word' id='word_1_74' title='bbox 869 809 1027 846; x_wconf 87' lang='lat' dir='ltr'><strong>Nomen</strong></span> <span class='ocrx_word' id='word_1_75' title='bbox 1050 806 1121 845; x_wconf 87' lang='lat' dir='ltr'><strong>viti</strong></span> <span class='ocrx_word' id='word_1_76' title='bbox 1148 812 1365 854; x_wconf 87' lang='lat' dir='ltr'><strong>corruptum</strong></span> 
     </span>
     <span class='ocr_line' id='line_1_13' title="bbox 396 857 1370 909; baseline -0.004 -11"><span class='ocrx_word' id='word_1_77' title='bbox 396 864 467 905; x_wconf 86' lang='lat' dir='ltr'><strong>est,</strong></span> <span class='ocrx_word' id='word_1_78' title='bbox 495 861 533 897; x_wconf 87' lang='lat'>&amp;</span> <span class='ocrx_word' id='word_1_79' title='bbox 552 861 612 897; x_wconf 89' lang='lat' dir='ltr'><strong>hic</strong></span> <span class='ocrx_word' id='word_1_80' title='bbox 633 861 672 898; x_wconf 72' lang='grc' dir='ltr'><strong>ὃ(</strong></span> <span class='ocrx_word' id='word_1_81' title='bbox 691 859 786 909; x_wconf 88' lang='lat' dir='ltr'><strong>apud</strong></span> <span class='ocrx_word' id='word_1_82' title='bbox 807 859 897 898; x_wconf 83' lang='lat' dir='ltr'><strong>alios</strong></span> <span class='ocrx_word' id='word_1_83' title='bbox 925 859 1139 908; x_wconf 83' lang='lat' dir='ltr'><strong>scriptores,</strong></span> <span class='ocrx_word' id='word_1_84' title='bbox 1165 857 1228 896; x_wconf 91' lang='lat' dir='ltr'><strong>sed</strong></span> <span class='ocrx_word' id='word_1_85' title='bbox 1247 858 1370 895; x_wconf 87' lang='lat' dir='ltr'><strong>diver-</strong></span> 
     </span>
     <span class='ocr_line' id='line_1_14' title="bbox 396 910 1369 958; baseline -0.006 -8"><span class='ocrx_word' id='word_1_86' title='bbox 396 912 438 950; x_wconf 80' lang='lat' dir='ltr'><strong>sis</strong></span> <span class='ocrx_word' id='word_1_87' title='bbox 464 910 594 948; x_wconf 87' lang='lat' dir='ltr'><strong>modis.</strong></span> <span class='ocrx_word' id='word_1_88' title='bbox 649 912 793 949; x_wconf 84' lang='lat' dir='ltr'><strong>Verum</strong></span> <span class='ocrx_word' id='word_1_89' title='bbox 823 911 871 948; x_wconf 88' lang='lat' dir='ltr'><strong>est</strong></span> <span class='ocrx_word' id='word_1_90' title='bbox 899 922 984 948; x_wconf 85' lang='lat' dir='ltr'><strong>mea</strong></span> <span class='ocrx_word' id='word_1_91' title='bbox 1008 910 1188 948; x_wconf 87' lang='lat' dir='ltr'><strong>sententia</strong></span> <span class='ocrx_word' id='word_1_92' title='bbox 1216 913 1369 958; x_wconf 73' lang='lat' dir='ltr'><strong>Egnatus</strong></span> 
     </span>
     <span class='ocr_line' id='line_1_15' title="bbox 397 960 1369 1001; baseline -0.004 0"><span class='ocrx_word' id='word_1_93' title='bbox 397 963 851 1001; x_wconf 72' lang='lat' dir='ltr'><strong>Metemms.PERIZON.</strong></span> <span class='ocrx_word' id='word_1_94' title='bbox 879 961 926 1000; x_wconf 85' lang='lat' dir='ltr'><strong>ad</strong></span> <span class='ocrx_word' id='word_1_95' title='bbox 947 962 1091 1000; x_wconf 80' lang='lat' dir='ltr'><strong>Aelian.</strong></span> <span class='ocrx_word' id='word_1_96' title='bbox 1116 961 1218 999; x_wconf 89' lang='lat' dir='ltr'><strong>L.11.</strong></span> <span class='ocrx_word' id='word_1_97' title='bbox 1245 960 1294 998; x_wconf 91' lang='lat' dir='ltr'><strong>V.</strong></span> <span class='ocrx_word' id='word_1_98' title='bbox 1318 961 1369 997; x_wconf 88' lang='lat' dir='ltr'><strong>H.</strong></span> 
     </span>
     <span class='ocr_line' id='line_1_16' title="bbox 397 1027 1371 1114; baseline -0.002 -12"><span class='ocrx_word' id='word_1_99' title='bbox 397 1027 416 1065; x_wconf 73' lang='lat'>3</span> <span class='ocrx_word' id='word_1_100' title='bbox 446 1066 505 1112; x_wconf 88' lang='lat'><strong>69.</strong></span> <span class='ocrx_word' id='word_1_101' title='bbox 532 1067 630 1112; x_wconf 67' lang='lat' dir='ltr'><strong>fuste</strong></span> <span class='ocrx_word' id='word_1_102' title='bbox 648 1064 827 1114; x_wconf 69' lang='lat' dir='ltr'><strong>percuffam</strong></span> <span class='ocrx_word' id='word_1_103' title='bbox 847 1062 1033 1112; x_wconf 79' lang='lat' dir='ltr'><strong>interemit]</strong></span> <span class='ocrx_word' id='word_1_104' title='bbox 1058 1061 1188 1100; x_wconf 86' lang='lat' dir='ltr'><strong>Aufim</strong></span> <span class='ocrx_word' id='word_1_105' title='bbox 1211 1062 1371 1100; x_wconf 77' lang='lat' dir='ltr'><strong>affirma-</strong></span> 
     </span>
     <span class='ocr_line' id='line_1_17' title="bbox 395 1114 1370 1163; baseline -0.003 -10"><span class='ocrx_word' id='word_1_106' title='bbox 395 1128 434 1154; x_wconf 90' lang='lat' dir='ltr'><strong>re</strong></span> <span class='ocrx_word' id='word_1_107' title='bbox 455 1127 523 1154; x_wconf 88' lang='lat' dir='ltr'><strong>nos</strong></span> <span class='ocrx_word' id='word_1_108' title='bbox 542 1116 603 1152; x_wconf 87' lang='lat' dir='ltr'><strong>hic</strong></span> <span class='ocrx_word' id='word_1_109' title='bbox 632 1116 685 1152; x_wconf 88' lang='lat' dir='ltr'><strong>uti</strong></span> <span class='ocrx_word' id='word_1_110' title='bbox 715 1114 932 1163; x_wconf 77' lang='lat' dir='ltr'><strong>glossemate</strong></span> <span class='ocrx_word' id='word_1_111' title='bbox 968 1126 1034 1162; x_wconf 89' lang='lat' dir='ltr'><strong>pro</strong></span> <span class='ocrx_word' id='word_1_112' title='bbox 1055 1126 1142 1151; x_wconf 81' lang='lat' dir='ltr'><strong>vera</strong></span> <span class='ocrx_word' id='word_1_113' title='bbox 1162 1115 1201 1151; x_wconf 88' lang='lat'>&amp;</span> <span class='ocrx_word' id='word_1_114' title='bbox 1218 1115 1370 1163; x_wconf 84' lang='lat' dir='ltr'><strong>antiqua</strong></span> 
     </span>
     <span class='ocr_line' id='line_1_18' title="bbox 394 1165 1370 1216; baseline -0.003 -12"><span class='ocrx_word' id='word_1_115' title='bbox 394 1167 557 1205; x_wconf 67' lang='lat' dir='ltr'><strong>diffione</strong></span> <span class='ocrx_word' id='word_1_116' title='bbox 586 1166 765 1209; x_wconf 62' lang='lat' dir='ltr'><strong>auctoris,</strong></span> <span class='ocrx_word' id='word_1_117' title='bbox 805 1166 974 1216; x_wconf 82' lang='lat' dir='ltr'><strong>quamvis</strong></span> <span class='ocrx_word' id='word_1_118' title='bbox 1005 1165 1101 1202; x_wconf 86' lang='lat' dir='ltr'><strong>hanc</strong></span> <span class='ocrx_word' id='word_1_119' title='bbox 1131 1176 1257 1202; x_wconf 87' lang='lat' dir='ltr'><strong>meam</strong></span> <span class='ocrx_word' id='word_1_120' title='bbox 1288 1165 1370 1213; x_wconf 82' lang='lat' dir='ltr'><strong>opi-</strong></span> 
     </span>
     <span class='ocr_line' id='line_1_19' title="bbox 391 1215 1368 1266; baseline -0.003 -11"><span class='ocrx_word' id='word_1_121' title='bbox 391 1219 547 1255; x_wconf 87' lang='lat' dir='ltr'><strong>nionem</strong></span> <span class='ocrx_word' id='word_1_122' title='bbox 568 1229 697 1266; x_wconf 87' lang='lat' dir='ltr'><strong>parum</strong></span> <span class='ocrx_word' id='word_1_123' title='bbox 718 1217 896 1265; x_wconf 83' lang='lat' dir='ltr'><strong>adjuvent</strong></span> <span class='ocrx_word' id='word_1_124' title='bbox 915 1216 1159 1264; x_wconf 82' lang='lat' dir='ltr'><strong>manuscripta</strong></span> <span class='ocrx_word' id='word_1_125' title='bbox 1179 1215 1368 1264; x_wconf 81' lang='lat' dir='ltr'><strong>exempla-</strong></span> 
     </span>
     <span class='ocr_line' id='line_1_20' title="bbox 393 1267 1368 1316; baseline -0.001 -11"><span class='ocrx_word' id='word_1_126' title='bbox 393 1270 445 1306; x_wconf 87' lang='lat' dir='ltr'><strong>ria</strong></span> <span class='ocrx_word' id='word_1_127' title='bbox 463 1268 635 1316; x_wconf 73' lang='lat' dir='ltr'><strong>vulgatae</strong></span> <span class='ocrx_word' id='word_1_128' title='bbox 661 1267 816 1305; x_wconf 70' lang='lat' dir='ltr'><strong>let‘tioni</strong></span> <span class='ocrx_word' id='word_1_129' title='bbox 843 1279 919 1304; x_wconf 88' lang='lat' dir='ltr'><strong>uno</strong></span> <span class='ocrx_word' id='word_1_130' title='bbox 947 1267 1050 1304; x_wconf 85' lang='lat' dir='ltr'><strong>velut</strong></span> <span class='ocrx_word' id='word_1_131' title='bbox 1077 1278 1142 1304; x_wconf 90' lang='lat' dir='ltr'><strong>ore</strong></span> <span class='ocrx_word' id='word_1_132' title='bbox 1164 1267 1368 1304; x_wconf 78' lang='lat' dir='ltr'><strong>concinen-</strong></span> 
     </span>
     <span class='ocr_line' id='line_1_21' title="bbox 393 1317 1366 1365; baseline -0.002 -8"><span class='ocrx_word' id='word_1_133' title='bbox 393 1320 455 1357; x_wconf 82' lang='lat' dir='ltr'><strong>tia.</strong></span> <span class='ocrx_word' id='word_1_134' title='bbox 508 1321 690 1356; x_wconf 75' lang='lat' dir='ltr'><strong>Attamen</strong></span> <span class='ocrx_word' id='word_1_135' title='bbox 710 1319 748 1355; x_wconf 90' lang='lat' dir='ltr'><strong>in</strong></span> <span class='ocrx_word' id='word_1_136' title='bbox 776 1317 1025 1355; x_wconf 83' lang='lat' dir='ltr'><strong>Atrebatenfis</strong></span> <span class='ocrx_word' id='word_1_137' title='bbox 1057 1317 1203 1365; x_wconf 86' lang='lat' dir='ltr'><strong>collegii</strong></span> <span class='ocrx_word' id='word_1_138' title='bbox 1235 1317 1366 1355; x_wconf 84' lang='lat' dir='ltr'><strong>codice</strong></span> 
     </span>
     <span class='ocr_line' id='line_1_22' title="bbox 394 1368 1366 1419; baseline -0.001 -12"><span class='ocrx_word' id='word_1_139' title='bbox 394 1370 501 1419; x_wconf 89' lang='lat' dir='ltr'><strong>ipfius</strong></span> <span class='ocrx_word' id='word_1_140' title='bbox 522 1370 654 1406; x_wconf 86' lang='lat' dir='ltr'><strong>librarii</strong></span> <span class='ocrx_word' id='word_1_141' title='bbox 677 1381 792 1406; x_wconf 85' lang='lat' dir='ltr'><strong>manu</strong></span> <span class='ocrx_word' id='word_1_142' title='bbox 808 1370 914 1417; x_wconf 77' lang='lat' dir='ltr'><strong>juxta</strong></span> <span class='ocrx_word' id='word_1_143' title='bbox 933 1369 1032 1406; x_wconf 87' lang='lat' dir='ltr'><strong>hunc</strong></span> <span class='ocrx_word' id='word_1_144' title='bbox 1057 1368 1186 1406; x_wconf 87' lang='lat' dir='ltr'><strong>locum</strong></span> <span class='ocrx_word' id='word_1_145' title='bbox 1210 1370 1247 1405; x_wconf 88' lang='lat' dir='ltr'><strong>in</strong></span> <span class='ocrx_word' id='word_1_146' title='bbox 1269 1380 1366 1406; x_wconf 85' lang='lat' dir='ltr'><strong>mar-</strong></span> 
     </span>
     <span class='ocr_line' id='line_1_23' title="bbox 392 1419 1366 1470; baseline -0.001 -11"><span class='ocrx_word' id='word_1_147' title='bbox 392 1423 480 1470; x_wconf 82' lang='lat' dir='ltr'><strong>gine</strong></span> <span class='ocrx_word' id='word_1_148' title='bbox 499 1419 709 1469; x_wconf 76' lang='lat' dir='ltr'><strong>asscriptum</strong></span> <span class='ocrx_word' id='word_1_149' title='bbox 732 1422 876 1468; x_wconf 81' lang='lat' dir='ltr'><strong>reperio</strong></span> <span class='ocrx_word' id='word_1_150' title='bbox 895 1419 988 1458; x_wconf 87' lang='lat' dir='ltr'><strong>haec</strong></span> <span class='ocrx_word' id='word_1_151' title='bbox 1007 1419 1119 1457; x_wconf 86' lang='lat' dir='ltr'><strong>verba</strong></span> <span class='ocrx_word' id='word_1_152' title='bbox 1133 1447 1143 1464; x_wconf 88' lang='lat'>‚</span> <span class='ocrx_word' id='word_1_153' title='bbox 1173 1420 1275 1457; x_wconf 86' lang='lat' dir='ltr'><strong>Nota</strong></span> <span class='ocrx_word' id='word_1_154' title='bbox 1294 1419 1366 1458; x_wconf 84' lang='lat' dir='ltr'><strong>Fu-</strong></span> 
     </span>
     <span class='ocr_line' id='line_1_24' title="bbox 393 1471 1364 1521; baseline 0 -12"><span class='ocrx_word' id='word_1_155' title='bbox 393 1473 487 1510; x_wconf 82' lang='lat' dir='ltr'><strong>stim.</strong></span> <span class='ocrx_word' id='word_1_156' title='bbox 539 1473 649 1519; x_wconf 84' lang='lat' dir='ltr'><strong>Quae</strong></span> <span class='ocrx_word' id='word_1_157' title='bbox 689 1471 818 1508; x_wconf 84' lang='lat' dir='ltr'><strong>eadem</strong></span> <span class='ocrx_word' id='word_1_158' title='bbox 857 1479 1034 1508; x_wconf 86' lang='lat' dir='ltr'><strong>annotata</strong></span> <span class='ocrx_word' id='word_1_159' title='bbox 1068 1482 1221 1521; x_wconf 85' lang='lat' dir='ltr'><strong>quoque</strong></span> <span class='ocrx_word' id='word_1_160' title='bbox 1271 1478 1364 1519; x_wconf 88' lang='lat' dir='ltr'><strong>puto</strong></span> 
     </span>
     <span class='ocr_line' id='line_1_25' title="bbox 394 1521 1365 1572; baseline -0.002 -12"><span class='ocrx_word' id='word_1_161' title='bbox 394 1521 500 1560; x_wconf 83' lang='lat' dir='ltr'><strong>fuiffe</strong></span> <span class='ocrx_word' id='word_1_162' title='bbox 521 1523 558 1560; x_wconf 91' lang='lat' dir='ltr'><strong>in</strong></span> <span class='ocrx_word' id='word_1_163' title='bbox 578 1522 804 1570; x_wconf 80' lang='lat' dir='ltr'><strong>exemplari,</strong></span> <span class='ocrx_word' id='word_1_164' title='bbox 821 1533 866 1558; x_wconf 80' lang='lat' dir='ltr'><strong>ex</strong></span> <span class='ocrx_word' id='word_1_165' title='bbox 895 1534 972 1572; x_wconf 82' lang='lat' dir='ltr'><strong>quo</strong></span> <span class='ocrx_word' id='word_1_166' title='bbox 993 1522 1053 1558; x_wconf 91' lang='lat' dir='ltr'><strong>hic</strong></span> <span class='ocrx_word' id='word_1_167' title='bbox 1075 1521 1196 1559; x_wconf 85' lang='lat' dir='ltr'><strong>codex</strong></span> <span class='ocrx_word' id='word_1_168' title='bbox 1223 1521 1271 1558; x_wconf 86' lang='lat' dir='ltr'><strong>est</strong></span> <span class='ocrx_word' id='word_1_169' title='bbox 1301 1521 1365 1559; x_wconf 82' lang='lat' dir='ltr'><strong>de-</strong></span> 
     </span>
     <span class='ocr_line' id='line_1_26' title="bbox 394 1572 1365 1622; baseline 0 -11"><span class='ocrx_word' id='word_1_170' title='bbox 394 1574 555 1622; x_wconf 81' lang='lat' dir='ltr'><strong>scriptus.</strong></span> <span class='ocrx_word' id='word_1_171' title='bbox 596 1572 806 1611; x_wconf 87' lang='lat' dir='ltr'><strong>Confirmat</strong></span> <span class='ocrx_word' id='word_1_172' title='bbox 826 1585 950 1610; x_wconf 84' lang='lat' dir='ltr'><strong>meam</strong></span> <span class='ocrx_word' id='word_1_173' title='bbox 973 1573 1227 1622; x_wconf 65' lang='lat' dir='ltr'><strong>conjerf&#39;curam</strong></span> <span class='ocrx_word' id='word_1_174' title='bbox 1249 1572 1365 1611; x_wconf 85' lang='lat' dir='ltr'><strong>Gem-</strong></span> 
     </span>
     <span class='ocr_line' id='line_1_27' title="bbox 395 1623 1363 1673; baseline -0.002 -11"><span class='ocrx_word' id='word_1_175' title='bbox 395 1624 567 1662; x_wconf 80' lang='lat' dir='ltr'><strong>blacenfis</strong></span> <span class='ocrx_word' id='word_1_176' title='bbox 587 1623 707 1662; x_wconf 83' lang='lat' dir='ltr'><strong>codex</strong></span> <span class='ocrx_word' id='word_1_177' title='bbox 721 1661 730 1670; x_wconf 68' lang='lat'><strong>.</strong></span> <span class='ocrx_word' id='word_1_178' title='bbox 757 1625 795 1661; x_wconf 89' lang='lat' dir='ltr'><strong>in</strong></span> <span class='ocrx_word' id='word_1_179' title='bbox 817 1636 894 1673; x_wconf 89' lang='lat' dir='ltr'><strong>quo</strong></span> <span class='ocrx_word' id='word_1_180' title='bbox 916 1625 1089 1673; x_wconf 87' lang='lat' dir='ltr'><strong>scriptum</strong></span> <span class='ocrx_word' id='word_1_181' title='bbox 1124 1624 1215 1668; x_wconf 75' lang='lat' dir='ltr'><strong>tuit3</strong></span> <span class='ocrx_word' id='word_1_182' title='bbox 1237 1625 1363 1670; x_wconf 66' lang='lat' dir='ltr'><strong>Fastim</strong></span> 
     </span>
     <span class='ocr_line' id='line_1_28' title="bbox 391 1674 1363 1724; baseline -0.001 -13"><span class='ocrx_word' id='word_1_183' title='bbox 391 1676 581 1724; x_wconf 76' lang='lat' dir='ltr'><strong>percuffam.</strong></span> <span class='ocrx_word' id='word_1_184' title='bbox 634 1675 704 1712; x_wconf 88' lang='lat' dir='ltr'><strong>Sed</strong></span> <span class='ocrx_word' id='word_1_185' title='bbox 741 1675 860 1712; x_wconf 87' lang='lat' dir='ltr'><strong>adfuit</strong></span> <span class='ocrx_word' id='word_1_186' title='bbox 893 1675 1082 1712; x_wconf 70' lang='lat' dir='ltr'><strong>cor1·e6³tor</strong></span> <span class='ocrx_word' id='word_1_187' title='bbox 1110 1674 1234 1711; x_wconf 86' lang='lat' dir='ltr'><strong>nescio</strong></span> <span class='ocrx_word' id='word_1_188' title='bbox 1261 1676 1363 1722; x_wconf 84' lang='lat' dir='ltr'><strong>quis,</strong></span> 
     </span>
     <span class='ocr_line' id='line_1_29' title="bbox 397 1724 1363 1775; baseline -0.001 -12"><span class='ocrx_word' id='word_1_189' title='bbox 397 1729 631 1775; x_wconf 78' lang='lat' dir='ltr'><strong>mutavitque</strong></span> <span class='ocrx_word' id='word_1_190' title='bbox 654 1737 791 1764; x_wconf 88' lang='lat' dir='ltr'><strong>vocem</strong></span> <span class='ocrx_word' id='word_1_191' title='bbox 812 1727 850 1762; x_wconf 87' lang='lat' dir='ltr'><strong>in</strong></span> <span class='ocrx_word' id='word_1_192' title='bbox 865 1753 875 1769; x_wconf 85' lang='lat'>,</span> <span class='ocrx_word' id='word_1_193' title='bbox 894 1729 984 1768; x_wconf 71' lang='lat' dir='ltr'><strong>fuste</strong></span> <span class='ocrx_word' id='word_1_194' title='bbox 997 1754 1006 1768; x_wconf 91' lang='lat'>‚</span> <span class='ocrx_word' id='word_1_195' title='bbox 1034 1724 1136 1762; x_wconf 76' lang='lat' dir='ltr'><strong>velut</strong></span> <span class='ocrx_word' id='word_1_196' title='bbox 1155 1725 1227 1773; x_wconf 85' lang='lat' dir='ltr'><strong>ipsa</strong></span> <span class='ocrx_word' id='word_1_197' title='bbox 1246 1724 1363 1762; x_wconf 86' lang='lat' dir='ltr'><strong>rasura</strong></span> 
     </span>
     <span class='ocr_line' id='line_1_30' title="bbox 391 1776 1363 1827; baseline -0.003 -12"><span class='ocrx_word' id='word_1_198' title='bbox 391 1777 531 1827; x_wconf 84' lang='lat' dir='ltr'><strong>liquide</strong></span> <span class='ocrx_word' id='word_1_199' title='bbox 554 1777 742 1814; x_wconf 85' lang='lat' dir='ltr'><strong>monstrat.</strong></span> <span class='ocrx_word' id='word_1_200' title='bbox 793 1776 907 1813; x_wconf 87' lang='lat' dir='ltr'><strong>Unde</strong></span> <span class='ocrx_word' id='word_1_201' title='bbox 935 1776 1071 1824; x_wconf 86' lang='lat' dir='ltr'><strong>colligo</strong></span> <span class='ocrx_word' id='word_1_202' title='bbox 1091 1776 1286 1824; x_wconf 85' lang='lat' dir='ltr'><strong>antiquum</strong></span> <span class='ocrx_word' id='word_1_203' title='bbox 1310 1783 1363 1812; x_wconf 88' lang='lat' dir='ltr'><strong>at-</strong></span> 
     </span>
     <span class='ocr_line' id='line_1_31' title="bbox 394 1825 1362 1878; baseline -0.004 -12"><span class='ocrx_word' id='word_1_204' title='bbox 394 1841 468 1878; x_wconf 90' lang='lat' dir='ltr'><strong>que</strong></span> <span class='ocrx_word' id='word_1_205' title='bbox 489 1828 633 1877; x_wconf 76' lang='lat' dir='ltr'><strong>elegans</strong></span> <span class='ocrx_word' id='word_1_206' title='bbox 660 1829 735 1866; x_wconf 92' lang='lat' dir='ltr'><strong>hoc</strong></span> <span class='ocrx_word' id='word_1_207' title='bbox 756 1827 972 1865; x_wconf 80' lang='lat' dir='ltr'><strong>adverbium</strong></span> <span class='ocrx_word' id='word_1_208' title='bbox 1003 1825 1110 1874; x_wconf 80' lang='lat' dir='ltr'><strong>ipsius</strong></span> <span class='ocrx_word' id='word_1_209' title='bbox 1139 1825 1230 1863; x_wconf 88' lang='lat' dir='ltr'><strong>olim</strong></span> <span class='ocrx_word' id='word_1_210' title='bbox 1253 1826 1362 1863; x_wconf 87' lang='lat' dir='ltr'><strong>Vale-</strong></span> 
     </span>
     <span class='ocr_line' id='line_1_32' title="bbox 393 1874 1365 1926; baseline -0.003 -10"><span class='ocrx_word' id='word_1_211' title='bbox 393 1880 437 1916; x_wconf 86' lang='lat' dir='ltr'><strong>rii</strong></span> <span class='ocrx_word' id='word_1_212' title='bbox 466 1880 578 1917; x_wconf 90' lang='lat' dir='ltr'><strong>nostri</strong></span> <span class='ocrx_word' id='word_1_213' title='bbox 604 1878 708 1916; x_wconf 78' lang='lat' dir='ltr'><strong>fuisse</strong></span> <span class='ocrx_word' id='word_1_214' title='bbox 730 1907 741 1922; x_wconf 89' lang='lat'><strong><em>,</em></strong></span> <span class='ocrx_word' id='word_1_215' title='bbox 767 1878 827 1916; x_wconf 90' lang='lat' dir='ltr'><strong>sed</strong></span> <span class='ocrx_word' id='word_1_216' title='bbox 854 1878 976 1926; x_wconf 86' lang='lat' dir='ltr'><strong>postea</strong></span> <span class='ocrx_word' id='word_1_217' title='bbox 1001 1874 1185 1915; x_wconf 77' lang='lat' dir='ltr'><strong>evanuisse</strong></span> <span class='ocrx_word' id='word_1_218' title='bbox 1214 1888 1259 1913; x_wconf 76' lang='lat' dir='ltr'><strong>ex</strong></span> <span class='ocrx_word' id='word_1_219' title='bbox 1289 1878 1365 1925; x_wconf 88' lang='lat' dir='ltr'><strong>ejus</strong></span> 
     </span>
     <span class='ocr_line' id='line_1_33' title="bbox 399 1928 1365 1980; baseline -0.003 -13"><span class='ocrx_word' id='word_1_220' title='bbox 399 1942 514 1979; x_wconf 89' lang='lat' dir='ltr'><strong>opere</strong></span> <span class='ocrx_word' id='word_1_221' title='bbox 533 1959 544 1974; x_wconf 90' lang='lat'>‚</span> <span class='ocrx_word' id='word_1_222' title='bbox 573 1929 769 1980; x_wconf 82' lang='lat' dir='ltr'><strong>multisque</strong></span> <span class='ocrx_word' id='word_1_223' title='bbox 796 1929 943 1966; x_wconf 85' lang='lat' dir='ltr'><strong>saeculis</strong></span> <span class='ocrx_word' id='word_1_224' title='bbox 976 1928 1121 1965; x_wconf 80' lang='lat' dir='ltr'><strong>exulare</strong></span> <span class='ocrx_word' id='word_1_225' title='bbox 1148 1928 1365 1973; x_wconf 87' lang='lat' dir='ltr'><strong>immerito,</strong></span> 
     </span>
     <span class='ocr_line' id='line_1_34' title="bbox 394 1979 1365 2030; baseline -0.003 -12"><span class='ocrx_word' id='word_1_226' title='bbox 394 1990 546 2030; x_wconf 83' lang='lat' dir='ltr'><strong>propter</strong></span> <span class='ocrx_word' id='word_1_227' title='bbox 563 1981 797 2018; x_wconf 71' lang='lat' dir='ltr'><strong>librariorum</strong></span> <span class='ocrx_word' id='word_1_228' title='bbox 816 1981 1065 2028; x_wconf 73' lang='lat' dir='ltr'><strong>ignorantiam</strong></span> <span class='ocrx_word' id='word_1_229' title='bbox 1082 2008 1091 2023; x_wconf 95' lang='lat'>,</span> <span class='ocrx_word' id='word_1_230' title='bbox 1113 1980 1177 2028; x_wconf 86' lang='lat' dir='ltr'><strong>qui</strong></span> <span class='ocrx_word' id='word_1_231' title='bbox 1193 1979 1267 2016; x_wconf 85' lang='lat' dir='ltr'><strong>hoc</strong></span> <span class='ocrx_word' id='word_1_232' title='bbox 1285 1987 1365 2016; x_wconf 84' lang='lat' dir='ltr'><strong>tan-</strong></span> 
     </span>
     <span class='ocr_line' id='line_1_35' title="bbox 396 2029 1364 2082; baseline -0.003 -13"><span class='ocrx_word' id='word_1_233' title='bbox 396 2045 510 2082; x_wconf 87' lang='lat' dir='ltr'><strong>quam</strong></span> <span class='ocrx_word' id='word_1_234' title='bbox 551 2032 757 2070; x_wconf 87' lang='lat' dir='ltr'><strong>obsoletum</strong></span> <span class='ocrx_word' id='word_1_235' title='bbox 795 2040 905 2081; x_wconf 81' lang='lat' dir='ltr'><strong>atque</strong></span> <span class='ocrx_word' id='word_1_236' title='bbox 940 2029 1151 2068; x_wconf 79' lang='lat' dir='ltr'><strong>inusitatum</strong></span> <span class='ocrx_word' id='word_1_237' title='bbox 1190 2031 1364 2080; x_wconf 87' lang='lat' dir='ltr'><strong>rejicere,</strong></span> 
     </span>
     <span class='ocr_line' id='line_1_36' title="bbox 399 2081 1367 2132; baseline -0.001 -12"><span class='ocrx_word' id='word_1_238' title='bbox 399 2084 549 2132; x_wconf 82' lang='lat' dir='ltr'><strong>ejusque</strong></span> <span class='ocrx_word' id='word_1_239' title='bbox 586 2083 674 2120; x_wconf 90' lang='lat' dir='ltr'><strong>loco</strong></span> <span class='ocrx_word' id='word_1_240' title='bbox 715 2081 905 2130; x_wconf 84' lang='lat' dir='ltr'><strong>gloffulam</strong></span> <span class='ocrx_word' id='word_1_241' title='bbox 945 2082 1107 2130; x_wconf 84' lang='lat' dir='ltr'><strong>recipere</strong></span> <span class='ocrx_word' id='word_1_242' title='bbox 1145 2081 1367 2119; x_wconf 85' lang='lat' dir='ltr'><strong>maluerunt.</strong></span> 
     </span>
     <span class='ocr_line' id='line_1_37' title="bbox 398 2130 1365 2182; baseline -0.001 -11"><span class='ocrx_word' id='word_1_243' title='bbox 398 2134 523 2171; x_wconf 85' lang='lat' dir='ltr'><strong>Verba</strong></span> <span class='ocrx_word' id='word_1_244' title='bbox 544 2133 695 2181; x_wconf 85' lang='lat' dir='ltr'><strong>quidem</strong></span> <span class='ocrx_word' id='word_1_245' title='bbox 717 2134 788 2182; x_wconf 78' lang='lat' dir='ltr'><strong>ipsa</strong></span> <span class='ocrx_word' id='word_1_246' title='bbox 799 2133 939 2171; x_wconf 85' lang='lat' dir='ltr'><strong>Valerii</strong></span> <span class='ocrx_word' id='word_1_247' title='bbox 958 2133 1048 2170; x_wconf 85' lang='lat' dir='ltr'><strong>haec</strong></span> <span class='ocrx_word' id='word_1_248' title='bbox 1070 2130 1174 2170; x_wconf 81' lang='lat' dir='ltr'><strong>fuiffe</strong></span> <span class='ocrx_word' id='word_1_249' title='bbox 1192 2141 1365 2176; x_wconf 80' lang='lat' dir='ltr'><strong>autumo,</strong></span> 
     </span>
     <span class='ocr_line' id='line_1_38' title="bbox 397 2182 1368 2234; baseline -0.003 -12"><span class='ocrx_word' id='word_1_250' title='bbox 397 2193 508 2234; x_wconf 84' lang='lat' dir='ltr'><strong>atque</strong></span> <span class='ocrx_word' id='word_1_251' title='bbox 528 2185 577 2221; x_wconf 82' lang='lat' dir='ltr'><strong>ita</strong></span> <span class='ocrx_word' id='word_1_252' title='bbox 599 2185 726 2222; x_wconf 89' lang='lat' dir='ltr'><strong>locum</strong></span> <span class='ocrx_word' id='word_1_253' title='bbox 747 2185 846 2222; x_wconf 89' lang='lat' dir='ltr'><strong>hunc</strong></span> <span class='ocrx_word' id='word_1_254' title='bbox 870 2183 1134 2222; x_wconf 76' lang='lat' dir='ltr'><strong>restituendum</strong></span> <span class='ocrx_word' id='word_1_255' title='bbox 1159 2182 1252 2227; x_wconf 85' lang='lat' dir='ltr'><strong>effe;</strong></span> <span class='ocrx_word' id='word_1_256' title='bbox 1269 2183 1368 2234; x_wconf 65' lang='lat' dir='ltr'><strong>Quod</strong></span> 
     </span>
     <span class='ocr_line' id='line_1_39' title="bbox 397 2235 1366 2283; baseline 0 -11"><span class='ocrx_word' id='word_1_257' title='bbox 397 2238 514 2273; x_wconf 67' lang='lat' dir='ltr'><strong>‘vinum</strong></span> <span class='ocrx_word' id='word_1_258' title='bbox 549 2235 676 2283; x_wconf 68' lang='lat' dir='ltr'><strong>bibisset</strong></span> <span class='ocrx_word' id='word_1_259' title='bbox 696 2264 706 2279; x_wconf 93' lang='lat'>‚</span> <span class='ocrx_word' id='word_1_260' title='bbox 751 2238 868 2283; x_wconf 61' lang='lat' dir='ltr'><strong>frastim</strong></span> <span class='ocrx_word' id='word_1_261' title='bbox 903 2236 1082 2272; x_wconf 75' lang='lat' dir='ltr'><strong>interemit.</strong></span> <span class='ocrx_word' id='word_1_262' title='bbox 1144 2235 1235 2272; x_wconf 79' lang='lat' dir='ltr'><strong>Sunt</strong></span> <span class='ocrx_word' id='word_1_263' title='bbox 1266 2235 1366 2272; x_wconf 78' lang='lat' dir='ltr'><strong>enim</strong></span> 
     </span>
     <span class='ocr_line' id='line_1_40' title="bbox 400 2285 1367 2336; baseline 0 -12"><span class='ocrx_word' id='word_1_264' title='bbox 400 2287 605 2336; x_wconf 83' lang='lat' dir='ltr'><strong>plerunque</strong></span> <span class='ocrx_word' id='word_1_265' title='bbox 619 2288 820 2325; x_wconf 78' lang='lat' dir='ltr'><strong>verborum</strong></span> <span class='ocrx_word' id='word_1_266' title='bbox 843 2287 1024 2336; x_wconf 66' lang='lat' dir='ltr'><strong>adjefflva</strong></span> <span class='ocrx_word' id='word_1_267' title='bbox 1047 2287 1139 2324; x_wconf 83' lang='lat' dir='ltr'><strong>haec</strong></span> <span class='ocrx_word' id='word_1_268' title='bbox 1153 2285 1325 2324; x_wconf 77' lang='lat' dir='ltr'><strong>adverbia</strong></span> <span class='ocrx_word' id='word_1_269' title='bbox 1347 2286 1367 2324; x_wconf 71' lang='lat' dir='ltr'><strong>a</strong></span> 
     </span>
     <span class='ocr_line' id='line_1_41' title="bbox 397 2337 1368 2387; baseline -0.001 -11"><span class='ocrx_word' id='word_1_270' title='bbox 397 2338 612 2376; x_wconf 85' lang='lat' dir='ltr'><strong>nominibus</strong></span> <span class='ocrx_word' id='word_1_271' title='bbox 640 2338 822 2382; x_wconf 61' lang='lat' dir='ltr'><strong>derivata,</strong></span> <span class='ocrx_word' id='word_1_272' title='bbox 849 2350 944 2387; x_wconf 80' lang='lat' dir='ltr'><strong>quae</strong></span> <span class='ocrx_word' id='word_1_273' title='bbox 974 2338 1133 2375; x_wconf 80' lang='lat' dir='ltr'><strong>modum</strong></span> <span class='ocrx_word' id='word_1_274' title='bbox 1164 2337 1296 2386; x_wconf 86' lang='lat' dir='ltr'><strong>agendi</strong></span> <span class='ocrx_word' id='word_1_275' title='bbox 1326 2337 1368 2375; x_wconf 89' lang='lat' dir='ltr'><strong>fi-</strong></span> 
     </span>
     <span class='ocr_line' id='line_1_42' title="bbox 396 2388 1370 2438; baseline -0.001 -12"><span class='ocrx_word' id='word_1_276' title='bbox 396 2389 584 2438; x_wconf 84' lang='lat' dir='ltr'><strong>gnificant.</strong></span> <span class='ocrx_word' id='word_1_277' title='bbox 636 2388 779 2426; x_wconf 81' lang='lat' dir='ltr'><strong>Eadem</strong></span> <span class='ocrx_word' id='word_1_278' title='bbox 801 2388 961 2426; x_wconf 83' lang='lat' dir='ltr'><strong>formula</strong></span> <span class='ocrx_word' id='word_1_279' title='bbox 985 2390 1114 2426; x_wconf 79' lang='lat' dir='ltr'><strong>Livius</strong></span> <span class='ocrx_word' id='word_1_280' title='bbox 1129 2390 1277 2436; x_wconf 66' lang='lat' dir='ltr'><strong>punflim</strong></span> <span class='ocrx_word' id='word_1_281' title='bbox 1299 2403 1370 2438; x_wconf 65' lang='lat' dir='ltr'><strong>ma5</strong></span> 
     </span>
     <span class='ocr_line' id='line_1_43' title="bbox 391 2439 1370 2491; baseline 0 -16"><span class='ocrx_word' id='word_1_282' title='bbox 391 2443 451 2491; x_wconf 70' lang='lat' dir='ltr'><strong>gis</strong></span> <span class='ocrx_word' id='word_1_283' title='bbox 470 2455 570 2489; x_wconf 73' lang='lat' dir='ltr'><strong>quam</strong></span> <span class='ocrx_word' id='word_1_284' title='bbox 588 2441 703 2488; x_wconf 71' lang='lat' dir='ltr'><strong>caesim</strong></span> <span class='ocrx_word' id='word_1_285' title='bbox 720 2451 826 2487; x_wconf 81' lang='lat' dir='ltr'><strong>petere</strong></span> <span class='ocrx_word' id='word_1_286' title='bbox 842 2439 959 2486; x_wconf 74' lang='lat' dir='ltr'><strong>bostem</strong></span> <span class='ocrx_word' id='word_1_287' title='bbox 979 2439 1069 2476; x_wconf 77' lang='lat' dir='ltr'><strong>dixit</strong></span> <span class='ocrx_word' id='word_1_288' title='bbox 1094 2439 1154 2475; x_wconf 85' lang='lat' dir='ltr'><strong>lib.</strong></span> <span class='ocrx_word' id='word_1_289' title='bbox 1177 2451 1270 2476; x_wconf 79' lang='lat' dir='ltr'><strong>xxn.</strong></span> <span class='ocrx_word' id='word_1_290' title='bbox 1298 2443 1370 2475; x_wconf 81' lang='lat' dir='ltr'><strong>Pu-</strong></span> 
     </span>
     <span class='ocr_line' id='line_1_44' title="bbox 389 2489 1365 2541; baseline 0.001 -15"><span class='ocrx_word' id='word_1_291' title='bbox 389 2494 452 2541; x_wconf 70' lang='lat' dir='ltr'><strong>gio</strong></span> <span class='ocrx_word' id='word_1_292' title='bbox 481 2491 568 2528; x_wconf 90' lang='lat' dir='ltr'><strong>hinc</strong></span> <span class='ocrx_word' id='word_1_293' title='bbox 604 2490 718 2528; x_wconf 70' lang='lat' dir='ltr'><strong>dic‘tus</strong></span> <span class='ocrx_word' id='word_1_294' title='bbox 750 2490 820 2533; x_wconf 80' lang='lat' dir='ltr'><strong>est,</strong></span> <span class='ocrx_word' id='word_1_295' title='bbox 848 2489 998 2526; x_wconf 62' lang='lat' dir='ltr'><strong>aurstore</strong></span> <span class='ocrx_word' id='word_1_296' title='bbox 1029 2489 1158 2533; x_wconf 81' lang='lat' dir='ltr'><strong>Festo,</strong></span> <span class='ocrx_word' id='word_1_297' title='bbox 1186 2489 1289 2538; x_wconf 88' lang='lat' dir='ltr'><strong>quod</strong></span> <span class='ocrx_word' id='word_1_298' title='bbox 1320 2501 1365 2528; x_wconf 87' lang='lat' dir='ltr'><strong>eo</strong></span> 
     </span>
     <span class='ocr_line' id='line_1_45' title="bbox 387 2539 1368 2592; baseline 0.001 -16"><span class='ocrx_word' id='word_1_299' title='bbox 387 2541 537 2592; x_wconf 63' lang='lat' dir='ltr'><strong>punfiim</strong></span> <span class='ocrx_word' id='word_1_300' title='bbox 566 2552 747 2591; x_wconf 71' lang='lat' dir='ltr'><strong>pugnatur.</strong></span> <span class='ocrx_word' id='word_1_301' title='bbox 810 2541 937 2589; x_wconf 86' lang='lat' dir='ltr'><strong>Atque</strong></span> <span class='ocrx_word' id='word_1_302' title='bbox 968 2541 1043 2586; x_wconf 88' lang='lat' dir='ltr'><strong>ejus</strong></span> <span class='ocrx_word' id='word_1_303' title='bbox 1071 2541 1212 2586; x_wconf 83' lang='lat' dir='ltr'><strong>generis</strong></span> <span class='ocrx_word' id='word_1_304' title='bbox 1239 2539 1368 2577; x_wconf 75' lang='lat' dir='ltr'><strong>adver-</strong></span> 
     </span>
     <span class='ocr_line' id='line_1_46' title="bbox 397 2590 1368 2643; baseline -0.002 -13"><span class='ocrx_word' id='word_1_305' title='bbox 397 2594 453 2630; x_wconf 84' lang='lat' dir='ltr'><strong>bia</strong></span> <span class='ocrx_word' id='word_1_306' title='bbox 474 2605 588 2643; x_wconf 71' lang='lat' dir='ltr'><strong>quam</strong></span> <span class='ocrx_word' id='word_1_307' title='bbox 608 2593 767 2641; x_wconf 86' lang='lat' dir='ltr'><strong>plurima</strong></span> <span class='ocrx_word' id='word_1_308' title='bbox 787 2599 987 2629; x_wconf 84' lang='lat' dir='ltr'><strong>occurrunt</strong></span> <span class='ocrx_word' id='word_1_309' title='bbox 1018 2591 1189 2638; x_wconf 79' lang='lat' dir='ltr'><strong>antiquos</strong></span> <span class='ocrx_word' id='word_1_310' title='bbox 1219 2590 1368 2637; x_wconf 81' lang='lat' dir='ltr'><strong>scripto-</strong></span> 
     </span>
     <span class='ocr_line' id='line_1_47' title="bbox 398 2638 1369 2693; baseline -0.003 -12"><span class='ocrx_word' id='word_1_311' title='bbox 398 2657 454 2683; x_wconf 86' lang='lat' dir='ltr'><strong>res</strong></span> <span class='ocrx_word' id='word_1_312' title='bbox 473 2644 706 2687; x_wconf 77' lang='lat' dir='ltr'><strong>revolventi,</strong></span> <span class='ocrx_word' id='word_1_313' title='bbox 735 2655 754 2680; x_wconf 89' lang='lat' dir='ltr'><strong>e</strong></span> <span class='ocrx_word' id='word_1_314' title='bbox 773 2642 903 2693; x_wconf 80' lang='lat' dir='ltr'><strong>quibus</strong></span> <span class='ocrx_word' id='word_1_315' title='bbox 920 2652 1035 2690; x_wconf 84' lang='lat' dir='ltr'><strong>pauca</strong></span> <span class='ocrx_word' id='word_1_316' title='bbox 1056 2638 1195 2678; x_wconf 78' lang='lat' dir='ltr'><strong>notasse</strong></span> <span class='ocrx_word' id='word_1_317' title='bbox 1224 2640 1302 2677; x_wconf 85' lang='lat' dir='ltr'><strong>satis</strong></span> <span class='ocrx_word' id='word_1_318' title='bbox 1333 2654 1369 2678; x_wconf 74' lang='lat' dir='ltr'><strong>e-</strong></span> 
     </span>
     <span class='ocr_line' id='line_1_48' title="bbox 399 2690 1368 2743; baseline -0.003 -11"><span class='ocrx_word' id='word_1_319' title='bbox 399 2697 455 2732; x_wconf 85' lang='lat' dir='ltr'><strong>rit.</strong></span> <span class='ocrx_word' id='word_1_320' title='bbox 510 2695 705 2743; x_wconf 54' lang='lat' dir='ltr'><strong>,Amnffim</strong></span> <span class='ocrx_word' id='word_1_321' title='bbox 731 2694 767 2730; x_wconf 88' lang='lat' dir='ltr'><strong>id</strong></span> <span class='ocrx_word' id='word_1_322' title='bbox 796 2694 867 2737; x_wconf 85' lang='lat' dir='ltr'><strong>est,</strong></span> <span class='ocrx_word' id='word_1_323' title='bbox 895 2691 1128 2741; x_wconf 74' lang='lat' dir='ltr'><strong>regulariter,</strong></span> <span class='ocrx_word' id='word_1_324' title='bbox 1168 2690 1210 2728; x_wconf 87' lang='lat' dir='ltr'><strong>ab</strong></span> <span class='ocrx_word' id='word_1_325' title='bbox 1241 2693 1368 2730; x_wconf 78' lang='lat' dir='ltr'><strong>amussi</strong></span> 
     </span>
     <span class='ocr_line' id='line_1_49' title="bbox 399 2742 1368 2789; baseline -0.007 -5"><span class='ocrx_word' id='word_1_326' title='bbox 399 2746 616 2789; x_wconf 80' lang='lat' dir='ltr'><strong>deducitur,</strong></span> <span class='ocrx_word' id='word_1_327' title='bbox 638 2756 678 2783; x_wconf 88' lang='lat' dir='ltr'><strong>ut</strong></span> <span class='ocrx_word' id='word_1_328' title='bbox 705 2745 805 2783; x_wconf 87' lang='lat' dir='ltr'><strong>idem</strong></span> <span class='ocrx_word' id='word_1_329' title='bbox 833 2744 954 2782; x_wconf 83' lang='lat' dir='ltr'><strong>Festus</strong></span> <span class='ocrx_word' id='word_1_330' title='bbox 987 2743 1117 2780; x_wconf 80' lang='lat' dir='ltr'><strong>tradit:</strong></span> <span class='ocrx_word' id='word_1_331' title='bbox 1157 2742 1368 2786; x_wconf 63' lang='lat' dir='ltr'><strong>Adorsicatim</strong></span> 
     </span>
     <span class='ocr_line' id='line_1_50' title="bbox 396 2792 1370 2845; baseline -0.002 -14"><span class='ocrx_word' id='word_1_332' title='bbox 396 2798 539 2844; x_wconf 69' lang='lat' dir='ltr'><strong>lustrant</strong></span> <span class='ocrx_word' id='word_1_333' title='bbox 553 2826 562 2837; x_wconf 80' lang='lat'>,</span> <span class='ocrx_word' id='word_1_334' title='bbox 590 2798 735 2834; x_wconf 81' lang='lat' dir='ltr'><strong>Varro:</strong></span> <span class='ocrx_word' id='word_1_335' title='bbox 766 2797 833 2845; x_wconf 71' lang='lat' dir='ltr'><strong>Qi</strong></span> <span class='ocrx_word' id='word_1_336' title='bbox 852 2793 952 2842; x_wconf 78' lang='lat' dir='ltr'><strong>coffim</strong></span> <span class='ocrx_word' id='word_1_337' title='bbox 973 2804 1089 2838; x_wconf 75' lang='lat' dir='ltr'><strong>cacat,</strong></span> <span class='ocrx_word' id='word_1_338' title='bbox 1115 2793 1297 2830; x_wconf 84' lang='lat' dir='ltr'><strong>Pacuvius</strong></span> <span class='ocrx_word' id='word_1_339' title='bbox 1317 2792 1370 2830; x_wconf 89' lang='lat' dir='ltr'><strong>di-</strong></span> 
     </span>
     <span class='ocr_line' id='line_1_51' title="bbox 396 2844 1371 2896; baseline -0.006 -11"><span class='ocrx_word' id='word_1_340' title='bbox 396 2860 507 2891; x_wconf 81' lang='lat' dir='ltr'><strong>xere,</strong></span> <span class='ocrx_word' id='word_1_341' title='bbox 544 2847 633 2886; x_wconf 87' lang='lat' dir='ltr'><strong>ficut</strong></span> <span class='ocrx_word' id='word_1_342' title='bbox 662 2848 759 2896; x_wconf 83' lang='lat' dir='ltr'><strong>apud</strong></span> <span class='ocrx_word' id='word_1_343' title='bbox 789 2847 960 2885; x_wconf 86' lang='lat' dir='ltr'><strong>Nonium</strong></span> <span class='ocrx_word' id='word_1_344' title='bbox 996 2845 1153 2893; x_wconf 80' lang='lat' dir='ltr'><strong>legimus</strong></span> <span class='ocrx_word' id='word_1_345' title='bbox 1203 2844 1371 2892; x_wconf 88' lang='lat' dir='ltr'><strong>insuper,</strong></span> 
     </span>
    </p>
   </div>
   <div class='ocr_carea' id='block_1_6' title="bbox 400 2896 1371 2946">
    <p class='ocr_par' dir='ltr' id='par_1_6' title="bbox 400 2896 1371 2946">
     <span class='ocr_line' id='line_1_52' title="bbox 400 2896 1371 2946; baseline -0.005 -11"><span class='ocrx_word' id='word_1_346' title='bbox 400 2901 632 2935; x_wconf 72' lang='lat' dir='ltr'><strong>Mucrenatim</strong></span> <span class='ocrx_word' id='word_1_347' title='bbox 654 2927 662 2941; x_wconf 77' lang='lat'><strong>‚</strong></span> <span class='ocrx_word' id='word_1_348' title='bbox 691 2900 822 2945; x_wconf 79' lang='lat' dir='ltr'><strong>filatim</strong></span> <span class='ocrx_word' id='word_1_349' title='bbox 845 2928 855 2943; x_wconf 90' lang='lat'><strong>‚</strong></span> <span class='ocrx_word' id='word_1_350' title='bbox 889 2896 1081 2946; x_wconf 65' lang='lat' dir='ltr'><strong>passerstim</strong></span> <span class='ocrx_word' id='word_1_351' title='bbox 1111 2927 1117 2938; x_wconf 96' lang='lat'>,</span> <span class='ocrx_word' id='word_1_352' title='bbox 1165 2897 1371 2943; x_wconf 78' lang='lat' dir='ltr'><strong>anseratim‚</strong></span> 
     </span>
    </p>
   </div>
   <div class='ocr_carea' id='block_1_7' title="bbox 396 2947 1375 3051">
    <p class='ocr_par' dir='ltr' id='par_1_7' title="bbox 396 2947 1375 3051">
     <span class='ocr_line' id='line_1_53' title="bbox 398 2947 1372 3000; baseline -0.003 -13"><span class='ocrx_word' id='word_1_353' title='bbox 398 2950 544 3000; x_wconf 81' lang='lat' dir='ltr'><strong>aliaque</strong></span> <span class='ocrx_word' id='word_1_354' title='bbox 570 2949 698 2988; x_wconf 82' lang='lat' dir='ltr'><strong>similia</strong></span> <span class='ocrx_word' id='word_1_355' title='bbox 732 2950 829 2998; x_wconf 86' lang='lat' dir='ltr'><strong>apud</strong></span> <span class='ocrx_word' id='word_1_356' title='bbox 858 2947 1062 2988; x_wconf 73' lang='lat' dir='ltr'><strong>Chai-isium</strong></span> <span class='ocrx_word' id='word_1_357' title='bbox 1085 2976 1096 2992; x_wconf 91' lang='lat'>‚</span> <span class='ocrx_word' id='word_1_358' title='bbox 1132 2947 1372 2991; x_wconf 84' lang='lat' dir='ltr'><strong>Lucretium,</strong></span> 
     </span>
     <span class='ocr_line' id='line_1_54' title="bbox 396 2997 1375 3051; baseline -0.004 -12"><span class='ocrx_word' id='word_1_359' title='bbox 396 3001 611 3051; x_wconf 76' lang='lat' dir='ltr'><strong>ceterosque</strong></span> <span class='ocrx_word' id='word_1_360' title='bbox 657 3003 871 3049; x_wconf 79' lang='lat' dir='ltr'><strong>reperimus.</strong></span> <span class='ocrx_word' id='word_1_361' title='bbox 921 3001 1008 3048; x_wconf 80' lang='lat' dir='ltr'><strong>Jam</strong></span> <span class='ocrx_word' id='word_1_362' title='bbox 1039 3010 1129 3037; x_wconf 90' lang='lat' dir='ltr'><strong>vero</strong></span> <span class='ocrx_word' id='word_1_363' title='bbox 1162 2997 1375 3047; x_wconf 87' lang='lat' dir='ltr'><strong>expenden-</strong></span> 
     </span>
    </p>
   </div>
   <div class='ocr_carea' id='block_1_8' title="bbox 2193 678 2403 724">
    <p class='ocr_par' dir='ltr' id='par_1_8' title="bbox 2193 678 2403 724">
     <span class='ocr_line' id='line_1_55' title="bbox 2193 678 2403 724; baseline -0.005 1"><span class='ocrx_word' id='word_1_364' title='bbox 2193 680 2236 708; x_wconf 81' lang='lat'><strong>72</strong></span> <span class='ocrx_word' id='word_1_365' title='bbox 2271 678 2403 724; x_wconf 90' lang='lat' dir='ltr'><strong>Hor-</strong></span> 
     </span>
    </p>
   </div>
   <div class='ocr_carea' id='block_1_9' title="bbox 1407 800 2452 2995">
    <p class='ocr_par' dir='ltr' id='par_1_9' title="bbox 1407 800 2452 2995">
     <span class='ocr_line' id='line_1_56' title="bbox 1419 800 2394 853; baseline -0.001 -11"><span class='ocrx_word' id='word_1_366' title='bbox 1419 802 1510 842; x_wconf 84' lang='lat' dir='ltr'><strong>dum</strong></span> <span class='ocrx_word' id='word_1_367' title='bbox 1529 802 1662 841; x_wconf 66' lang='lat' dir='ltr'><strong>leecori</strong></span> <span class='ocrx_word' id='word_1_368' title='bbox 1679 802 1850 853; x_wconf 88' lang='lat' dir='ltr'><strong>relinquo</strong></span> <span class='ocrx_word' id='word_1_369' title='bbox 1863 827 1873 845; x_wconf 89' lang='lat'>,</span> <span class='ocrx_word' id='word_1_370' title='bbox 1891 813 1984 841; x_wconf 86' lang='lat' dir='ltr'><strong>num</strong></span> <span class='ocrx_word' id='word_1_371' title='bbox 2006 803 2044 841; x_wconf 73' lang='grc' dir='ltr'><strong>δε</strong></span> <span class='ocrx_word' id='word_1_372' title='bbox 2058 800 2174 850; x_wconf 54' lang='lat' dir='ltr'><strong>frastim</strong></span> <span class='ocrx_word' id='word_1_373' title='bbox 2191 802 2394 852; x_wconf 85' lang='lat' dir='ltr'><strong>legendum</strong></span> 
     </span>
     <span class='ocr_line' id='line_1_57' title="bbox 1420 854 2452 904; baseline 0.003 -11"><span class='ocrx_word' id='word_1_374' title='bbox 1420 854 1463 892; x_wconf 82' lang='lat' dir='ltr'><strong>fit</strong></span> <span class='ocrx_word' id='word_1_375' title='bbox 1482 855 1579 904; x_wconf 84' lang='lat' dir='ltr'><strong>apud</strong></span> <span class='ocrx_word' id='word_1_376' title='bbox 1597 854 1758 893; x_wconf 87' lang='lat' dir='ltr'><strong>Plinium</strong></span> <span class='ocrx_word' id='word_1_377' title='bbox 1787 854 1881 891; x_wconf 89' lang='lat' dir='ltr'><strong>libro</strong></span> <span class='ocrx_word' id='word_1_378' title='bbox 1916 866 2012 892; x_wconf 81' lang='lat' dir='ltr'><strong>xxu.</strong></span> <span class='ocrx_word' id='word_1_379' title='bbox 2038 865 2118 902; x_wconf 86' lang='lat' dir='ltr'><strong>cap.</strong></span> <span class='ocrx_word' id='word_1_380' title='bbox 2150 866 2204 904; x_wconf 85' lang='lat'><strong>13.</strong></span> <span class='ocrx_word' id='word_1_381' title='bbox 2239 856 2301 893; x_wconf 90' lang='lat' dir='ltr'><strong>ubi</strong></span> <span class='ocrx_word' id='word_1_382' title='bbox 2319 857 2398 896; x_wconf 89' lang='lat' dir='ltr'><strong>hoc</strong></span> <span class='ocrx_word' id='word_1_383' title='bbox 2448 858 2452 860; x_wconf 73' lang='grc'><strong>’</strong></span> 
     </span>
     <span class='ocr_line' id='line_1_58' title="bbox 1420 904 2399 957; baseline 0.001 -13"><span class='ocrx_word' id='word_1_384' title='bbox 1420 906 1521 944; x_wconf 88' lang='lat' dir='ltr'><strong>idem</strong></span> <span class='ocrx_word' id='word_1_385' title='bbox 1551 906 1701 944; x_wconf 82' lang='lat' dir='ltr'><strong>adducit</strong></span> <span class='ocrx_word' id='word_1_386' title='bbox 1732 904 1971 953; x_wconf 86' lang='lat' dir='ltr'><strong>exemplum,</strong></span> <span class='ocrx_word' id='word_1_387' title='bbox 2000 906 2253 955; x_wconf 83' lang='lat' dir='ltr'><strong>maritumque</strong></span> <span class='ocrx_word' id='word_1_388' title='bbox 2282 909 2399 957; x_wconf 73' lang='lat' dir='ltr'><strong>Egna-</strong></span> 
     </span>
     <span class='ocr_line' id='line_1_59' title="bbox 1420 957 2399 1001; baseline 0.003 -7"><span class='ocrx_word' id='word_1_389' title='bbox 1420 959 1506 994; x_wconf 78' lang='lat' dir='ltr'><strong>tium</strong></span> <span class='ocrx_word' id='word_1_390' title='bbox 1527 959 1738 994; x_wconf 63' lang='lat' dir='ltr'><strong>Mecennium</strong></span> <span class='ocrx_word' id='word_1_391' title='bbox 1756 964 1895 1001; x_wconf 82' lang='lat' dir='ltr'><strong>vocat,</strong></span> <span class='ocrx_word' id='word_1_392' title='bbox 1924 957 2048 994; x_wconf 89' lang='lat' dir='ltr'><strong>nescio</strong></span> <span class='ocrx_word' id='word_1_393' title='bbox 2072 968 2117 994; x_wconf 87' lang='lat' dir='ltr'><strong>an</strong></span> <span class='ocrx_word' id='word_1_394' title='bbox 2148 968 2273 995; x_wconf 90' lang='lat' dir='ltr'><strong>errore</strong></span> <span class='ocrx_word' id='word_1_395' title='bbox 2290 958 2399 998; x_wconf 87' lang='lat' dir='ltr'><strong>libra-</strong></span> 
     </span>
     <span class='ocr_line' id='line_1_60' title="bbox 1420 1007 2398 1060; baseline 0.001 -15"><span class='ocrx_word' id='word_1_396' title='bbox 1420 1010 1474 1046; x_wconf 86' lang='lat' dir='ltr'><strong>rii.</strong></span> <span class='ocrx_word' id='word_1_397' title='bbox 1508 1011 1726 1052; x_wconf 72' lang='lat' dir='ltr'><strong>Invenimus,</strong></span> <span class='ocrx_word' id='word_1_398' title='bbox 1760 1007 1914 1058; x_wconf 80' lang='lat' dir='ltr'><strong>inquit,</strong></span> <span class='ocrx_word' id='word_1_399' title='bbox 1951 1010 2039 1044; x_wconf 76' lang='lat' dir='ltr'><strong>inter</strong></span> <span class='ocrx_word' id='word_1_400' title='bbox 2079 1009 2232 1050; x_wconf 70' lang='lat' dir='ltr'><strong>exempla</strong></span> <span class='ocrx_word' id='word_1_401' title='bbox 2257 1012 2398 1060; x_wconf 73' lang='lat' dir='ltr'><strong>Egnatii</strong></span> 
     </span>
     <span class='ocr_line' id='line_1_61' title="bbox 1422 1057 2402 1108; baseline -0.002 -12"><span class='ocrx_word' id='word_1_402' title='bbox 1422 1061 1598 1097; x_wconf 76' lang='lat' dir='ltr'><strong>Mecennii</strong></span> <span class='ocrx_word' id='word_1_403' title='bbox 1629 1073 1787 1103; x_wconf 89' lang='lat' dir='ltr'><strong>uxorem,</strong></span> <span class='ocrx_word' id='word_1_404' title='bbox 1843 1057 1931 1108; x_wconf 82' lang='lat' dir='ltr'><strong>quod</strong></span> <span class='ocrx_word' id='word_1_405' title='bbox 1975 1062 2092 1094; x_wconf 61' lang='lat' dir='ltr'><strong>vinum</strong></span> <span class='ocrx_word' id='word_1_406' title='bbox 2128 1058 2256 1106; x_wconf 63' lang='lat' dir='ltr'><strong>bibisset</strong></span> <span class='ocrx_word' id='word_1_407' title='bbox 2293 1075 2309 1096; x_wconf 84' lang='lat' dir='ltr'><strong>e</strong></span> <span class='ocrx_word' id='word_1_408' title='bbox 2342 1060 2402 1098; x_wconf 73' lang='lat' dir='ltr'><strong>da-</strong></span> 
     </span>
     <span class='ocr_line' id='line_1_62' title="bbox 1419 1109 2397 1158; baseline 0.001 -12"><span class='ocrx_word' id='word_1_409' title='bbox 1419 1111 1465 1146; x_wconf 83' lang='lat' dir='ltr'><strong>lio</strong></span> <span class='ocrx_word' id='word_1_410' title='bbox 1486 1140 1497 1155; x_wconf 88' lang='lat'><em>,</em></span> <span class='ocrx_word' id='word_1_411' title='bbox 1539 1111 1748 1153; x_wconf 64' lang='lat' dir='ltr'><strong>interfec‘lam</strong></span> <span class='ocrx_word' id='word_1_412' title='bbox 1778 1109 1879 1157; x_wconf 71' lang='lat' dir='ltr'><strong>fuiffe</strong></span> <span class='ocrx_word' id='word_1_413' title='bbox 1907 1124 1929 1146; x_wconf 85' lang='lat' dir='ltr'><strong>a</strong></span> <span class='ocrx_word' id='word_1_414' title='bbox 1957 1111 2090 1147; x_wconf 79' lang='lat' dir='ltr'><strong>marito.</strong></span> <span class='ocrx_word' id='word_1_415' title='bbox 2141 1110 2305 1158; x_wconf 78' lang='lat' dir='ltr'><strong>Corrigit</strong></span> <span class='ocrx_word' id='word_1_416' title='bbox 2343 1113 2397 1150; x_wconf 89' lang='lat' dir='ltr'><strong>Si-</strong></span> 
     </span>
     <span class='ocr_line' id='line_1_63' title="bbox 1421 1160 2398 1210; baseline 0 -10"><span class='ocrx_word' id='word_1_417' title='bbox 1421 1161 1636 1210; x_wconf 85' lang='lat' dir='ltr'><strong>gismundus</strong></span> <span class='ocrx_word' id='word_1_418' title='bbox 1668 1161 1845 1199; x_wconf 83' lang='lat' dir='ltr'><strong>Gelenius</strong></span> <span class='ocrx_word' id='word_1_419' title='bbox 1890 1172 1936 1198; x_wconf 86' lang='lat' dir='ltr'><strong>ex</strong></span> <span class='ocrx_word' id='word_1_420' title='bbox 1979 1160 2101 1198; x_wconf 87' lang='lat' dir='ltr'><strong>Gallio</strong></span> <span class='ocrx_word' id='word_1_421' title='bbox 2121 1187 2132 1203; x_wconf 92' lang='lat'><strong>,</strong></span> <span class='ocrx_word' id='word_1_422' title='bbox 2186 1162 2398 1206; x_wconf 63' lang='lat' dir='ltr'><strong>itzterfeblam</strong></span> 
     </span>
     <span class='ocr_line' id='line_1_64' title="bbox 1413 1210 2398 1260; baseline 0.003 -12"><span class='ocrx_word' id='word_1_423' title='bbox 1413 1216 1527 1260; x_wconf 67' lang='lat' dir='ltr'><strong>fuste,</strong></span> <span class='ocrx_word' id='word_1_424' title='bbox 1557 1224 1644 1250; x_wconf 91' lang='lat' dir='ltr'><strong>cum</strong></span> <span class='ocrx_word' id='word_1_425' title='bbox 1673 1221 1801 1249; x_wconf 85' lang='lat' dir='ltr'><strong>tamen</strong></span> <span class='ocrx_word' id='word_1_426' title='bbox 1821 1210 1913 1248; x_wconf 85' lang='lat' dir='ltr'><strong>nihil</strong></span> <span class='ocrx_word' id='word_1_427' title='bbox 1931 1211 2004 1248; x_wconf 83' lang='lat' dir='ltr'><strong>tale</strong></span> <span class='ocrx_word' id='word_1_428' title='bbox 2034 1210 2131 1260; x_wconf 86' lang='lat' dir='ltr'><strong>apud</strong></span> <span class='ocrx_word' id='word_1_429' title='bbox 2152 1210 2317 1250; x_wconf 86' lang='lat' dir='ltr'><strong>Gellium</strong></span> <span class='ocrx_word' id='word_1_430' title='bbox 2341 1214 2398 1251; x_wconf 89' lang='lat' dir='ltr'><strong>le-</strong></span> 
     </span>
     <span class='ocr_line' id='line_1_65' title="bbox 1418 1261 2395 1312; baseline 0.002 -11"><span class='ocrx_word' id='word_1_431' title='bbox 1418 1266 1549 1312; x_wconf 81' lang='lat' dir='ltr'><strong>gerim.</strong></span> <span class='ocrx_word' id='word_1_432' title='bbox 1601 1263 1790 1312; x_wconf 85' lang='lat' dir='ltr'><strong>Equidem</strong></span> <span class='ocrx_word' id='word_1_433' title='bbox 1829 1274 1874 1299; x_wconf 84' lang='lat' dir='ltr'><strong>ex</strong></span> <span class='ocrx_word' id='word_1_434' title='bbox 1904 1261 2056 1299; x_wconf 80' lang='lat' dir='ltr'><strong>Valerio</strong></span> <span class='ocrx_word' id='word_1_435' title='bbox 2101 1264 2222 1308; x_wconf 75' lang='lat' dir='ltr'><strong>fustim</strong></span> <span class='ocrx_word' id='word_1_436' title='bbox 2246 1290 2256 1306; x_wconf 91' lang='lat'>‚</span> <span class='ocrx_word' id='word_1_437' title='bbox 2291 1263 2395 1303; x_wconf 87' lang='lat' dir='ltr'><strong>scribi</strong></span> 
     </span>
     <span class='ocr_line' id='line_1_66' title="bbox 1418 1313 2395 1362; baseline 0.002 -10"><span class='ocrx_word' id='word_1_438' title='bbox 1418 1313 1519 1362; x_wconf 78' lang='lat' dir='ltr'><strong>posse</strong></span> <span class='ocrx_word' id='word_1_439' title='bbox 1551 1314 1733 1352; x_wconf 78' lang='lat' dir='ltr'><strong>existimo.</strong></span> <span class='ocrx_word' id='word_1_440' title='bbox 1756 1313 1898 1350; x_wconf 84' lang='lat' dir='ltr'><strong>PIGH.</strong></span> <span class='ocrx_word' id='word_1_441' title='bbox 1927 1315 2053 1360; x_wconf 65' lang='lat' dir='ltr'><strong>Ficstim</strong></span> <span class='ocrx_word' id='word_1_442' title='bbox 2082 1314 2263 1350; x_wconf 78' lang='lat' dir='ltr'><strong>interemit.</strong></span> <span class='ocrx_word' id='word_1_443' title='bbox 2290 1314 2395 1354; x_wconf 86' lang='lat' dir='ltr'><strong>Dan.</strong></span> 
     </span>
     <span class='ocr_line' id='line_1_67' title="bbox 1418 1363 2389 1413; baseline -0.001 -10"><span class='ocrx_word' id='word_1_444' title='bbox 1418 1365 1479 1403; x_wconf 82' lang='lat' dir='ltr'><strong>lib.</strong></span> <span class='ocrx_word' id='word_1_445' title='bbox 1507 1367 1627 1412; x_wconf 67' lang='lat' dir='ltr'><strong>Fastim</strong></span> <span class='ocrx_word' id='word_1_446' title='bbox 1643 1365 1820 1413; x_wconf 78' lang='lat' dir='ltr'><strong>percussam</strong></span> <span class='ocrx_word' id='word_1_447' title='bbox 1838 1366 2017 1400; x_wconf 79' lang='lat' dir='ltr'><strong>interemit.</strong></span> <span class='ocrx_word' id='word_1_448' title='bbox 2068 1363 2162 1400; x_wconf 76' lang='lat' dir='ltr'><strong>Sane</strong></span> <span class='ocrx_word' id='word_1_449' title='bbox 2181 1363 2329 1412; x_wconf 80' lang='lat' dir='ltr'><strong>Pighius</strong></span> <span class='ocrx_word' id='word_1_450' title='bbox 2350 1366 2389 1402; x_wconf 62' lang='lat' dir='ltr'><strong>‘to‘</strong></span> 
     </span>
     <span class='ocr_line' id='line_1_68' title="bbox 1409 1414 2394 1467; baseline 0.001 -14"><span class='ocrx_word' id='word_1_451' title='bbox 1409 1415 1587 1467; x_wconf 78' lang='lat' dir='ltr'><strong>percuffizm</strong></span> <span class='ocrx_word' id='word_1_452' title='bbox 1612 1427 1676 1453; x_wconf 90' lang='lat' dir='ltr'><strong>cur</strong></span> <span class='ocrx_word' id='word_1_453' title='bbox 1694 1415 1868 1453; x_wconf 83' lang='lat' dir='ltr'><strong>sustulerit</strong></span> <span class='ocrx_word' id='word_1_454' title='bbox 1888 1415 2035 1463; x_wconf 88' lang='lat' dir='ltr'><strong>ignoro.</strong></span> <span class='ocrx_word' id='word_1_455' title='bbox 2087 1414 2180 1450; x_wconf 89' lang='lat' dir='ltr'><strong>Non</strong></span> <span class='ocrx_word' id='word_1_456' title='bbox 2202 1414 2302 1452; x_wconf 86' lang='lat' dir='ltr'><strong>enim</strong></span> <span class='ocrx_word' id='word_1_457' title='bbox 2325 1428 2394 1464; x_wconf 91' lang='lat' dir='ltr'><strong>pu-</strong></span> 
     </span>
     <span class='ocr_line' id='line_1_69' title="bbox 1415 1465 2396 1515; baseline -0.002 -10"><span class='ocrx_word' id='word_1_458' title='bbox 1415 1476 1457 1506; x_wconf 84' lang='lat' dir='ltr'><strong>to</strong></span> <span class='ocrx_word' id='word_1_459' title='bbox 1481 1468 1528 1506; x_wconf 87' lang='lat' dir='ltr'><strong>ad</strong></span> <span class='ocrx_word' id='word_1_460' title='bbox 1551 1479 1713 1505; x_wconf 88' lang='lat' dir='ltr'><strong>canones</strong></span> <span class='ocrx_word' id='word_1_461' title='bbox 1734 1466 1948 1504; x_wconf 83' lang='lat' dir='ltr'><strong>Latinitatis</strong></span> <span class='ocrx_word' id='word_1_462' title='bbox 1966 1476 2087 1515; x_wconf 85' lang='lat' dir='ltr'><strong>aeque</strong></span> <span class='ocrx_word' id='word_1_463' title='bbox 2115 1465 2319 1503; x_wconf 86' lang='lat' dir='ltr'><strong>convenire</strong></span> <span class='ocrx_word' id='word_1_464' title='bbox 2332 1470 2396 1513; x_wconf 74' lang='lat' dir='ltr'><strong>fu-</strong></span> 
     </span>
     <span class='ocr_line' id='line_1_70' title="bbox 1409 1515 2396 1567; baseline -0.001 -11"><span class='ocrx_word' id='word_1_465' title='bbox 1409 1521 1490 1566; x_wconf 86' lang='lat' dir='ltr'><strong>stim</strong></span> <span class='ocrx_word' id='word_1_466' title='bbox 1518 1520 1704 1556; x_wconf 82' lang='lat' dir='ltr'><strong>interimere</strong></span> <span class='ocrx_word' id='word_1_467' title='bbox 1732 1519 1898 1565; x_wconf 71' lang='lat' dir='ltr'><strong>&amp;fustim</strong></span> <span class='ocrx_word' id='word_1_468' title='bbox 1919 1528 2100 1567; x_wconf 81' lang='lat' dir='ltr'><strong>percutere.</strong></span> <span class='ocrx_word' id='word_1_469' title='bbox 2154 1515 2318 1565; x_wconf 83' lang='lat' dir='ltr'><strong>Vellejus</strong></span> <span class='ocrx_word' id='word_1_470' title='bbox 2351 1517 2396 1556; x_wconf 84' lang='lat' dir='ltr'><strong>li-</strong></span> 
     </span>
     <span class='ocr_line' id='line_1_71' title="bbox 1416 1567 2395 1619; baseline -0.003 -11"><span class='ocrx_word' id='word_1_471' title='bbox 1416 1570 1484 1608; x_wconf 80' lang='lat' dir='ltr'><strong>bro</strong></span> <span class='ocrx_word' id='word_1_472' title='bbox 1509 1583 1564 1609; x_wconf 82' lang='lat'><strong>11.</strong></span> <span class='ocrx_word' id='word_1_473' title='bbox 1593 1569 1642 1606; x_wconf 82' lang='lat' dir='ltr'><strong>Ob</strong></span> <span class='ocrx_word' id='word_1_474' title='bbox 1657 1581 1785 1617; x_wconf 79' lang='lat' dir='ltr'><strong>turpem</strong></span> <span class='ocrx_word' id='word_1_475' title='bbox 1808 1583 1849 1604; x_wconf 78' lang='lat' dir='ltr'><strong>ex</strong></span> <span class='ocrx_word' id='word_1_476' title='bbox 1870 1570 1940 1604; x_wconf 80' lang='lat' dir='ltr'><strong>acie</strong></span> <span class='ocrx_word' id='word_1_477' title='bbox 1953 1570 2074 1619; x_wconf 61' lang='lat' dir='ltr'><strong>frigam</strong></span> <span class='ocrx_word' id='word_1_478' title='bbox 2095 1567 2214 1613; x_wconf 69' lang='lat' dir='ltr'><strong>fustim</strong></span> <span class='ocrx_word' id='word_1_479' title='bbox 2237 1568 2395 1616; x_wconf 74' lang='lat' dir='ltr'><strong>percuffi&#39;t.</strong></span> 
     </span>
     <span class='ocr_line' id='line_1_72' title="bbox 1415 1618 2393 1669; baseline -0.001 -10"><span class='ocrx_word' id='word_1_480' title='bbox 1415 1621 1534 1659; x_wconf 88' lang='lat' dir='ltr'><strong>Porro</strong></span> <span class='ocrx_word' id='word_1_481' title='bbox 1576 1621 1778 1669; x_wconf 84' lang='lat' dir='ltr'><strong>Egnatium</strong></span> <span class='ocrx_word' id='word_1_482' title='bbox 1808 1619 2053 1657; x_wconf 89' lang='lat' dir='ltr'><strong>Mecennium</strong></span> <span class='ocrx_word' id='word_1_483' title='bbox 2097 1625 2209 1654; x_wconf 74' lang='lat' dir='ltr'><strong>vocat</strong></span> <span class='ocrx_word' id='word_1_484' title='bbox 2246 1618 2393 1658; x_wconf 82' lang='lat' dir='ltr'><strong>Plinius,</strong></span> 
     </span>
     <span class='ocr_line' id='line_1_73' title="bbox 1417 1667 2396 1719; baseline -0.001 -10"><span class='ocrx_word' id='word_1_485' title='bbox 1417 1671 1670 1710; x_wconf 82' lang='lat' dir='ltr'><strong>Tertullianus</strong></span> <span class='ocrx_word' id='word_1_486' title='bbox 1701 1673 1738 1709; x_wconf 85' lang='lat'>&amp;</span> <span class='ocrx_word' id='word_1_487' title='bbox 1769 1670 1851 1715; x_wconf 89' lang='lat' dir='ltr'><strong>alii,</strong></span> <span class='ocrx_word' id='word_1_488' title='bbox 1887 1681 2001 1719; x_wconf 91' lang='lat' dir='ltr'><strong>quem</strong></span> <span class='ocrx_word' id='word_1_489' title='bbox 2028 1667 2201 1706; x_wconf 86' lang='lat' dir='ltr'><strong>Valerius</strong></span> <span class='ocrx_word' id='word_1_490' title='bbox 2238 1670 2396 1716; x_wconf 83' lang='lat' dir='ltr'><strong>(vitiose</strong></span> 
     </span>
     <span class='ocr_line' id='line_1_74' title="bbox 1416 1719 2396 1771; baseline -0.001 -12"><span class='ocrx_word' id='word_1_491' title='bbox 1416 1723 1573 1771; x_wconf 76' lang='lat' dir='ltr'><strong>opinor)</strong></span> <span class='ocrx_word' id='word_1_492' title='bbox 1611 1722 1814 1770; x_wconf 79' lang='lat' dir='ltr'><strong>Egnatium</strong></span> <span class='ocrx_word' id='word_1_493' title='bbox 1850 1721 2063 1758; x_wconf 88' lang='lat' dir='ltr'><strong>Metellum.</strong></span> <span class='ocrx_word' id='word_1_494' title='bbox 2116 1719 2216 1756; x_wconf 81' lang='lat' dir='ltr'><strong>Nam</strong></span> <span class='ocrx_word' id='word_1_495' title='bbox 2249 1721 2396 1759; x_wconf 87' lang='lat' dir='ltr'><strong>Metelli</strong></span> 
     </span>
     <span class='ocr_line' id='line_1_75' title="bbox 1417 1770 2395 1817; baseline -0.002 -7"><span class='ocrx_word' id='word_1_496' title='bbox 1417 1773 1602 1811; x_wconf 83' lang='lat' dir='ltr'><strong>Caeciliae</strong></span> <span class='ocrx_word' id='word_1_497' title='bbox 1617 1773 1893 1815; x_wconf 21' lang='lat' dir='ltr'><strong>&lt;nominationis</strong></span> <span class='ocrx_word' id='word_1_498' title='bbox 1913 1772 2029 1808; x_wconf 87' lang='lat' dir='ltr'><strong>fuere.</strong></span> <span class='ocrx_word' id='word_1_499' title='bbox 2051 1770 2245 1808; x_wconf 79' lang='lat' dir='ltr'><strong>COLER.</strong></span> <span class='ocrx_word' id='word_1_500' title='bbox 2268 1774 2395 1817; x_wconf 75' lang='lat' dir='ltr'><strong>Fustim</strong></span> 
     </span>
     <span class='ocr_line' id='line_1_76' title="bbox 1415 1819 2394 1872; baseline 0 -12"><span class='ocrx_word' id='word_1_501' title='bbox 1415 1823 1592 1872; x_wconf 74' lang='lat' dir='ltr'><strong>percussam</strong></span> <span class='ocrx_word' id='word_1_502' title='bbox 1620 1826 1801 1861; x_wconf 82' lang='lat' dir='ltr'><strong>interemit.</strong></span> <span class='ocrx_word' id='word_1_503' title='bbox 1855 1823 2014 1859; x_wconf 80' lang='lat' dir='ltr'><strong>Veteres</strong></span> <span class='ocrx_word' id='word_1_504' title='bbox 2043 1819 2226 1857; x_wconf 83' lang='lat' dir='ltr'><strong>editiones</strong></span> <span class='ocrx_word' id='word_1_505' title='bbox 2257 1821 2394 1860; x_wconf 74' lang='lat' dir='ltr'><strong>habent</strong></span> 
     </span>
     <span class='ocr_line' id='line_1_77' title="bbox 1407 1871 2396 1926; baseline 0.001 -16"><span class='ocrx_word' id='word_1_506' title='bbox 1407 1878 1499 1922; x_wconf 65' lang='lat' dir='ltr'><strong>fuste</strong></span> <span class='ocrx_word' id='word_1_507' title='bbox 1524 1875 1716 1926; x_wconf 80' lang='lat' dir='ltr'><strong>percussam.</strong></span> <span class='ocrx_word' id='word_1_508' title='bbox 1770 1873 1843 1911; x_wconf 87' lang='lat' dir='ltr'><strong>Sed</strong></span> <span class='ocrx_word' id='word_1_509' title='bbox 1870 1872 2019 1921; x_wconf 77' lang='lat' dir='ltr'><strong>Pighius</strong></span> <span class='ocrx_word' id='word_1_510' title='bbox 2046 1871 2248 1919; x_wconf 85' lang='lat' dir='ltr'><strong>legendum</strong></span> <span class='ocrx_word' id='word_1_511' title='bbox 2274 1874 2396 1912; x_wconf 90' lang='lat' dir='ltr'><strong>censet</strong></span> 
     </span>
     <span class='ocr_line' id='line_1_78' title="bbox 1410 1922 2394 1975; baseline 0 -13"><span class='ocrx_word' id='word_1_512' title='bbox 1410 1927 1560 1972; x_wconf 67' lang='lat' dir='ltr'><strong>fustim5</strong></span> <span class='ocrx_word' id='word_1_513' title='bbox 1593 1925 1696 1975; x_wconf 88' lang='lat' dir='ltr'><strong>quod</strong></span> <span class='ocrx_word' id='word_1_514' title='bbox 1726 1925 1802 1974; x_wconf 84' lang='lat' dir='ltr'><strong>ejus</strong></span> <span class='ocrx_word' id='word_1_515' title='bbox 1828 1924 1932 1962; x_wconf 71' lang='lat' dir='ltr'><strong>vocis</strong></span> <span class='ocrx_word' id='word_1_516' title='bbox 1961 1922 2110 1970; x_wconf 79' lang='lat' dir='ltr'><strong>vestigia</strong></span> <span class='ocrx_word' id='word_1_517' title='bbox 2139 1923 2325 1961; x_wconf 83' lang='lat' dir='ltr'><strong>invenerit</strong></span> <span class='ocrx_word' id='word_1_518' title='bbox 2354 1925 2394 1962; x_wconf 82' lang='lat' dir='ltr'><strong>in</strong></span> 
     </span>
     <span class='ocr_line' id='line_1_79' title="bbox 1418 1973 2394 2017; baseline 0 -5"><span class='ocrx_word' id='word_1_519' title='bbox 1418 1976 1503 2014; x_wconf 89' lang='lat' dir='ltr'><strong>cod.</strong></span> <span class='ocrx_word' id='word_1_520' title='bbox 1532 1974 1790 2014; x_wconf 85' lang='lat' dir='ltr'><strong>Gemblacenfi</strong></span> <span class='ocrx_word' id='word_1_521' title='bbox 1805 2000 1816 2017; x_wconf 84' lang='lat'>,</span> <span class='ocrx_word' id='word_1_522' title='bbox 1844 1976 1928 2012; x_wconf 82' lang='lat' dir='ltr'><strong>&amp;in</strong></span> <span class='ocrx_word' id='word_1_523' title='bbox 1948 1974 2020 2012; x_wconf 87' lang='lat' dir='ltr'><strong>alio</strong></span> <span class='ocrx_word' id='word_1_524' title='bbox 2039 1973 2130 2010; x_wconf 90' lang='lat' dir='ltr'><strong>item</strong></span> <span class='ocrx_word' id='word_1_525' title='bbox 2153 1985 2267 2011; x_wconf 88' lang='lat' dir='ltr'><strong>manu</strong></span> <span class='ocrx_word' id='word_1_526' title='bbox 2286 1974 2394 2012; x_wconf 88' lang='lat' dir='ltr'><strong>libra-</strong></span> 
     </span>
     <span class='ocr_line' id='line_1_80' title="bbox 1419 2023 2394 2075; baseline -0.001 -11"><span class='ocrx_word' id='word_1_527' title='bbox 1419 2026 1462 2064; x_wconf 81' lang='lat' dir='ltr'><strong>rii</strong></span> <span class='ocrx_word' id='word_1_528' title='bbox 1491 2027 1708 2075; x_wconf 84' lang='lat' dir='ltr'><strong>adscriptam</strong></span> <span class='ocrx_word' id='word_1_529' title='bbox 1735 2025 1877 2064; x_wconf 80' lang='lat' dir='ltr'><strong>viderit.</strong></span> <span class='ocrx_word' id='word_1_530' title='bbox 1928 2026 1970 2062; x_wconf 88' lang='lat' dir='ltr'><strong>In</strong></span> <span class='ocrx_word' id='word_1_531' title='bbox 1997 2036 2075 2062; x_wconf 88' lang='lat' dir='ltr'><strong>uno</strong></span> <span class='ocrx_word' id='word_1_532' title='bbox 2104 2023 2185 2062; x_wconf 86' lang='lat' dir='ltr'><strong>cod.</strong></span> <span class='ocrx_word' id='word_1_533' title='bbox 2214 2024 2394 2064; x_wconf 85' lang='lat' dir='ltr'><strong>Brandeb.</strong></span> 
     </span>
     <span class='ocr_line' id='line_1_81' title="bbox 1412 2076 2395 2127; baseline 0.001 -14"><span class='ocrx_word' id='word_1_534' title='bbox 1412 2079 1537 2124; x_wconf 70' lang='lat' dir='ltr'><strong>furtim</strong></span> <span class='ocrx_word' id='word_1_535' title='bbox 1555 2077 1754 2127; x_wconf 69' lang='lat' dir='ltr'><strong>pertuffam:</strong></span> <span class='ocrx_word' id='word_1_536' title='bbox 1782 2077 1821 2114; x_wconf 91' lang='lat' dir='ltr'><strong>in</strong></span> <span class='ocrx_word' id='word_1_537' title='bbox 1842 2076 1958 2114; x_wconf 83' lang='lat' dir='ltr'><strong>altero</strong></span> <span class='ocrx_word' id='word_1_538' title='bbox 1983 2076 2114 2121; x_wconf 79' lang='lat' dir='ltr'><strong>finitim</strong></span> <span class='ocrx_word' id='word_1_539' title='bbox 2141 2076 2317 2124; x_wconf 78' lang='lat' dir='ltr'><strong>perculsam</strong></span> <span class='ocrx_word' id='word_1_540' title='bbox 2343 2077 2395 2114; x_wconf 91' lang='lat' dir='ltr'><strong>le-</strong></span> 
     </span>
     <span class='ocr_line' id='line_1_82' title="bbox 1418 2126 2398 2178; baseline -0.007 -11"><span class='ocrx_word' id='word_1_541' title='bbox 1418 2129 1535 2178; x_wconf 82' lang='lat' dir='ltr'><strong>gitur;</strong></span> <span class='ocrx_word' id='word_1_542' title='bbox 1565 2138 1606 2167; x_wconf 89' lang='lat' dir='ltr'><strong>ut</strong></span> <span class='ocrx_word' id='word_1_543' title='bbox 1634 2128 1832 2176; x_wconf 84' lang='lat' dir='ltr'><strong>utrobique</strong></span> <span class='ocrx_word' id='word_1_544' title='bbox 1859 2127 2075 2165; x_wconf 83' lang='lat' dir='ltr'><strong>terminatio</strong></span> <span class='ocrx_word' id='word_1_545' title='bbox 2102 2127 2146 2162; x_wconf 88' lang='lat' dir='ltr'><strong>im</strong></span> <span class='ocrx_word' id='word_1_546' title='bbox 2171 2126 2300 2164; x_wconf 87' lang='lat' dir='ltr'><strong>itidem</strong></span> <span class='ocrx_word' id='word_1_547' title='bbox 2334 2139 2398 2177; x_wconf 91' lang='lat' dir='ltr'><strong>ap-</strong></span> 
     </span>
     <span class='ocr_line' id='line_1_83' title="bbox 1419 2177 2397 2229; baseline 0.003 -14"><span class='ocrx_word' id='word_1_548' title='bbox 1419 2189 1555 2229; x_wconf 84' lang='lat' dir='ltr'><strong>pareat.</strong></span> <span class='ocrx_word' id='word_1_549' title='bbox 1611 2179 1682 2217; x_wconf 84' lang='lat' dir='ltr'><strong>Sed</strong></span> <span class='ocrx_word' id='word_1_550' title='bbox 1711 2181 1749 2216; x_wconf 65' lang='grc' dir='ltr'><strong>ὃς</strong></span> <span class='ocrx_word' id='word_1_551' title='bbox 1774 2179 1863 2215; x_wconf 81' lang='lat' dir='ltr'><strong>liber</strong></span> <span class='ocrx_word' id='word_1_552' title='bbox 1892 2179 1930 2215; x_wconf 89' lang='lat' dir='ltr'><strong>P.</strong></span> <span class='ocrx_word' id='word_1_553' title='bbox 1954 2177 2143 2221; x_wconf 67' lang='lat' dir='ltr'><strong>Danielis,</strong></span> <span class='ocrx_word' id='word_1_554' title='bbox 2178 2185 2218 2215; x_wconf 88' lang='lat' dir='ltr'><strong>ut</strong></span> <span class='ocrx_word' id='word_1_555' title='bbox 2240 2177 2397 2218; x_wconf 88' lang='lat' dir='ltr'><strong>Colerus</strong></span> 
     </span>
     <span class='ocr_line' id='line_1_84' title="bbox 1419 2228 2399 2278; baseline -0.002 -9"><span class='ocrx_word' id='word_1_556' title='bbox 1419 2231 1586 2275; x_wconf 79' lang='lat' dir='ltr'><strong>testatur,</strong></span> <span class='ocrx_word' id='word_1_557' title='bbox 1608 2230 1719 2268; x_wconf 82' lang='lat' dir='ltr'><strong>habet</strong></span> <span class='ocrx_word' id='word_1_558' title='bbox 1732 2231 1851 2276; x_wconf 63' lang='lat' dir='ltr'><strong>frastim</strong></span> <span class='ocrx_word' id='word_1_559' title='bbox 1877 2229 2065 2278; x_wconf 72' lang='lat' dir='ltr'><strong>percussam.</strong></span> <span class='ocrx_word' id='word_1_560' title='bbox 2121 2228 2302 2266; x_wconf 88' lang='lat' dir='ltr'><strong>Ceterum</strong></span> <span class='ocrx_word' id='word_1_561' title='bbox 2323 2241 2399 2278; x_wconf 78' lang='lat' dir='ltr'><strong>per-</strong></span> 
     </span>
     <span class='ocr_line' id='line_1_85' title="bbox 1419 2278 2393 2331; baseline 0.001 -12"><span class='ocrx_word' id='word_1_562' title='bbox 1419 2283 1538 2330; x_wconf 78' lang='lat' dir='ltr'><strong>cuffam</strong></span> <span class='ocrx_word' id='word_1_563' title='bbox 1566 2293 1761 2331; x_wconf 83' lang='lat' dir='ltr'><strong>perperam</strong></span> <span class='ocrx_word' id='word_1_564' title='bbox 1793 2280 1962 2329; x_wconf 70' lang='lat' dir='ltr'><strong>aPighio</strong></span> <span class='ocrx_word' id='word_1_565' title='bbox 1991 2278 2219 2329; x_wconf 61' lang='lat' dir='ltr'><strong>expundlum</strong></span> <span class='ocrx_word' id='word_1_566' title='bbox 2253 2279 2393 2320; x_wconf 89' lang='lat' dir='ltr'><strong>Colero</strong></span> 
     </span>
     <span class='ocr_line' id='line_1_86' title="bbox 1421 2330 2396 2378; baseline -0.002 -6"><span class='ocrx_word' id='word_1_567' title='bbox 1421 2332 1603 2372; x_wconf 84' lang='lat' dir='ltr'><strong>affentior.</strong></span> <span class='ocrx_word' id='word_1_568' title='bbox 1648 2331 1844 2370; x_wconf 87' lang='lat' dir='ltr'><strong>VORST.</strong></span> <span class='ocrx_word' id='word_1_569' title='bbox 1891 2331 2023 2368; x_wconf 71' lang='lat' dir='ltr'><strong>Furtim</strong></span> <span class='ocrx_word' id='word_1_570' title='bbox 2058 2330 2145 2378; x_wconf 87' lang='lat' dir='ltr'><strong>legit</strong></span> <span class='ocrx_word' id='word_1_571' title='bbox 2177 2330 2318 2368; x_wconf 85' lang='lat' dir='ltr'><strong>Gudius</strong></span> <span class='ocrx_word' id='word_1_572' title='bbox 2349 2333 2396 2371; x_wconf 89' lang='lat' dir='ltr'><strong>ad</strong></span> 
     </span>
     <span class='ocr_line' id='line_1_87' title="bbox 1419 2381 2393 2431; baseline -0.002 -8"><span class='ocrx_word' id='word_1_573' title='bbox 1419 2385 1631 2423; x_wconf 83' lang='lat' dir='ltr'><strong>Phaedrum</strong></span> <span class='ocrx_word' id='word_1_574' title='bbox 1662 2385 1707 2421; x_wconf 90' lang='lat' dir='ltr'><strong>L.</strong></span> <span class='ocrx_word' id='word_1_575' title='bbox 1735 2396 1763 2420; x_wconf 91' lang='lat'><strong>1.</strong></span> <span class='ocrx_word' id='word_1_576' title='bbox 1796 2395 1828 2419; x_wconf 86' lang='lat'><strong>2.</strong></span> <span class='ocrx_word' id='word_1_577' title='bbox 1852 2390 2034 2431; x_wconf 80' lang='lat' dir='ltr'><strong>notatque</strong></span> <span class='ocrx_word' id='word_1_578' title='bbox 2062 2381 2190 2418; x_wconf 85' lang='lat' dir='ltr'><strong>locum</strong></span> <span class='ocrx_word' id='word_1_579' title='bbox 2222 2393 2240 2418; x_wconf 87' lang='lat' dir='ltr'><strong>a</strong></span> <span class='ocrx_word' id='word_1_580' title='bbox 2261 2381 2393 2430; x_wconf 87' lang='lat' dir='ltr'><strong>Pighio</strong></span> 
     </span>
     <span class='ocr_line' id='line_1_88' title="bbox 1422 2431 2394 2485; baseline -0.002 -11"><span class='ocrx_word' id='word_1_581' title='bbox 1422 2446 1641 2485; x_wconf 87' lang='lat' dir='ltr'><strong>corruptum</strong></span> <span class='ocrx_word' id='word_1_582' title='bbox 1669 2433 1901 2472; x_wconf 87' lang='lat' dir='ltr'><strong>substituente</strong></span> <span class='ocrx_word' id='word_1_583' title='bbox 1925 2434 2057 2479; x_wconf 76' lang='lat' dir='ltr'><strong>fustim.</strong></span> <span class='ocrx_word' id='word_1_584' title='bbox 2113 2431 2227 2469; x_wconf 89' lang='lat' dir='ltr'><strong>Unde</strong></span> <span class='ocrx_word' id='word_1_585' title='bbox 2246 2433 2394 2482; x_wconf 89' lang='lat' dir='ltr'><strong>colligas</strong></span> 
     </span>
     <span class='ocr_line' id='line_1_89' title="bbox 1422 2481 2394 2534; baseline -0.003 -9"><span class='ocrx_word' id='word_1_586' title='bbox 1422 2488 1559 2525; x_wconf 88' lang='lat' dir='ltr'><strong>merito</strong></span> <span class='ocrx_word' id='word_1_587' title='bbox 1591 2487 1685 2524; x_wconf 86' lang='lat' dir='ltr'><strong>haec</strong></span> <span class='ocrx_word' id='word_1_588' title='bbox 1712 2497 1866 2534; x_wconf 88' lang='lat' dir='ltr'><strong>quoque</strong></span> <span class='ocrx_word' id='word_1_589' title='bbox 1893 2483 1999 2532; x_wconf 75' lang='lat' dir='ltr'><strong>ipsius</strong></span> <span class='ocrx_word' id='word_1_590' title='bbox 2030 2481 2100 2520; x_wconf 82' lang='lat' dir='ltr'><strong>effe</strong></span> <span class='ocrx_word' id='word_1_591' title='bbox 2126 2511 2136 2525; x_wconf 90' lang='lat'>‚</span> <span class='ocrx_word' id='word_1_592' title='bbox 2173 2495 2269 2531; x_wconf 83' lang='lat' dir='ltr'><strong>quae</strong></span> <span class='ocrx_word' id='word_1_593' title='bbox 2297 2486 2394 2522; x_wconf 86' lang='lat' dir='ltr'><strong>inter</strong></span> 
     </span>
     <span class='ocr_line' id='line_1_90' title="bbox 1420 2534 2395 2585; baseline -0.001 -11"><span class='ocrx_word' id='word_1_594' title='bbox 1420 2539 1637 2576; x_wconf 86' lang='lat' dir='ltr'><strong>collationes</strong></span> <span class='ocrx_word' id='word_1_595' title='bbox 1665 2538 1742 2585; x_wconf 88' lang='lat' dir='ltr'><strong>ejus</strong></span> <span class='ocrx_word' id='word_1_596' title='bbox 1772 2536 1949 2583; x_wconf 84' lang='lat' dir='ltr'><strong>adscripta</strong></span> <span class='ocrx_word' id='word_1_597' title='bbox 1978 2534 2209 2581; x_wconf 86' lang='lat' dir='ltr'><strong>reperiuntur</strong></span> <span class='ocrx_word' id='word_1_598' title='bbox 2235 2535 2290 2572; x_wconf 90' lang='lat' dir='ltr'><strong>his</strong></span> <span class='ocrx_word' id='word_1_599' title='bbox 2311 2548 2395 2573; x_wconf 83' lang='lat' dir='ltr'><strong>ver-</strong></span> 
     </span>
     <span class='ocr_line' id='line_1_91' title="bbox 1419 2584 2394 2635; baseline -0.008 -9"><span class='ocrx_word' id='word_1_600' title='bbox 1419 2589 1481 2627; x_wconf 85' lang='lat' dir='ltr'><strong>bis.</strong></span> <span class='ocrx_word' id='word_1_601' title='bbox 1534 2590 1597 2628; x_wconf 91' lang='lat' dir='ltr'><strong>An</strong></span> <span class='ocrx_word' id='word_1_602' title='bbox 1629 2586 1899 2635; x_wconf 85' lang='lat' dir='ltr'><strong>distingendum</strong></span> <span class='ocrx_word' id='word_1_603' title='bbox 1936 2584 2242 2633; x_wconf 83' lang='lat' dir='ltr'><strong>legendumque,</strong></span> <span class='ocrx_word' id='word_1_604' title='bbox 2297 2586 2394 2634; x_wconf 74' lang='lat' dir='ltr'><strong>Qod</strong></span> 
     </span>
     <span class='ocr_line' id='line_1_92' title="bbox 1420 2635 2393 2687; baseline -0.001 -12"><span class='ocrx_word' id='word_1_605' title='bbox 1420 2637 1536 2677; x_wconf 66' lang='lat' dir='ltr'><strong>&#39;viritim</strong></span> <span class='ocrx_word' id='word_1_606' title='bbox 1573 2640 1699 2687; x_wconf 78' lang='lat' dir='ltr'><strong>bibisset</strong></span> <span class='ocrx_word' id='word_1_607' title='bbox 1733 2640 1868 2685; x_wconf 82' lang='lat' dir='ltr'><strong>furtim.</strong></span> <span class='ocrx_word' id='word_1_608' title='bbox 1912 2637 1958 2682; x_wconf 83' lang='lat' dir='ltr'><strong>(i.</strong></span> <span class='ocrx_word' id='word_1_609' title='bbox 1996 2646 2028 2672; x_wconf 84' lang='lat' dir='ltr'><strong>e.</strong></span> <span class='ocrx_word' id='word_1_610' title='bbox 2060 2635 2181 2684; x_wconf 76' lang='lat' dir='ltr'><strong>clam)</strong></span> <span class='ocrx_word' id='word_1_611' title='bbox 2214 2637 2393 2686; x_wconf 57' lang='lat' dir='ltr'><strong>percuffirm</strong></span> 
     </span>
     <span class='ocr_line' id='line_1_93' title="bbox 1420 2686 2395 2736; baseline 0 -11"><span class='ocrx_word' id='word_1_612' title='bbox 1420 2691 1600 2730; x_wconf 70' lang='lat' dir='ltr'><strong>interemit.</strong></span> <span class='ocrx_word' id='word_1_613' title='bbox 1633 2691 1709 2727; x_wconf 80' lang='lat' dir='ltr'><strong>Vix</strong></span> <span class='ocrx_word' id='word_1_614' title='bbox 1726 2689 1803 2726; x_wconf 91' lang='lat' dir='ltr'><strong>hoc</strong></span> <span class='ocrx_word' id='word_1_615' title='bbox 1822 2689 1911 2726; x_wconf 94' lang='lat' dir='ltr'><strong>loco</strong></span> <span class='ocrx_word' id='word_1_616' title='bbox 1930 2686 2072 2736; x_wconf 79' lang='lat' dir='ltr'><strong>placet,</strong></span> <span class='ocrx_word' id='word_1_617' title='bbox 2100 2686 2202 2735; x_wconf 90' lang='lat' dir='ltr'><strong>quod</strong></span> <span class='ocrx_word' id='word_1_618' title='bbox 2225 2699 2292 2735; x_wconf 90' lang='lat' dir='ltr'><strong>pro</strong></span> <span class='ocrx_word' id='word_1_619' title='bbox 2312 2688 2395 2725; x_wconf 86' lang='lat' dir='ltr'><strong>the-</strong></span> 
     </span>
     <span class='ocr_line' id='line_1_94' title="bbox 1421 2738 2391 2789; baseline 0 -12"><span class='ocrx_word' id='word_1_620' title='bbox 1421 2742 1524 2781; x_wconf 79' lang='lat' dir='ltr'><strong>sauro</strong></span> <span class='ocrx_word' id='word_1_621' title='bbox 1546 2743 1640 2780; x_wconf 86' lang='lat' dir='ltr'><strong>eruit</strong></span> <span class='ocrx_word' id='word_1_622' title='bbox 1655 2740 1803 2789; x_wconf 86' lang='lat' dir='ltr'><strong>Pighius</strong></span> <span class='ocrx_word' id='word_1_623' title='bbox 1817 2769 1826 2784; x_wconf 91' lang='lat'>‚</span> <span class='ocrx_word' id='word_1_624' title='bbox 1842 2738 1971 2788; x_wconf 75' lang='lat' dir='ltr'><strong>fustim.</strong></span> <span class='ocrx_word' id='word_1_625' title='bbox 2018 2738 2162 2785; x_wconf 83' lang='lat' dir='ltr'><strong>Pugnat</strong></span> <span class='ocrx_word' id='word_1_626' title='bbox 2182 2749 2249 2786; x_wconf 85' lang='lat' dir='ltr'><strong>pro</strong></span> <span class='ocrx_word' id='word_1_627' title='bbox 2271 2738 2391 2778; x_wconf 77' lang='lat' dir='ltr'><strong>nostra</strong></span> 
     </span>
     <span class='ocr_line' id='line_1_95' title="bbox 1421 2788 2389 2842; baseline -0.002 -15"><span class='ocrx_word' id='word_1_628' title='bbox 1421 2790 1583 2830; x_wconf 73' lang='lat' dir='ltr'><strong>lectione</strong></span> <span class='ocrx_word' id='word_1_629' title='bbox 1605 2794 1678 2842; x_wconf 85' lang='lat' dir='ltr'><strong>ipse</strong></span> <span class='ocrx_word' id='word_1_630' title='bbox 1699 2791 1870 2829; x_wconf 86' lang='lat' dir='ltr'><strong>Valerius</strong></span> <span class='ocrx_word' id='word_1_631' title='bbox 1883 2820 1894 2834; x_wconf 96' lang='lat'>,</span> <span class='ocrx_word' id='word_1_632' title='bbox 1914 2790 2002 2827; x_wconf 87' lang='lat' dir='ltr'><strong>dum</strong></span> <span class='ocrx_word' id='word_1_633' title='bbox 2025 2788 2184 2838; x_wconf 86' lang='lat' dir='ltr'><strong>probato</strong></span> <span class='ocrx_word' id='word_1_634' title='bbox 2203 2789 2271 2826; x_wconf 72' lang='lat' dir='ltr'><strong>viri</strong></span> <span class='ocrx_word' id='word_1_635' title='bbox 2290 2789 2389 2826; x_wconf 64' lang='lat' dir='ltr'><strong>facio</strong></span> 
     </span>
     <span class='ocr_line' id='line_1_96' title="bbox 1424 2839 2391 2888; baseline -0.003 -10"><span class='ocrx_word' id='word_1_636' title='bbox 1424 2843 1606 2881; x_wconf 84' lang='lat' dir='ltr'><strong>feminam</strong></span> <span class='ocrx_word' id='word_1_637' title='bbox 1642 2844 1803 2882; x_wconf 80' lang='lat' dir='ltr'><strong>violatae</strong></span> <span class='ocrx_word' id='word_1_638' title='bbox 1834 2841 2035 2880; x_wconf 87' lang='lat' dir='ltr'><strong>sobrietatis</strong></span> <span class='ocrx_word' id='word_1_639' title='bbox 2071 2839 2199 2888; x_wconf 87' lang='lat' dir='ltr'><strong>arguit.</strong></span> <span class='ocrx_word' id='word_1_640' title='bbox 2249 2839 2391 2887; x_wconf 86' lang='lat' dir='ltr'><strong>Pugnat</strong></span> 
     </span>
     <span class='ocr_line' id='line_1_97' title="bbox 1424 2889 2389 2943; baseline -0.004 -13"><span class='ocrx_word' id='word_1_641' title='bbox 1424 2894 1559 2931; x_wconf 64' lang='lat' dir='ltr'><strong>Plinius</strong></span> <span class='ocrx_word' id='word_1_642' title='bbox 1574 2923 1583 2937; x_wconf 90' lang='lat'>‚</span> <span class='ocrx_word' id='word_1_643' title='bbox 1603 2896 1665 2943; x_wconf 78' lang='lat' dir='ltr'><strong>qui</strong></span> <span class='ocrx_word' id='word_1_644' title='bbox 1687 2895 1826 2937; x_wconf 74' lang='lat' dir='ltr'><strong>scribit,</strong></span> <span class='ocrx_word' id='word_1_645' title='bbox 1852 2894 1979 2930; x_wconf 73' lang='lat' dir='ltr'><strong>Vinum</strong></span> <span class='ocrx_word' id='word_1_646' title='bbox 2000 2890 2112 2939; x_wconf 75' lang='lat' dir='ltr'><strong>bibiJJe</strong></span> <span class='ocrx_word' id='word_1_647' title='bbox 2132 2905 2148 2925; x_wconf 85' lang='lat' dir='ltr'><strong>e</strong></span> <span class='ocrx_word' id='word_1_648' title='bbox 2165 2889 2263 2926; x_wconf 88' lang='lat' dir='ltr'><strong>dolio.</strong></span> <span class='ocrx_word' id='word_1_649' title='bbox 2287 2889 2389 2936; x_wconf 85' lang='lat' dir='ltr'><strong>Quid</strong></span> 
     </span>
     <span class='ocr_line' id='line_1_98' title="bbox 1425 2939 2390 2995; baseline -0.004 -13"><span class='ocrx_word' id='word_1_650' title='bbox 1425 2945 1500 2982; x_wconf 85' lang='lat' dir='ltr'><strong>hoc</strong></span> <span class='ocrx_word' id='word_1_651' title='bbox 1529 2945 1627 2982; x_wconf 82' lang='lat' dir='ltr'><strong>aliud</strong></span> <span class='ocrx_word' id='word_1_652' title='bbox 1657 2946 1701 2982; x_wconf 84' lang='lat' dir='ltr'><strong>est</strong></span> <span class='ocrx_word' id='word_1_653' title='bbox 1724 2974 1734 2990; x_wconf 90' lang='lat'>‚</span> <span class='ocrx_word' id='word_1_654' title='bbox 1772 2957 1885 2995; x_wconf 86' lang='lat' dir='ltr'><strong>quam</strong></span> <span class='ocrx_word' id='word_1_655' title='bbox 1910 2941 2071 2991; x_wconf 80' lang='lat' dir='ltr'><strong>furtim?</strong></span> <span class='ocrx_word' id='word_1_656' title='bbox 2117 2942 2205 2978; x_wconf 87' lang='lat' dir='ltr'><strong>Huc</strong></span> <span class='ocrx_word' id='word_1_657' title='bbox 2233 2939 2390 2985; x_wconf 89' lang='lat' dir='ltr'><strong>pertinet</strong></span> 
     </span>
    </p>
   </div>
   <div class='ocr_carea' id='block_1_10' title="bbox 1429 2988 2398 3081">
    <p class='ocr_par' dir='ltr' id='par_1_10' title="bbox 1429 2988 2398 3081">
     <span class='ocr_line' id='line_1_99' title="bbox 1429 2988 2390 3081; baseline -0.011 -46"><span class='ocrx_word' id='word_1_658' title='bbox 1429 2995 1589 3034; x_wconf 87' lang='lat' dir='ltr'><strong>Oliverii</strong></span> <span class='ocrx_word' id='word_1_659' title='bbox 1616 3005 1705 3035; x_wconf 79' lang='lat' dir='ltr'><strong>nota</strong></span> <span class='ocrx_word' id='word_1_660' title='bbox 1734 2996 1781 3035; x_wconf 90' lang='lat' dir='ltr'><strong>ad</strong></span> <span class='ocrx_word' id='word_1_661' title='bbox 1813 2996 1914 3034; x_wconf 89' lang='lat' dir='ltr'><strong>hunc</strong></span> <span class='ocrx_word' id='word_1_662' title='bbox 1943 2994 2084 3033; x_wconf 89' lang='lat' dir='ltr'><strong>locum.</strong></span> <span class='ocrx_word' id='word_1_663' title='bbox 2109 2991 2158 3029; x_wconf 91' lang='lat' dir='ltr'><strong>A.</strong></span> <span class='ocrx_word' id='word_1_664' title='bbox 2183 2988 2390 3081; x_wconf 38' lang='lat' dir='ltr'><strong>Geniissocisi</strong></span> 
     </span>
     <span class='ocr_line' id='line_1_100' title="bbox 2387 3061 2398 3081; baseline 0 0"><span class='ocrx_word' id='word_1_665' title='bbox 2387 3061 2398 3081; x_wconf 69' lang='grc' dir='ltr'><strong>ι</strong></span> 
     </span>
    </p>
   </div>
  </div>
 </body>
</html>
