2516 3509
97 252 317 305 'magnam
337 236 402 284 illi
421 235 662 301 pecuniam
682 235 814 294 dare,
849 251 958 281 cum
978 234 1163 282 onustus
1189 234 1352 282 nefaria
1378 234 1540 298 praeda
1571 236 1829 301 navigaret,
1863 239 1909 286 vi
1934 237 2104 288 subitae
2203 244 2236 277 τί

110 314 383 379 tempestatis
401 325 500 360 tota
520 328 628 359 cum
647 311 776 358 classe
795 311 954 357 vicinis
977 311 1103 358 Deae
1119 310 1349 358 littoribus
1368 309 1501 357 illisus
1530 311 1617 358 est:
1654 314 1701 360 in
1729 315 1892 377 quibus
1915 289 2279 382 pecuniassss'g'f'xfffv'.

73 388 79 396 ¹
107 395 350 445 incolumis
372 405 548 457 reperta
586 399 624 428 30
645 390 896 439 sanetiffimi
916 389 1107 438 thesauri
1131 390 1360 439 custodiae
1381 389 1586 437 restituta
1606 391 1683 437 est.
2119 380 2213 404 '‘⁸¹³‘'
2233 376 2283 400 η’

172 473 238 519 At
260 487 353 517 non
372 469 575 518 similiter
612 476 649 506 3¹
674 468 903 516 Masinissa
920 484 1014 516 rex.
1083 469 1230 532 Cujus
1267 476 1309 506 32
1334 484 1443 515 cum
1466 467 1715 531 praefectus
1733 470 1870 520 claffis
1890 477 2103 526 Melitam
2206 517 2238 537 2,

109 550 371 617 appufiffet,
414 556 456 587 33
483 548 531 595 ἃ
558 564 700 611 aeque
717 564 774 594 ex
802 546 906 593 fano
919 547 1112 608 Junonis
1134 545 1288 591 dentes
1313 543 1533 606 eburneos
1560 543 1750 589 eximiae
1780 549 2104 609 magnitudinis
2120 549 2265 626 52:0³2*

107 628 330 686 sublat03‚
365 625 421 672 ad
440 642 545 672 eum
567 642 651 689 pro
670 625 793 672 dono
818 624 1058 681 attulisset,
1091 634 1145 667 ut
1167 620 1395 684 comperit
1422 618 1544 666 unde
1568 619 1744 668 adveEti
1772 621 1937 683 essent,
1975 629 2106 689 quin.
2124 613 2145 617 Ἀ
2201 613 2209 623 ”
2263 610 2276 621 ⁴

108 707 309 771 queremi
327 704 621 768 reportandos
641 704 881 762 Melitam,
916 702 1052 765 inque
1073 698 1249 764 templo
1266 696 1459 759 Junonis
1482 696 1774 744 collocandos
1802 700 1978 746 curavit
1992 734 2007 758 ,
2043 702 2110 748 in-

107 785 306 850 sculptos
328 782 475 847 gentis
495 780 593 827 suae
612 779 777 838 literis,
814 774 1175 842 significantibus
1211 789 1344 836 regem
1369 775 1622 834 ignorantem
1643 789 1705 819 eos
1739 779 1782 809 34
1807 775 2027 834 accepiffim
2061 777 2117 821 li-

106 868 246 913 benter
275 865 398 912 Deae
422 860 585 906 reddidi
621 875 657 904 e.
729 865 768 895 35
790 858 827 902 F
830 856 983 902 astum
1012 853 1269 900 Masinissae
1297 853 1477 909 animo,
1525 868 1662 914 quam
1692 854 1869 900 Punico
1912 852 2115 919 sanguini

109 945 393 992 conveniens.
429 953 685 1000 quanquam
722 934 760 968 ³⁶
781 931 893 995 quid
919 932 1083 977 attinet
1109 944 1256 976 mores
1286 930 1470 976 natione
1496 930 1744 994 perpendi?
1780 933 1828 980 in
1848 934 1994 981 media
2013 935 2114 983 bar-

110 1024 233 1071 baria
255 1032 379 1068 ortus
397 1014 681 1076 sacrilegium
700 1008 880 1057 rescidit
901 1008 1112 1056 alienum.

2119 413 2212 450 Lacr.
2228 422 2240 443 1
2249 420 2275 443 ι.
2287 419 2319 448 τ’.

101 1232 227 1282 [αιινιις
255 1227 316 1265 hic
342 1225 489 1264 videtur
509 1222 580 1262 esse
605 1221 678 1272 ipse
698 1220 831 1265 locus,
866 1221 904 1257 in
931 1232 1008 1270 quo
1037 1219 1090 1256 as-

110 1283 298 1319 servantur
332 1276 498 1327 pretiosa.
560 1275 644 1312 Nec
670 1274 808 1310 mirum
844 1271 934 1309 illud
952 1286 962 1314 ;
1001 1282 1088 1308 cum

111 1331 270 1369 eandem
298 1341 436 1366 vocem
464 1326 625 1365 &latius
650 1325 860 1373 usurpatam
888 1322 1090 1361 videamus.

112 1382 290 1432 Virgilius
321 1393 376 1418 1v.
406 1380 546 1427 Georg.

160 1444 336 1497 Siquando
354 1443 466 1493 sedem
492 1445 667 1495 augustam
682 1470 692 1485 ‚
707 1443 913 1492 servataque
931 1441 1054 1483 mella,

161 1497 345 1548 Thesauris
363 1497 494 1532 retines.

119 1563 198 1602 Ubi
223 1564 296 1612 ipsa
323 1573 433 1611 apum
463 1559 621 1597 alvearia
647 1558 816 1606 thesauros
834 1563 948 1595 vocat
975 1559 1100 1604 poeta.

121 1616 245 1653 Etiam
265 1622 412 1651 antrum
427 1640 437 1655 ,
465 1622 646 1653 caverna,
674 1611 712 1647 &
740 1620 875 1646 cavum
895 1606 1103 1657 quodlibet,

117 1666 291 1716 thesaurus
319 1663 532 1713 appellatur.
593 1660 665 1698 Sed
682 1661 721 1698 &
746 1658 811 1708 ipfi
831 1658 965 1696 Graeci
990 1669 1098 1707 quas-

116 1717 172 1754 vis
198 1713 361 1756 a'mon'nou
391 1715 429 1751 &
456 1711 665 1750 conditoria
697 1710 866 1760 Sne-avg&
904 1709 1098 1757 appellant.

118 1767 218 1805 Vide
240 1765 434 1803 &Gifanii
455 1763 542 1801 Obs.
565 1764 611 1800 L.
632 1763 676 1799 L.
695 1762 733 1799 &
754 1760 931 1798 Grotium
958 1760 996 1797 in
1016 1760 1097 1797 No-

117 1819 162 1858 tis
181 1817 228 1855 ad
247 1828 324 1865 cap.
337 1829 370 1853 2.
389 1815 527 1853 Matth.
556 1812 753 1852 VORST.

170 1881 229 1920 31.
265 1866 450 1915 [Masinissa
482 1877 542 1902 rex
582 1861 836 1912 Numidarum]
871 1861 1098 1900 Numidarum

121 1932 200 1959 non
226 1918 380 1957 habetur
406 1919 444 1955 in
471 1916 744 1965 manuscriptis,
770 1926 841 1952 nec
867 1915 959 1952 item
978 1914 1015 1951 in
1035 1914 1099 1951 Ci-

123 1978 273 2010 ce‘rone.
294 1972 535 2018 Quapropter
555 1967 575 2005 ὲ
594 1967 737 2005 scholiis
754 1963 927 2014 irrepfiffe
951 1966 989 2002 in
1007 1976 1100 2003 con-

119 2031 266 2060 textum
294 2020 435 2058 Valerii
462 2019 631 2068 suspicor.
655 2018 796 2055 PIGH.
847 2017 993 2066 Pighius
1020 2028 1101 2054 ma-

120 2073 188 2110 luit
213 2072 422 2120 Maffanisa.
472 2071 618 2108 Verum
654 2068 880 2118 antiquiores
914 2068 1011 2117 typis
1038 2080 1103 2105 ex-

120 2123 228 2172 preffi
246 2124 284 2160 &
303 2123 410 2160 MSS.
436 2121 567 2160 Brand.
586 2121 723 2159 habent
741 2118 941 2168 Mafiniffa.
971 2121 1101 2168 Quam

123 2173 364 2221 scriptionem
392 2175 430 2211 ὃς
456 2174 496 2210 in
522 2172 694 2210 omnibus
722 2170 830 2209 MSS.
861 2170 962 2208 Livii
980 2170 1015 2208 se
1035 2170 1102 2208 ob-

122 2221 278 2262 servasse
304 2223 414 2260 literis
440 2224 487 2261 ad
514 2235 576 2260 me
612 2223 758 2260 testatus
795 2222 843 2259 est
871 2222 1099 2259 Gronovius.

125 2274 242 2312 Aldus
262 2272 425 2310 ediderat
451 2272 632 2320 Mafiniffa
651 2287 711 2309 rex
732 2271 968 2308 Numidarum.
1031 2272 1103 2308 Sed

126 2336 263 2363 vocem
279 2323 501 2372 postremam
526 2323 624 2358 reete
645 2321 976 2368 expunxitPighius
988 2348 997 2363 ‚
1011 2332 1099 2356 cum

127 2378 166 2414 in
186 2375 293 2413 MSS.
315 2385 397 2410 eam
425 2384 502 2409 non
521 2372 705 2419 reperiret.
757 2369 868 2406 Abest
893 2369 1026 2406 eadem
1055 2369 1100 2406 ab

119 2435 285 2475 utroque
304 2425 415 2462 etiam
435 2422 517 2460 cod.
534 2421 666 2459 Brand.
717 2418 877 2456 Videtur
896 2427 1028 2458 autem
1056 2431 1101 2457 ex

124 2478 268 2516 scholiis
288 2472 460 2524 irrepfiffe
486 2474 524 2511 in
549 2480 706 2510 textum.
733 2470 928 2509 VORST.
978 2470 1103 2509 Plures

118 2529 147 2567 -ὲ
174 2528 301 2565 nostris
325 2526 462 2563 habent
488 2523 692 2571 Maffiniffiz.

176 2592 234 2628 32.
262 2581 347 2615 Cum
371 2576 556 2626 praefet‘ius
581 2572 682 2621 claffis
707 2574 876 2610 Melitam
902 2571 1095 2624 appuliffet]

125 2628 337 2668 Praefectus
356 2627 466 2665 claffis
483 2625 581 2663 recte
600 2625 730 2662 dicitur
745 2625 920 2673 appellere.
962 2624 1016 2662 At
1031 2636 1098 2662 na-

125 2682 179 2720 vis
193 2710 203 2726 ,
231 2682 269 2718 &
288 2678 419 2722 claffis,
445 2690 524 2715 non
536 2678 724 2727 appellere,
746 2674 808 2712 sed
825 2676 952 2725 appelli
973 2675 1099 2714 dicen-

120 2733 175 2770 ·da
203 2731 263 2768 est.
314 2730 413 2767 Vide
429 2729 491 2766 lib.
511 2728 557 2766 de
578 2727 728 2764 Latinit.
749 2738 839 2765 mer.
856 2726 943 2775 susp.
962 2739 997 2776 p.
1019 2739 1099 2777 143.

123 2785 169 2821 ἃ
184 2782 282 2832 seqq.
310 2780 505 2818 VORST.
557 2778 611 2816 lta
628 2785 755 2816 tamen
778 2777 923 2816 locutus
950 2778 999 2815 est
1015 2778 1099 2816 Val.

123 2833 225 2871 Flac.
244 2833 289 2870 L.
306 2845 369 2870 ῑι.
388 2842 471 2880 445.

174 2897 328 2990 Zeffizlla
347 2895 538 2936 Dardaniis
562 2905 632 2933 tum
649 2895 793 2944 primum
807 2895 930 2948 puppis
947 2895 1060 2937 arenis

228 2960 293 2998 ppu
311 2959 350 2987 rt.

134 3015 213 3054 Ubi
239 3015 324 3056 vide
352 3015 408 3057 Cl.
433 3016 702 3059 Burmannum.

1918 1097 1939 1127 3
1949 1097 1965 1125 7
1988 1091 2117 1155 syra*

1191 1229 1250 1268 33.
1279 1218 1372 1267 Eque
1392 1214 1502 1265 fano]
1538 1217 1620 1255 MS.
1650 1221 1694 1254 Et
1722 1232 1802 1269 eque
1828 1219 1977 1266 exfano.
2022 1220 2119 1259 ‘Hoc

1140 1267 1384 1313 est‚1imiliter
1401 1281 1445 1305 ex
1463 1269 1564 1305 fano.
1592 1269 1742 1317 Nempe
1763 1279 1802 1307 ut
1819 1271 1990 1319 Pyrrhus.
2019 1272 2120 1310 Cum

1139 1319 1190 1356 ita
1209 1318 1268 1357 alii
1285 1331 1439 1369 quoque
1463 1319 1584 1356 Codd.
1601 1320 1906 1365 habeanr‚credo
1926 1323 1975 1359 ita
1990 1321 2120 1370 legen-

1145 1369 1235 1408 dum
1248 1399 1258 1414 ,
1284 1370 1370 1407 licet
1392 1371 1490 1409 forte
1508 1369 1529 1407 a
1548 1370 1702 1408 Valerio
1728 1383 1807 1408 non
1825 1371 1867 1408 fit
1895 1372 2124 1420 profectuim

1146 1420 1276 1459 dubito
1294 1421 1394 1459 enim
1408 1449 1417 1465 ,
1438 1433 1484 1458 an
1502 1432 1581 1458 non
1603 1421 1776 1472 pleraque
1796 1421 1863 1459 fint
1882 1422 1974 1460 haec
1993 1423 2126 1471 Epito-

1149 1473 1313 1510 matoris.
1350 1472 1408 1510 Sic
1426 1472 1524 1521 apud
1541 1472 1711 1510 Macrob.
1731 1473 1775 1510 L.
1800 1485 1855 1511 11.
1876 1473 1919 1511 C.
1938 1486 1973 1520 4.
1992 1475 2128 1516 Eosdem

1150 1537 1256 1574 aeque
1273 1525 1361 1560 inter
1384 1538 1514 1560 coenam
1542 1526 1727 1573 requirenti
1745 1527 1903 1572 Caesariz
1944 1526 1983 1562 ὃ(
2010 1525 2132 1563 noster

1155 1575 1200 1612 L.
1217 1574 1291 1612 1.8.
1308 1586 1362 1612 12.
1388 1574 1631 1613 PERIZON.
1682 1574 1742 1612 Sic
1759 1574 1899 1612 sanein
1924 1574 2131 1624 septemde-

1153 1626 1227 1663 cim
1249 1625 1371 1663 Codd.
1388 1626 1562 1674 scriptum
1581 1626 1751 1674 reperio,
1778 1625 1836 1663 ve]
1863 1634 1910 1662 (J
1928 1640 2032 1676 aeque
2060 1627 2132 1672 Ju-

1147 1679 1248 1713 nonis
1266 1691 1308 1712 ex
1318 1679 1416 1722 fano.
1453 1688 1567 1726 quare
1584 1688 1821 1726 nequaquam
1839 1676 2004 1714 dubitem
2024 1677 2131 1726 ipfius

1150 1725 1223 1765 effe
1241 1727 1439 1771 Auctoris,
1465 1739 1580 1777 quem
1610 1726 1746 1771 video,
1772 1727 1840 1765 isto
1868 1728 2046 1766 adverbio
2068 1728 2132 1767 de—

1150 1778 1286 1816 lectari.
1340 1778 1398 1815 Sic
1416 1779 1460 1815 L.
1486 1791 1516 1816 1.
1539 1792 1570 1827 ς.
1589 1790 1621 1815 2.
1648 1781 1884 1828 essequeenim
1913 1780 2054 1816 ‘virtutis
2073 1784 2133 1824 esff.

1152 1829 1409 1867 L.111.2.Ext.
1423 1829 1458 1867 8.
1476 1833 1602 1866 Verum
1621 1840 1659 1865 ut
1680 1844 1783 1880 aeque
1804 1833 2046 1880 Pop.Romano
2067 1833 2134 1868 ini-

1152 1884 1254 1917 micae
1271 1880 1361 1917 urbis
1387 1879 1551 1917 excidium
1578 1883 1732 1927 referam.
1773 1880 1830 1917 Sic
1850 1881 1895 1918 L.
1915 1893 1984 1919 VII
1997 1895 2026 1919 1.
2051 1895 2080 1920 1.
2100 1896 2135 1930 4.

1149 1932 1258 1970 absol.
1287 1931 1392 1982 qutte
1415 1934 1569 1981 proximo
1589 1933 1738 1981 exemplo
1759 1945 1864 1982 aeque
1880 1943 1986 1980 patet.
2017 1933 2129 1971 Adde

1153 1983 1947 2033 L.111.2.Ext.9.L.111.7.8.L.1v.1.9.
1962 1984 2007 2021 L.
2024 1996 2079 2022 1v.
2095 1997 2129 2035 3.

1151 2035 1237 2074 Ext.
1259 2047 1292 2085 3.
1314 2035 1491 2072 L.v111.
1517 2047 1571 2083 15.
1593 2034 1670 2072 init.

1204 2098 1261 2136 34.
1290 2085 1470 2135 Accepisse
1490 2094 1535 2121 (9⁴
1554 2085 1694 2122 libenter
1712 2087 1803 2122 Deae
1820 2084 2010 2134 reddidisse]
2040 2086 2130 2124 Par-

1152 2137 1305 2175 ticulam
1329 2136 1579 2186 copulativam
1600 2148 1686 2174 cum
1706 2135 1871 2174 delerent
1881 2148 2013 2174 omnes
2023 2138 2132 2182 MSS.

1155 2200 1242 2226 cum
1264 2187 1369 2225 editis
1389 2196 1474 2225 ante
1492 2188 1662 2236 Pighium
1676 2216 1686 2232 ,
1714 2188 1778 2236 qui
1804 2187 1919 2225 multa
1948 2189 2131 2233 mutavit,

1151 2251 1315 2288 quorum
1343 2239 1483 2276 nullam
1510 2238 1668 2276 reddidit
1694 2238 1902 2282 rationem,
1937 2238 1984 2276 ad
2009 2241 2129 2277 vitan-

1151 2290 1242 2325 dum
1259 2289 1393 2325 scilicet
1411 2288 1579 2326 Leitoris
1607 2288 1789 2326 fastidium
1802 2317 1812 2332 ‚
1841 2291 1879 2326 &
1898 2300 1984 2325 cum
2003 2290 2130 2328 videa-

1151 2345 1210 2374 tur
1229 2338 1305 2375 hoc
1320 2337 1419 2374 haud
1438 2338 1549 2386 paulo
1577 2339 1860 2378 convenientius
1889 2339 2127 2389 inscriptioni,

1153 2399 1237 2426 eam
1258 2384 1382 2426 denuo
1401 2388 1657 2438 expellendam
1676 2389 1774 2427 duxi.

1206 2465 1265 2503 3¹5.
1292 2453 1426 2489 Fabium
1439 2453 1637 2501 Mafiniffize
1654 2456 1787 2498 animo,
1807 2456 1920 2506 ‘magis
1939 2470 2039 2506 quam
2059 2457 2130 2492 Pu-

1153 2504 1224 2540 nico
1251 2505 1414 2552 sanguini
1447 2504 1665 2553 conveniens}
1704 2506 1910 2555 Campense
1938 2507 2123 2554 exemplar

1147 2554 1371 2603 Maffaniffae
1384 2556 1462 2604 plus
1479 2557 1612 2599 animo,
1631 2571 1733 2607 quam
1744 2559 1864 2594 Punico
1875 2560 2037 2608 sanguini
2053 2571 2128 2592 con-

1147 2609 1294 2643 veniens.
1331 2605 1448 2643 Recf'te
1469 2614 1598 2644 trunca
1616 2606 1799 2657 suppletur
1827 2609 1956 2646 oratio.
1982 2607 2125 2645 PIGH.

1148 2657 1287 2694 Facslum
1309 2656 1512 2704 Mafiniffae
1527 2660 1602 2707 plus
1627 2661 1760 2702 animo,
1783 2673 1883 2709 quam
1907 2659 2030 2694 Punico
2044 2660 2128 2703 san-

1146 2709 1249 2760 guini
1266 2709 1470 2759 couveniens.
1495 2708 1549 2746 Ita
1569 2717 1609 2747 tu
1633 2709 1652 2748 ὲ
1672 2708 1878 2757 Campenfi.
1930 2707 2007 2745 Alii
2024 2708 2126 2753 libri,

1152 2758 1355 2807 Mafiniffize
1374 2760 1509 2802 animo,
1527 2763 1636 2812 magis
1653 2775 1765 2810 quam.
1821 2759 1903 2807 Ego
1925 2767 2127 2808 utrumque

1153 2810 1470 2860 adjeetamentum
1497 2811 1673 2855 arbitror,
1701 2812 1739 2847 &
1758 2821 1888 2847 verum
1917 2808 2009 2854 effe,
2037 2813 2131 2846 Ma-

1148 2861 1286 2909 finiffize
1312 2863 1445 2905 anima,
1471 2874 1572 2910 quam
1600 2862 1734 2898 Punico.
1766 2860 1965 2910 quomodo
1991 2861 2032 2897 '&
2049 2860 2131 2898 libri

1158 2913 1235 2949 mei
1260 2911 1426 2950 scribunt.
1479 2911 1580 2949 Sileri
1600 2913 1637 2950 ὃ(
1657 2910 1809 2960 intelligi
1837 2911 1945 2954 illud,
1980 2912 2132 2961 Magis,

1161 2962 1330 3001 crebrum
1351 2964 1389 3000 δε
1406 2961 1603 3011 pulchrum
1623 2964 1660 3000 in
1681 2964 1850 3000 oratione
1867 2961 2021 2998 Latinis.
2056 2962 2133 2999 Ex-

1163 3013 1285 3064 empla
1306 3013 1398 3052 inihi
1419 3012 1465 3053 ad
1485 3014 1523 3055 T
1527 3015 1663 3054 acitum
1687 3014 1882 3052 cumulata.
1909 3012 2030 3051 LIPS.
2065 3014 2135 3049 Sci-

1725 3065 1758 3102 ,Ε
2016 3063 2139 3114 pionis„
