2387 3421
323 119 1064 203 DEDICATIONES
1119 116 1234 172 ET
1290 107 2008 169 PRAEFATIONES.

62 273 183 320 tem,
218 261 298 309 nifi
331 275 399 319 te,
434 259 479 303 in
512 268 604 316 quo
639 259 790 295 tantae
822 241 1056 290 suavitates
1091 233 1260 301 ingenii
1294 230 1421 287 sunt,
1461 226 1756 274 vehementer
1790 222 2004 286 diligam,
2038 222 2087 270 ὃς
2120 221 2270 270 obser.

65 343 194 374 vem;
233 341 375 386 neque
409 323 545 367 vitam
581 314 680 361 satis
709 307 995 376 jucundam,
1025 315 1103 349 aut
1137 309 1313 346 1uavem
1350 295 1542 364 dueam,
1579 288 1691 347 nifi,
1725 304 1859 351 quam
1896 287 2016 334 ῑεᾶε
2048 289 2271 336 animatus

65 406 168 452 erga
204 406 248 436 te
285 389 389 444 iim,
423 399 513 429 non
550 377 763 445 praesenti
798 374 941 420 solum
977 367 1140 424 aetati,
1175 377 1330 410 verum
1367 371 1501 427 etiam
1539 354 1791 418 posteritati
1814 352 2046 399 candidius
2069 352 2272 399 aestima-

68 466 194 499 tume
229 454 271 498 id
308 448 511 514 probem.
580 444 690 503 Qia
723 455 875 487 tamen
910 438 957 482 in
992 445 1118 496 parte
1153 442 1205 475 ut
1249 425 1332 472 tibi
1369 420 1662 468 latisfacerem
1685 452 1700 478 ,
1744 417 1957 465 hastenus
1993 416 2143 463 nescio
2178 433 2272 480 quo

67 533 169 564 meo
205 518 295 563 fato
331 530 423 560 non
458 511 613 558 licuit:
652 504 921 554 memoriam
957 498 1141 563 quidem
1178 504 1328 548 certe,
1365 500 1499 548 atque
1534 485 1773 543 animum,
1821 498 1956 546 quem
1990 481 2156 542 debui,
2191 498 2273 528 cu·

67 583 234 628 mulate
267 579 479 643 praestiti.
553 576 724 636 Neque
759 586 866 617 vero
903 579 1024 612 nunc
1062 561 1162 606 ideo
1199 558 1313 603 hanc
1350 554 1547 598 nostram
1571 551 1629 621 ⁷in
1658 549 1894 595 Valerium
1930 565 2116 612 operam
2151 546 2276 594 dica-

68 660 157 692 tam
193 646 279 693 tibi
314 645 466 697 volui,
502 658 594 703 quo
633 654 704 684 me
739 634 965 682 crederem
988 663 1003 688 ,
1048 621 1269 688 quidquid
1304 633 1459 666 tecum
1495 630 1603 661 aeris
1637 613 1767 659 alieni
1803 615 2149 672 contraximus,
2192 613 2276 659 hac

69 712 242 758 ratione
276 710 399 773 posse
433 707 687 752 diflblvere:
725 700 795 745 sed
830 711 882 742 ut
917 709 1001 751 tu,
1036 705 1143 736 cum
1178 702 1251 732 me
1275 697 1462 730 tuorum
1499 681 1545 725 in
1580 694 1652 724 me
1686 676 2047 736 beneficiorum,
2080 676 2278 723 nostrae-

68 792 157 838 que
189 772 524 834 conjunffionis
551 785 641 813 non
666 766 863 811 oblitum
892 755 1178 821 agnoscereS,
1213 748 1403 813 posthae
1439 746 1572 790 etiam
1609 744 1851 801 libentius,
1885 754 2020 804 atque
2053 741 2282 788 ardentius

69 842 117 887 in
152 856 224 887 me
259 837 498 897 fratresque
535 848 655 877 meos
692 844 768 875 tua
804 825 946 872 studia
981 817 1222 866 conferres.
1266 811 1391 876 quod
1426 809 1610 880 qpidem
1648 808 1678 854 s1
1715 823 1787 853 me
1822 805 2072 853 affecutum
2107 806 2282 852 intelle-

71 922 204 953 xero:
244 903 287 948 id
324 901 448 965 quod
485 898 671 943 minime
705 893 894 938 dubito:
933 901 1013 932 nae
1048 898 1136 946 ego
1173 879 1221 925 ἓξ
1244 877 1357 924 mihi
1395 876 1507 937 ipn,
1544 874 1623 935 qui
1658 887 1750 920 tam
1776 872 2044 935 praeclaram
2072 871 2154 917 tibi
2180 887 2283 935 gra-

72 968 277 1018 tificandi
311 980 531 1012 rationem
569 975 745 1006 inierim
766 992 779 1015 ,
822 972 867 1000 m
900 952 995 998 finu
1032 941 1375 1010 quodammodo
1412 938 1655 1010 gaudebo:
1703 939 1750 983 ὃς
1783 937 2116 982 humanitatem
2152 937 2282 983 istam

71 1035 239 1101 ingenii
274 1032 341 1078 tui
379 1028 648 1093 singularem
692 1021 876 1070 summis
912 1014 1117 1063 laudibus
1147 1012 1196 1056 in
1229 1008 1411 1054 coelum
1448 1008 1561 1050 ferre
1597 1019 1688 1051 non
1723 1000 1935 1048 defluam.
2005 1000 2135 1048 Vale.

366 1243 793 1302 NOBILI
867 1239 995 1295 AC
1068 1230 1615 1290 STRENUO
1696 1226 2003 1289 VIRO,

550 1367 1098 1462 EQUITI
1197 1358 1850 1432 AURATO‚

82 1524 187 1602 D.
273 1517 756 1627 JODOCO
834 1511 921 1592 A
997 1502 1513 1588 MEGGEN
1591 1498 2292 1594 LUCERINO,

181 1671 535 1740 Sanetiffimi
586 1675 668 1736 D.
705 1670 795 1732 N.
851 1670 1048 1752 Papae
1079 1657 1230 1750 Julii
1265 1660 1377 1721 111.
1417 1661 1600 1719 Pont.
1654 1654 1917 1718 Maximi
1964 1653 2000 1716 ἓι
2044 1649 2208 1718 sacra

693 1753 1003 1831 custodia,
1056 1749 1454 1838 celerumque
1504 1746 1687 1821 duci,

463 1895 1230 1969 GLAREANUS
1373 1894 1435 1954 S.
1563 1892 1643 1950 D.
1770 1889 1840 1949 P,

216 2120 219 2121 ⁷
272 2124 276 2129 ,
429 2073 456 2113 l
492 2066 704 2130 quispiam
738 2066 847 2110 alius
878 2061 1093 2122 diligenter
1127 2073 1175 2105 ac
1208 2070 1305 2102 vere
1335 2054 1383 2100 de
1417 2052 1606 2114 historica
1640 2052 1797 2096 ratione
1830 2047 2016 2109 differuit
2037 2079 2052 2104 ,
2097 2047 2310 2106 clariffime

231 2198 239 2201 ,
269 2132 406 2205 '‘133'‘{5521
430 2135 492 2180 D.
530 2133 707 2192 Jodoce‚
742 2138 848 2174 certe
884 2129 958 2170 M.
994 2122 1154 2170 Tullius
1189 2124 1354 2178 Cicero,
1390 2119 1608 2164 Rornanae
1640 2117 1887 2175 eloquentiae
1914 2115 2123 2172 princeps,
2157 2114 2227 2158 lib.
2245 2113 2310 2159 II.

161 2209 173 2223 *
288 2204 298 2260 J
330 2196 405 2259 ”sir
428 2201 474 2245 de
507 2201 709 2251 Oratore,
741 2206 977 2255 quanquam
1010 2190 1137 2234 obiter
1171 2203 1220 2233 ac
1253 2189 1490 2246 neutiquam
1524 2199 1572 2227 ex
1598 2184 1821 2242 proposito,
1856 2180 2064 2240 eleganter
2097 2177 2310 2230 tamen&

166 2270 249 2331 Ἆῤ
265 2253 339 2328 {1³3
367 2263 404 2323 :5³
431 2265 542 2309 doc‘le
557 2295 571 2319 ‚
607 2271 652 2306 ut
677 2261 812 2305 omnia
822 2256 928 2318 solet
944 2263 1157 2312 ,executus
1178 2251 1246 2305 est.
1262 2244 1743 2307 Historia,inquit,est
1762 2243 1887 2290 testis
1909 2256 2173 2305 temporum
2188 2276 2202 2299 ,
2231 2243 2312 2289 lux

150 2325 209 2388 «ἐξ
252 2328 287 2339 ”
304 2332 316 2341 's
367 2320 405 2378 J
431 2326 651 2383 veritatis,
665 2325 758 2370 vita
771 2320 1042 2376 memoriae,
1057 2315 1267 2379 magistra
1287 2314 1434 2370 vitae,
1454 2311 1618 2356 nuncia
1633 2309 1877 2355 vetustatis.
1893 2309 2011 2353 Haec
2034 2309 2101 2352 ille
2120 2313 2311 2368 appofite,

433 2391 608 2454 diserte,
643 2405 690 2433 ac
723 2385 881 2446 copiose.
929 2384 1048 2444 Quid
1079 2385 1184 2427 enim
1219 2380 1376 2424 homini
1407 2378 1466 2423 ad
1496 2380 1612 2421 vitae
1645 2374 1765 2434 hujus
1798 2373 2050 2430 miserrimae
2082 2374 2223 2418 taedia
2258 2375 2318 2418 le-

116 2467 281 2523 vanda,
315 2463 374 2508 acl
402 2456 577 2520 ejusdem
610 2451 860 2499 emendanda
894 2450 1018 2493 etiam
1049 2449 1185 2502 vitia,
1218 2444 1384 2502 denique
1418 2441 1475 2486 ad
1500 2450 1690 2486 aeternae
1702 2437 1927 2499 felicitatis
1953 2439 2131 2498 gloriam
2161 2441 2320 2484 contin-

115 2548 206 2594 gere
236 2527 357 2588 potest
389 2525 531 2570 utilius
566 2517 767 2580 historia?
801 2516 936 2560 Porro
969 2510 1074 2572 qaod
1104 2509 1261 2554 Gellius
1290 2507 1441 2552 alicubi
1473 2508 1600 2551 etiam
1635 2505 1799 2561 innuit,
1835 2503 2050 2563 Historiae
2083 2502 2231 2562 duplex
2266 2501 2322 2559 est·

121 2595 282 2641 modus:
314 2594 462 2644 Alter,
494 2588 567 2647 qui
600 2595 822 2642 temporum
857 2579 1084 2633 rationem,
1121 2571 1480 2634 Magistratuum‚
1515 2571 1743 2616 Procerum
1778 2584 1826 2613 ac
1847 2570 2012 2629 Regum
2046 2567 2215 2628 recenset
2249 2584 2322 2614 no-

125 2663 264 2715 mina,
299 2672 384 2701 rem
417 2653 474 2698 ad
505 2649 718 2711 historiam
751 2645 910 2707 quidem
945 2641 1206 2701 neceffariam
1227 2657 1240 2680 .·
1280 2645 1484 2682 caeterum
1518 2635 1576 2679 ad
1607 2636 1725 2679 vitae
1758 2634 2076 2679 emendationem
2109 2648 2184 2678 non
2217 2636 2327 2680 mul-

131 2736 217 2770 tum
249 2720 504 2777 adferentem
539 2715 751 2760 utilitatis.
816 2710 949 2754 Alter
970 2739 985 2763 ,
1029 2707 1137 2766 longe
1171 2704 1299 2765 magis
1333 2701 1389 2746 ad
1421 2699 1613 2760 historiae
1645 2700 1735 2743 vim
1770 2715 1817 2744 ac
1851 2701 2056 2760 energiam
2091 2701 2325 2759 pertinens,

136 2805 209 2849 quo
243 2777 432 2831 in'relius
460 2779 575 2841 gellis
610 2778 730 2839 digna
758 2772 1029 2835 proferuntur
1061 2770 1256 2828 exempla.
1293 2768 1377 2812 Hic
1398 2764 1537 2811 modus
1558 2763 1749 2824 historiae
1773 2763 2077 2825 conscribendae
2100 2764 2330 2821 plurimum

132 2852 310 2914 prodeffe
342 2845 558 2910 legentibus
586 2845 750 2902 soterit.
782 2838 837 2897 est
871 2840 975 2883 enim
1008 2837 1043 2880 is
1074 2848 1198 2880 verus
1227 2831 1418 2893 historiae
1440 2827 1596 2890 scopus.
1666 2828 1806 2887 Hujus
1836 2829 1971 2874 hercle
1999 2826 2139 2886 modi,
2174 2831 2333 2887 princi-

134 2931 229 2978 pem
262 2917 385 2959 locum
419 2912 570 2957 obtinet
601 2907 766 2967 historia
803 2903 1048 2964 Euangelica
1070 2932 1084 2956 ‚
1128 2913 1210 2959 qua
1241 2913 1319 2943 non
1349 2895 1403 2955 est
1437 2896 1524 2939 alia
1556 2896 1627 2940 vel
1645 2895 1870 2954 simplicior
1891 2924 1907 2948 ,
1948 2894 2019 2938 vel
2048 2896 2223 2951 verior,
2265 2898 2337 2943 vel

144 2981 334 3040 facilior,
369 2978 470 3022 adde
502 2972 735 3034 angustior,
769 2972 811 3014 in
833 2984 915 3029 qua
936 2967 1078 3026 ubique
1098 2962 1281 3022 amuffim
1318 2965 1391 3022 (ut
1423 2960 1504 3005 dici
1525 2957 1654 3019 fhlet)
1690 2960 1823 3004 verba
1856 2973 1905 3003 ac
1927 2956 2052 3017 fabia
2085 2957 2339 3019 respondent,

143 3046 280 3108 Atqui
313 3043 360 3088 de
391 3042 466 3089 hac
494 3054 656 3102 pauca,
691 3036 743 3090 &³
765 3049 854 3083 cum
885 3030 1128 3081 verecundia
1161 3030 1271 3093 loqui
1292 3024 1479 3090 fortaffis
1503 3023 1776 3088 praestiterit.
1822 3023 1899 3071 Aa
1925 3037 2017 3070 eam
2042 3034 2167 3085 porro
2192 3028 2340 3087 proxi-

2278 3105 2344 3137 me
