2387 3421
385 119 1115 185 DEDICATIONES
1170 127 1290 183 ET
1342 130 2052 197 PRAEFATIONES.

92 237 697 366 PAULUS
796 244 1708 376 MANUTIUS‚
1770 257 2143 361 ALDI
2222 262 2317 362 F.

181 395 906 474 DOCTISSIMO‚
974 404 1110 463 AC
1175 403 1893 472 NOBILISSIMO
1951 412 2220 479 VIRO

90 502 1206 691 BERNARSDq}
1344 508 2311 687 {EORGIO

237 838 275 869 ,·
393 842 403 860 χ.
439 807 554 854 ximi
588 820 885 854 monumenta
919 808 1063 854 rursus
1098 809 1260 856 excusa
1292 812 1338 856 in
1380 812 1531 858 lucem
1566 815 1811 876 emittere,
1857 836 1969 882 quae
2013 821 2314 883 superioribus

288 865 325 883 “’
359 889 394 936 vj
440 873 562 918 annis
589 905 603 930 ,
646 878 785 917 ut'eo
821 885 1030 934 tempore
1074 889 1155 934 per
1189 876 1463 936 exemplaria
1497 877 1630 924 licuit
1653 913 1667 937 ‚
1711 883 1922 946 castigata
1966 884 1990 932 (Ξ
2039 886 2199 933 nostris
2242 902 2314 951 ty-

303 937 336 966 ‘12
401 940 423 962 ⁴
440 938 507 1000 pis
551 937 794 982 exierunt:
848 936 1172 983 incumbebam
1204 937 1378 985 sedulus
1413 941 1460 986 in
1495 957 1593 986 eam
1627 959 1809 1005 curam,
1848 962 1899 994 ut
1934 951 2200 1014 praestarem
2236 955 2314 1000 ali-

377 1033 394 1039 ·
436 1000 544 1065 quid
566 1016 615 1046 ea
648 1000 968 1064 expeetatione
1001 1018 1096 1049 non
1129 1002 1370 1067 indignum
1392 1038 1406 1063 ‚
1453 1022 1567 1069 quae
1600 1009 1715 1054 mihi
1752 1026 1941 1074 propter
1973 1016 2197 1064 clariffimi
2235 1036 2313 1082 pa-

86 1073 164 1121 tris
199 1070 465 1118 memoriam
501 1067 697 1112 excitata
746 1065 999 1113 videbatur.
1069 1067 1195 1114 Cum
1237 1085 1346 1116 vero
1382 1086 1488 1117 eum
1521 1073 1761 1121 authorem
1798 1076 1876 1123 sub
1920 1093 2001 1126 tuo
2044 1084 2230 1129 nomine
2264 1086 2310 1132 in

86 1151 294 1202 apertum
338 1133 501 1181 referre
546 1130 912 1178 constituiffem:
962 1132 1274 1180 existimabam
1317 1135 1432 1181 nihil
1478 1137 1530 1182 ad
1579 1150 1624 1184 te
1665 1139 1747 1187 nisi
1791 1142 2043 1204 perfeetum
2069 1180 2083 1202 ‚
2135 1147 2182 1194 ὃζ
2226 1148 2312 1197 suis

87 1202 210 1266 quafi
259 1201 455 1248 numeris
501 1196 757 1243 absolutum
805 1197 929 1242 mitti
967 1197 992 1243 a
1022 1213 1094 1243 me
1131 1198 1292 1245 debere
1317 1232 1332 1257 ,
1376 1201 1581 1264 nihilque
1618 1216 1708 1250 tam
1745 1210 1981 1272 egregium
2018 1212 2102 1256 esl'e
2126 1246 2140 1270 ‚
2185 1216 2310 1277 quod

88 1284 181 1315 non
217 1267 326 1313 haec
363 1279 438 1312 tua
477 1261 707 1326 singularis
742 1274 879 1324 atque
915 1263 1172 1326 praestantis
1216 1265 1387 1327 ingenii
1424 1267 1489 1312 vis
1532 1267 1663 1314 facile
1709 1287 1903 1334 caperet.
1973 1275 2130 1333 Qiare
2175 1283 2310 1343 coepi

85 1349 141 1379 eo
176 1335 366 1396 majores
404 1327 575 1392 vigilias
612 1325 665 1371 ad
703 1325 820 1372 hanc
856 1328 1004 1391 operis
1039 1330 1405 1392 recognitionem
1443 1331 1656 1378 adhibere
1680 1367 1694 1391 ‚
1742 1354 1834 1399 quo
1870 1339 1970 1401 plus
2005 1340 2052 1385 ὃς
2088 1358 2160 1387 me
2195 1344 2308 1404 tibi,
2367 1381 2369 1383 .

85 1414 220 1461 quam
256 1396 399 1444 cuivis
431 1394 532 1451 alii,
568 1392 730 1437 debere
759 1392 1119 1455 cognoscebam:
1146 1395 1194 1440 ὃ(
1216 1394 1340 1457 quod
1376 1409 1421 1442 te
1456 1413 1549 1443 non
1585 1399 1727 1446 modo
1762 1403 2028 1450 eruditionis
2062 1408 2308 1469 opinione,

83 1462 156 1509 sed
191 1461 463 1526 integritatis
497 1459 632 1503 etiam
669 1457 799 1503 laude
832 1460 951 1505 inter
984 1459 1094 1506 alios
1127 1459 1334 1506 illustreis
1369 1462 1490 1508 viros
1525 1463 1746 1511 excellere
1781 1468 2106 1532 perspexeram.
2176 1472 2306 1536 Qid

85 1527 207 1590 quod
243 1540 295 1573 tu
331 1525 402 1572 vel
436 1522 687 1587 posteritati
721 1521 938 1583 serviens,
971 1523 1043 1571 vel
1078 1525 1248 1588 patriae
1280 1525 1495 1590 dignitati
1532 1528 1767 1577 consulens
1794 1566 1807 1589 ,
1850 1550 1963 1595 quae
1997 1552 2086 1581 una
2120 1537 2167 1583 in
2202 1552 2306 1587 toto

87 1592 198 1639 orbe
232 1604 451 1638 terrarum
489 1588 625 1633 hodie
660 1588 858 1633 maxime
892 1589 1108 1648 excellit,
1144 1589 1271 1635 domi
1307 1591 1442 1639 habes
1475 1593 1550 1639 abs
1586 1608 1631 1639 te
1666 1595 1950 1662 conscripta,
1987 1616 2100 1662 quac
2135 1603 2181 1648 in
2218 1604 2309 1652 hoc

85 1657 224 1704 laudis
259 1654 488 1702 curriculo
523 1669 629 1699 cum
668 1651 763 1715 ipso
799 1668 914 1716 pene
949 1654 1136 1701 Valerio
1172 1656 1388 1702 certent?
1433 1658 1554 1722 Legi
1591 1661 1740 1722 capita
1775 1661 1847 1709 illa
1882 1678 1958 1710 tua
1994 1667 2063 1711 vel
2101 1667 2307 1716 observa-

85 1737 182 1781 tae,
217 1721 290 1769 vel
323 1718 553 1784 neglthac
588 1718 847 1782 1-eligioni8‚
884 1717 1050 1782 &legi
1087 1736 1195 1766 cum
1230 1718 1403 1768 summa
1438 1737 1538 1770 tum
1574 1726 1843 1790 voluptate,
1878 1741 1976 1775 tum
2001 1732 2137 1777 etiam
2162 1733 2304 1780 admi-

84 1788 271 1835 ratione.
294 1799 347 1832 ut
381 1785 466 1831 tibi
502 1784 548 1829 in
582 1784 634 1829 iis
668 1784 784 1829 nitet
820 1784 1000 1843 oratio,
1035 1798 1089 1832 ut
1122 1784 1350 1849 splendet:
1386 1801 1439 1834 ut
1475 1789 1688 1854 ingenio,
1724 1808 1941 1854 quantum
1972 1796 2178 1858 judicare
2214 1800 2304 1862 ipse

80 1852 257 1917 possum
279 1885 293 1910 ,
327 1850 472 1909 vales,
507 1849 617 1894 dum
643 1849 824 1896 Veneta
856 1850 1065 1913 exempla
1102 1866 1210 1897 cum
1246 1853 1486 1899 Romanae
1522 1855 1672 1915 urbis,
1707 1857 1753 1903 ἃ
1779 1871 1985 1905 veterum
2023 1863 2303 1925 reliquorum

79 1916 386 1964 monumentis
422 1914 611 1961 conferS.
638 1912 823 1973 Qibus
849 1914 1063 1962 omnibus
1085 1916 1226 1963 caufis
1247 1933 1540 1978 commotus,
1565 1938 1750 1968 omnem
1776 1924 1917 1987 (quod
1943 1927 2085 1987 ajunt)
2106 1928 2301 1992 lapidem

79 1983 232 2041 movi,
267 1994 318 2028 ut
340 1978 562 2044 quidquid
598 1980 644 2024 in
678 1978 762 2025 isto
786 1979 1052 2027 emendandi
1079 1980 1228 2028 studio
1255 1982 1458 2046 politum
1490 1985 1623 2043 efflet,
1660 1987 1706 2033 in
1730 1987 1894 2034 horum
1923 1984 2143 2038 librorum
2170 1995 2301 2040 casti-

81 2048 266 2110 gatione
298 2044 625 2092 consumerem.
661 2045 910 2108 Praecipua
943 2062 1084 2105 vero,
1119 2063 1201 2093 cur
1228 2047 1320 2094 hoc
1355 2048 1501 2112 ipsum
1527 2051 1699 2098 Valerii
1736 2053 1950 2100 volumen
1986 2055 2064 2102 sub
2102 2071 2183 2103 tuo
2217 2077 2301 2106 no-

77 2113 199 2157 mine
223 2126 435 2174 apparere
456 2110 704 2168 voluerim,
739 2126 790 2156 ea
823 2111 940 2157 ratio
975 2110 1088 2170 fuit,
1125 2112 1251 2175 quod
1277 2112 1486 2160 volebam
1514 2117 1674 2162 veteris
1709 2118 1756 2163 in
1792 2132 1837 2165 te
1861 2119 2168 2172 obstrvanu'ae
2205 2126 2298 2187 piem

78 2175 268 2239 tatisque
305 2191 429 2221 meae
464 2188 816 2222 monumentum
852 2176 1037 2240 aliquod
1071 2177 1205 2223 etiam
1243 2178 1363 2241 apud
1398 2180 1602 2243 posteros
1637 2196 1815 2230 extare:
1853 2184 1902 2230 δί
1939 2198 1989 2231 ut
2026 2188 2297 2252 intelligeres

74 2240 166 2303 ipse
201 2254 278 2299 tu,
312 2257 448 2303 quam
483 2239 627 2286 &nete
659 2240 779 2303 apud
813 2257 915 2299 me,
950 2257 1179 2304 quamque
1212 2244 1472 2290 constanter
1505 2262 1664 2292 eorum
1701 2248 1962 2295 officiorum
1987 2285 2002 2309 ,
2045 2269 2157 2316 quac
2189 2244 2213 2299 {i
2250 2268 2296 2301 te

76 2307 123 2352 in
159 2318 360 2369 patrem,
398 2304 445 2349 8<
469 2305 513 2348 in
547 2321 628 2350 nos
663 2306 836 2350 omneis
867 2306 1072 2366 profecta
1105 2305 1233 2365 sunt,
1265 2311 1486 2354 memoria
1519 2310 1778 2359 servaretur.
1849 2315 1978 2361 Nam
2015 2317 2070 2362 de
2103 2319 2295 2366 authore

75 2371 173 2434 ipso
206 2386 301 2416 non
334 2368 493 2415 faciam
527 2382 580 2414 ut
614 2367 819 2431 pluribus
850 2368 1016 2416 dicam.
1084 2370 1174 2417 Sed
1198 2384 1322 2418 certe
1344 2389 1451 2420 cum
1478 2388 1529 2420 tu
1566 2376 1599 2421 is
1636 2375 1713 2436 fis,
1751 2379 1856 2441 qui,
1892 2393 1945 2426 ut
1971 2380 2093 2440 dixi,
2129 2383 2174 2429 in
2197 2384 2290 2432 hoc

75 2435 297 2483 scribendi
332 2449 497 2498 genere
533 2446 655 2479 tanta
688 2448 796 2478 cum
829 2433 960 2480 laude
993 2433 1203 2483 verseris:
1262 2437 1337 2482 ille
1370 2452 1522 2484 autem
1559 2442 1765 2488 omnium
1803 2443 1895 2489 fere
1929 2447 2137 2508 gentium
2173 2447 2289 2496 fac‘ta

73 2500 206 2549 fimul
241 2516 292 2547 ac
327 2499 446 2546 dicta
479 2510 735 2544 memoratu
769 2497 910 2563 digna
929 2515 1023 2545 uno
1050 2512 1231 2547 tantum
1255 2501 1489 2550 volumine
1522 2507 1795 2570 complexus
1822 2508 1901 2555 fit:
1939 2511 2078 2568 nihil,
2114 2525 2166 2558 ut
2189 2530 2289 2578 ⁴ego

73 2567 260 2630 quidem
296 2565 514 2623 arbitror,
548 2563 620 2611 vel
655 2576 700 2610 te
734 2562 945 2628 dignius,
980 2564 1053 2612 vel
1089 2566 1178 2612 tuis
1213 2565 1368 2614 studiis
1403 2573 1796 2619 accommodatius
1832 2574 1969 2620 dicari
2005 2576 2089 2621 tibi
2115 2583 2286 2640 potuit,

70 2631 196 2679 Dedi
232 2632 376 2695 igitur
409 2630 499 2676 hoc
537 2634 615 2690 (ut
650 2628 775 2687 dixi)
811 2642 885 2678 tot
920 2629 1233 2679 honestiffimis
1268 2650 1392 2680 meae
1426 2651 1532 2700 erga
1567 2651 1612 2684 te
1647 2638 1985 2685 benevolentiae
2016 2642 2169 2688 caulis.
2204 2645 2283 2689 de-

66 2696 112 2744 di
148 2714 244 2744 non
277 2713 438 2760 parum
462 2693 722 2742 &familiae
756 2707 860 2742 tuae
893 2693 1140 2760 splendori3
1174 2714 1288 2762 quae
1320 2714 1509 2764 propter
1544 2703 1729 2750 eximias
1763 2720 1828 2750 res
1864 2704 1888 2750 a
1913 2706 2159 2768 majoribus
2195 2710 2285 2756 tuis

68 2762 196 2809 domi
228 2760 424 2825 forisque
457 2759 680 2824 praeclare
713 2761 856 2825 gestas
889 2762 954 2809 ita
986 2762 1174 2810 celebris
1207 2763 1433 2824 habetur,
1478 2781 1531 2814 ut
1567 2769 1613 2815 in
1648 2769 1910 2832 exemplum
1944 2769 2143 2816 summae
2178 2785 2280 2822 tum

69 2828 250 2875 virtutis
270 2861 286 2887 ‚
323 2840 424 2874 tum
459 2827 744 2874 innocentiae
777 2828 996 2875 trahatur.
1063 2829 1177 2876 Huc
1208 2830 1454 2879 accedebat
1487 2833 1721 2881 instinctus
1755 2835 1891 2880 etiam
1926 2835 2109 2898 quidam
2145 2851 2278 2885 natu-

68 2908 142 2940 rae
177 2908 302 2939 meus
335 2893 382 2939 in
415 2892 589 2939 omneis
622 2891 851 2953 doctrina,
882 2893 1103 2959 bonisque
1135 2895 1305 2944 artibus
1341 2910 1546 2946 ornatos:
1585 2916 1678 2963 quo
1713 2899 1767 2945 ad
1804 2913 1848 2946 te
1870 2900 2110 2947 amandum
2137 2904 2275 2950 etiam

67 2971 205 3022 atque
237 2959 372 3005 etiam
407 2957 741 3017 inflammarer,
776 2974 883 3006 cum
907 2971 954 3007 te
980 2958 1193 3024 singulari
1213 2961 1472 3011 eruditione
1506 2964 1790 3027 praeditum,
1826 2965 2108 3030 honestisque
2143 2967 2281 3015 disci--

63 3022 196 3088 plinis
229 3022 497 3072 instructum
530 3022 834 3090 agnoscerem.
869 3023 1018 3087 Qiod
1052 3042 1161 3077 cum
1194 3027 1259 3078 ita
1292 3027 1375 3089 fit,
1411 3032 1603 3077 omnino
1638 3047 1784 3092 neque
1817 3030 2051 3079 hominem
2080 3049 2154 3079 me
2185 3050 2273 3096 pu-

1501 3100 1528 3127 *ss
1565 3112 1586 3140 ε.
2151 3110 2274 3159 tem„
