2516 3509
409 87 514 155 562

621 77 1067 153 ‘VALERI'I
1145 75 1524 133 MAXIMI
1577 74 1708 131 Lm.
1749 75 1851 132 VI.
1905 75 2051 135 CAp.
2088 74 2199 134 111:

405 201 506 248 pore
540 191 587 223 90
617 185 766 245 pellem
798 183 1030 230 detrab‘t'am
1060 178 1192 240 sellae
1225 178 1424 235 intendi,
1467 178 1512 222 in
1545 190 1670 238 eaque
1693 176 1837 235 filium
1870 179 1955 241 ejas
1974 179 2266 240 judicaturum
2298 188 2421 246 consi-

416 262 510 308 dere
547 259 688 325 juffit.
757 258 980 306 Ceterum
1026 256 1075 304 &
1110 271 1187 303 rex
1210 290 1226 315 ,
1281 254 1330 301 &
1362 254 1575 302 barbarus
1607 254 1752 301 atroci
1785 271 1836 302 ac
1880 273 1998 306 nova
2031 273 2178 322 poena
2211 259 2381 325 judicis
2402 297 2420 323 9

417 355 474 385 ne
509 341 608 403 quis
644 338 797 405 postea
832 337 1068 400 corrumpi
1098 335 1244 400 judex
1278 333 1455 398 poffet,
1490 333 1709 397 providit.

416 486 463 511 re.
516 472 666 511 Deinde
702 471 844 522 aliquot
878 468 1023 508 intendit
1057 469 1198 518 legunt.

475 537 537 573 90.
574 525 699 562 Pellem
734 522 938 572 den-aeram]
989 521 1091 559 Vide
1124 519 1284 557 omnino
1318 518 1397 556 Va-

1448 465 1507 502 les.
1544 464 1591 502 ad
1618 463 1812 504 Animi-an.
1849 467 1966 505 Marc.
1995 467 2042 506 L.
2069 479 2183 508 xxm.
2211 468 2246 507 6.
2275 479 2309 517 p.
2336 476 2423 516 297.

1449 516 1520 555 Ed.
1544 517 1662 554 Gron.

1143 662 1498 716 CAPUT
1576 655 1677 710 IV.

427 794 553 855 DE
619 789 1196 859 GRAVITER
1267 786 1642 851 DICTIS
1715 782 1939 848 AUT
2001 785 2417 850 FACTIS.

627 956 669 1002 A
739 957 1193 1002 ROMANis.

431 1089 468 1118 1.
506 1070 552 1118 T.
595 1079 604 1097 ¹
646 1071 813 1118 [Manlio
851 1067 1073 1131 Torquato.

427 1153 469 1184 2.
508 1143 553 1181 P.
589 1139 770 1196 Scipfone
807 1138 1058 1181 Aemiliano.

429 1217 471 1264 3.
508 1207 553 1246 C.
591 1204 743 1261 Popilio
782 1203 976 1246 Laenate.

425 1285 470 1327 4.
506 1268 671 1312 Rutilio
709 1265 836 1326 Rufo.

433 1348 471 1391 5.
509 1334 584 1375 M.
620 1331 754 1390 Junio
786 1331 923 1376 Bruto
950 1325 1102 1388 procoſs

1591 949 1698 995 AB
1769 950 2278 997 EXTERNIS.

1458 1082 1495 1112 1.
1531 1066 1775 1126 Cinninienst
1799 1068 1956 1125 populo.

1455 1148 1494 1175 2.
1532 1134 1697 1176 Socrate
1736 1131 1995 1191 Athenienfi.

1457 1209 1496 1257 3.
1534 1195 1776 1240 Alexandro
1812 1196 1986 1257 [Magno.

1450 1277 1493 1320 4.
1532 1259 1875 1306 Lacedaemoniis.

1454 1341 1494 1384 5.
1529 1326 1754 1370 Paedarcto
1787 1327 2006 1383 Spartano.

426 1461 727 1571 Magnam
766 1457 813 1505 ἃ
847 1459 1014 1506 bonam
1048 1455 1188 1503 laudis
1224 1468 1398 1520 partem
1435 1454 1482 1500 in
1516 1454 1644 1501 claris
1676 1453 1781 1500 viris
1815 1455 1951 1501 etiam
2000 1462 2015 1481 ²
2054 1454 2128 1502 illa
2162 1456 2422 1518 vindicant,

446 1576 453 1585 .
568 1555 679 1602 quae
723 1552 801 1588 aut
844 1539 900 1589 ab
947 1540 1015 1586 his
1060 1538 1260 1603 graviter
1305 1537 1425 1586 dicf‘ta
1470 1550 1547 1583 aut
1593 1534 1708 1584 faeta
1754 1537 1963 1600 pertinax
1998 1539 2218 1585 memoria
2252 1540 2422 1588 viribus

478 1760 508 1785 1.
537 1747 697 1784 Manlius
725 1745 934 1798 Torquatus]
975 1746 1011 1785 Si
1038 1745 1177 1794 uspiam
1206 1752 1291 1783 toto
1320 1745 1395 1783 hoc

430 1809 544 1847 opere
563 1797 750 1847 insigniter
773 1798 1016 1836 dormitatum
1039 1797 1108 1841 est,
1141 1797 1215 1835 five
1244 1797 1287 1833 ab
1318 1797 1394 1844 ipso

429 1850 586 1887 authore
600 1877 610 1893 ,
638 1849 741 1899 quod
761 1850 823 1886 vix
845 1849 935 1887 mihi
955 1847 1156 1897 persuadeo
1173 1875 1181 1890 ‚
1206 1847 1280 1885 sive
1299 1855 1395 1884 tein-

429 1912 564 1949 porum
586 1901 716 1950 injuria
731 1928 741 1945 ‚
764 1900 867 1950 quod
887 1912 979 1938 vero
1001 1898 1148 1937 similius
1169 1899 1315 1936 videtur
1329 1927 1338 1942 ‚
1360 1898 1395 1936 id

428 1952 625 1995 acciderit;
639 1960 737 1989 certe
756 1953 829 1989 hoc
851 1951 938 1989 loeo
960 1951 1136 1999 turpiter,
1155 1958 1235 1987 tum
1257 1951 1294 1986 in
1315 1961 1395 1998 per-

425 2002 637 2047 sonis,tum
656 2003 693 2040 in
714 2002 1181 2051 temporibus‚aberratum
1207 2000 1396 2048 est.Quod

430 2062 470 2090 ut
495 2053 626 2091 lectori
655 2054 806 2102 planum
838 2054 1014 2091 faciamus
1038 2082 1047 2097 ,
1084 2063 1200 2102 pauca
1230 2052 1322 2089 haec
1350 2063 1395 2088 ex

431 2104 546 2141 Livio
566 2116 754 2152 apponere
775 2117 910 2153 operae
931 2105 1089 2153 pretium
1112 2103 1298 2141 duximus.
1318 2104 1397 2140 An·

430 2167 482 2192 no
513 2155 556 2193 ab
585 2157 632 2191 U.
661 2156 705 2193 C.
733 2169 817 2203 415.
842 2156 965 2193 Latini
995 2167 1059 2204 per
1078 2155 1124 2195 L.
1148 2155 1312 2192 Annium
1336 2155 1398 2191 Se-

430 2207 550 2243 tinum
573 2219 592 2244 a
614 2208 795 2245 Romanis
813 2206 993 2255 postulare
1019 2206 1091 2244 ausi
1116 2207 1195 2243 sunt
1210 2235 1219 2250 ,
1245 2214 1285 2243 ut
1309 2206 1399 2243 alter

433 2257 594 2301 Consul,
622 2258 711 2295 item
736 2257 926 2295 dimidiata
948 2258 1101 2296 Senatus
1129 2269 1209 2306 pars
1225 2285 1235 2301 ‚
1259 2269 1302 2294 ex
1325 2258 1399 2294 La-

431 2310 486 2345 tio
506 2309 721 2346 sumeretur.
773 2309 844 2346 Cui
875 2308 1112 2358 postulationi
1132 2308 1312 2347 acerrime
1333 2308 1399 2346 ob-

430 2360 516 2397 stitit
536 2361 586 2398 T.
609 2360 769 2396 Manlius
791 2361 1008 2407 Torquatus
1023 2389 1032 2403 ‚
1058 2369 1140 2397 tum
1172 2359 1297 2398 consul
1328 2368 1401 2397 ter-

432 2411 527 2448 tium
543 2439 553 2455 ,
581 2411 626 2447 L.
658 2410 790 2448 Manlii
811 2410 1005 2458 Imperiosi
1026 2410 1138 2447 filius:
1164 2411 1228 2460 qui
1245 2410 1399 2459 quidem

432 2461 548 2506 filius,
575 2463 713 2510 primns
733 2462 770 2498 in
794 2473 835 2497 ea
857 2461 1019 2505 familia,
1047 2461 1236 2509 Torquati
1259 2473 1402 2498 nomen

432 2511 594 2550 liabuiffe
617 2514 752 2556 fertur,
780 2512 920 2561 quique
946 2523 1017 2548 una
1045 2522 1130 2547 cum
1151 2512 1272 2548 Decio
1300 2521 1403 2560 patre

432 2564 539 2613 ipsius
570 2563 710 2612 collega
733 2589 743 2604 ‚
782 2563 939 2599 Latinos
977 2561 1022 2599 ad
1049 2561 1218 2598 Veserim
1248 2561 1402 2601 fluvium

435 2615 671 2653 memorabili
702 2614 791 2652 vicit
828 2624 969 2662 pugna,
996 2620 1037 2649 ut
1067 2613 1240 2649 meminit
1268 2613 1398 2651 Livius

433 2668 479 2704 L.
508 2679 596 2703 vm.
623 2665 667 2704 ab
695 2666 746 2703 U.
774 2665 806 2702 C
842 2666 879 2702 &
911 2663 1046 2700 Cicero
1074 2675 1136 2701 111.
1173 2663 1398 2702 officiorum.

435 2720 542 2756 Haec
566 2716 739 2755 omnibus
768 2723 869 2753 nota.
921 2715 974 2752 At
1000 2713 1114 2761 longe
1134 2714 1234 2763 post,
1262 2727 1399 2763 nempe

434 2781 534 2806 anno
556 2769 639 2816 518.
667 2768 710 2805 ab
727 2769 777 2805 U.
808 2767 851 2804 C.
881 2777 967 2804 cum
985 2765 1029 2802 ad
1050 2765 1195 2802 Cannas
1218 2764 1400 2804 cecidisset

434 2821 630 2857 Romanos
649 2818 855 2861 Hannibal,
884 2819 922 2855 ἃ
942 2818 980 2855 in
999 2817 1139 2865 magnis
1159 2817 1327 2864 angustiis
1346 2829 1400 2855 res

434 2872 607 2908 Romana
631 2869 740 2916 esset,
768 2869 920 2920 quidam
950 2868 1121 2906 authores
1149 2869 1252 2912 sunt,
1284 2867 1399 2906 Cam-

434 2933 550 2970 panos
580 2920 680 2958 idem
710 2933 729 2959 a
746 2920 929 2959 Romanis
947 2919 1128 2968 postulare
1145 2919 1270 2962 ausos,
1295 2919 1399 2970 quod

436 2974 528 3011 olim
555 2971 702 3010 Latini:
735 2980 771 3011 at
801 2971 933 3011 Livius
960 2982 1043 3010 eam
1070 2971 1288 3020 opinionem
1315 2979 1398 3010 non

2279 1633 2422 1667 aetes-

1447 1744 1589 1794 probat.
1641 1747 1791 1784 Eodem
1823 1754 1949 1784 tamen
1980 1758 2079 1783 anno
2099 1745 2198 1784 idem
2222 1747 2340 1786 scribit
2361 1749 2422 1798 Sp.

1449 1797 1653 1835 Carvilium
1685 1799 1851 1835 senatum
1882 1795 2088 1840 monuisse,
2127 1806 2166 1835 ut
2194 1807 2343 1847 propter
2369 1801 2423 1838 se·-

1449 1855 1621 1886 natorum
1655 1850 1881 1897 paucitatem
1910 1849 1947 1885 in
1977 1848 2144 1885 senatum
2170 1850 2422 1897 reciperentur

1449 1899 1673 1936 Latinorum
1696 1900 1900 1948 principes,
1929 1907 1968 1936 ut
1991 1899 2114 1936 Latini
2135 1911 2182 1936 eo
2201 1900 2340 1939 fidelius
2359 1903 2424 1940 ad-

1444 1950 1609 1998 jurarent
1633 1962 1711 1988 rem
1734 1952 1961 1987 Romanam.
2015 1949 2085 1987 Sed
2112 1962 2190 1987 non
2210 1952 2331 1989 minus
2361 1965 2425 1991 ae-

1446 2011 1510 2048 gre
1538 2013 1557 2037 a
1587 2002 1626 2037 P.
1652 2002 1695 2038 C.
1724 2001 1891 2038 auditum
1924 2001 2072 2049 Spurii,
2116 2010 2229 2051 atque
2257 2003 2421 2051 ipsorum

1448 2051 1641 2100 quondam
1683 2052 1907 2090 Latinorum
1954 2052 2188 2100 postulatum.
2250 2053 2335 2092 Iino
2374 2056 2424 2094 ibi

1449 2104 1630 2140 acerrime
1666 2102 1825 2140 restitisse
1856 2105 1906 2141 T.
1936 2103 2122 2141 Manlium
2154 2105 2422 2154 Torquatum⁹

1450 2153 1562 2202 stirpis
1593 2155 1670 2203 ejus
1698 2155 1841 2191 virum:
1881 2163 1922 2191 ut
1952 2155 2106 2202 ipsemet
2135 2155 2297 2194 Manlius
2325 2159 2423 2206 apud

1452 2205 1606 2242 Livium
1627 2204 1890 2255 loquitur,qui
1910 2206 2067 2244 Latinos
2088 2207 2126 2243 in
2143 2207 2309 2244 senatum
2330 2209 2423 2247 olim

1452 2255 1647 2294 admittere
1672 2256 1854 2294 noluerat.
1905 2256 2024 2294 Porro
2046 2256 2145 2294 iden]
2177 2258 2235 2294 ille
2258 2260 2421 2298 Manlius

1451 2307 1614 2345 secundo
1634 2308 1776 2346 Punico
1802 2307 1900 2345 bello
1931 2307 2100 2346 adversus
2129 2308 2186 2357 Sp.
2216 2309 2422 2349 Carvilium

1451 2359 1596 2397 locutus
1617 2359 1664 2397 est
1679 2360 1779 2407 (qui
1802 2358 2043 2397 Consulatum
2073 2369 2250 2397 renuerat·
2275 2370 2427 2410 propter

1454 2409 1652 2448 oculorum
1684 2410 1898 2448 defeetum:
1940 2409 2074 2448 deinde
2098 2421 2222 2459 aperte
2242 2411 2422 2459 professus

1452 2461 1487 2498 se
1509 2462 1600 2510 Pop.
1628 2463 1793 2499 Romani
1825 2473 1949 2499 mores
1981 2463 2076 2498 ferre
2107 2475 2184 2499 non
2204 2462 2328 2510 posse,
2354 2475 2426 2502 nec

1453 2512 1535 2550 illos
1556 2512 1684 2562 ipfius,
1713 2522 1753 2550 ut
1773 2513 1939 2550 Valerius
1961 2513 2137 2561 proximo
2159 2514 2270 2552 refert
2293 2526 2425 2552 exem-

1454 2563 1530 2612 plo.
1583 2565 1635 2602 Ea
1659 2564 1810 2602 comitia
1839 2565 1984 2602 fuerant
2011 2575 2111 2601 anno
2143 2576 2248 2602 nono
2275 2565 2425 2604 secundi

1451 2614 1534 2653 belli
1554 2615 1709 2658 Punici,
1738 2628 1837 2653 anno
1863 2616 1965 2652 sexto
1996 2615 2075 2663 post
2094 2615 2327 2653 Cannensem
2352 2617 2424 2655 cla-

1451 2665 1549 2704 dem.
1600 2669 1729 2716 Quare
1758 2668 1793 2704 in
1819 2668 1895 2704 hoc
1924 2665 2098 2714 exemplo
2131 2668 2168 2704 ὃς
2191 2668 2422 2715 personae&

1450 2725 1623 2767 tempora
1642 2718 1793 2756 confusa
1821 2719 1913 2756 sunt.
1965 2720 2135 2759 eAnnium
2154 2719 2254 2755 enim
2275 2720 2423 2755 Setinum

1452 2769 1622 2807 Valerius
1641 2773 1848 2819 Campanum
1871 2770 2040 2813 exhibet,
2069 2771 2106 2807 ὅ(
2126 2769 2312 2807 Manliuin
2327 2797 2338 2813 ,
2358 2769 2421 2818 qui

1452 2819 1613 2858 secundo
1651 2820 1748 2860 bello
1792 2821 1935 2858 Punico
1973 2829 2101 2859 contra
2130 2820 2187 2869 Sp.
2218 2819 2418 2857 Carvilium

1450 2868 1596 2908 locutus
1622 2872 1669 2909 est
1691 2898 1700 2915 ‚
1740 2872 1847 2920 primi
1877 2872 2064 2921 Torquati
2092 2870 2206 2909 filium
2246 2868 2423 2912 credidit,

1451 2920 1515 2968 qui
1545 2933 1630 2958 cum
1649 2922 1689 2959 P.
1716 2923 1840 2960 Decio
1870 2924 1958 2961 vicit
1989 2923 2144 2960 Latinos
2175 2920 2220 2958 ad
2239 2920 2419 2956 Veserim.

1452 2970 1544 3010 duos
1562 2972 1724 3012 Manlios
1742 2974 1848 3014 nobis
1868 2986 1912 3013 ex
1934 2985 2011 3013 uno
2031 2972 2222 3015 exhibens,
2236 2981 2279 3008 ac
2301 2981 2417 3008 unum

2373 3032 2420 3058 ex
