<?xml version="1.0" encoding="UTF-8"?>
<!DOCTYPE html PUBLIC "-//W3C//DTD XHTML 1.0 Transitional//EN"
    "http://www.w3.org/TR/xhtml1/DTD/xhtml1-transitional.dtd">
<html xmlns="http://www.w3.org/1999/xhtml" xml:lang="en" lang="en">
 <head>
  <title>
</title>
<meta http-equiv="Content-Type" content="text/html;charset=utf-8" />
  <meta name='ocr-system' content='tesseract 3.04.00' />
  <meta name='ocr-capabilities' content='ocr_page ocr_carea ocr_par ocr_line ocrx_word'/>
</head>
<body>
  <div class='ocr_page' id='page_1' title='image "./librinovemfactor00valeuoft_0798.png"; bbox 0 0 2516 3509; ppageno 0'>
   <div class='ocr_carea' id='block_1_1' title="bbox 344 105 2212 189">
    <p class='ocr_par' dir='ltr' id='par_1_1' title="bbox 344 105 2212 189">
     <span class='ocr_line' id='line_1_1' title="bbox 344 105 2212 189; baseline -0.003 -19"><span class='ocrx_word' id='word_1_1' title='bbox 344 135 452 189; x_wconf 66' lang='lat'>744</span> <span class='ocrx_word' id='word_1_2' title='bbox 529 109 933 169; x_wconf 82' lang='lat' dir='ltr'>VALERH</span> <span class='ocrx_word' id='word_1_3' title='bbox 1006 105 1383 163; x_wconf 83' lang='lat' dir='ltr'>MAXIMI</span> <span class='ocrx_word' id='word_1_4' title='bbox 1457 106 1793 164; x_wconf 72' lang='lat' dir='ltr'>L12.v111.</span> <span class='ocrx_word' id='word_1_5' title='bbox 1851 107 2003 167; x_wconf 55' lang='grc' dir='ltr'>οη.</span> <span class='ocrx_word' id='word_1_6' title='bbox 2049 108 2212 166; x_wconf 74' lang='lat' dir='ltr'>v111.</span> 
     </span>
    </p>
   </div>
   <div class='ocr_carea' id='block_1_2' title="bbox 127 255 2355 441">
    <p class='ocr_par' dir='ltr' id='par_1_2' title="bbox 127 255 2355 441">
     <span class='ocr_line' id='line_1_2' title="bbox 224 255 1592 302; baseline -0.007 6"><span class='ocrx_word' id='word_1_7' title='bbox 224 271 250 295; x_wconf 74' lang='lat'>1-</span> <span class='ocrx_word' id='word_1_8' title='bbox 1113 255 1156 302; x_wconf 88' lang='lat' dir='ltr'>E</span> <span class='ocrx_word' id='word_1_9' title='bbox 1191 272 1222 302; x_wconf 79' lang='lat' dir='ltr'>x</span> <span class='ocrx_word' id='word_1_10' title='bbox 1261 271 1291 300; x_wconf 85' lang='lat' dir='ltr'><strong>T</strong></span> <span class='ocrx_word' id='word_1_11' title='bbox 1329 269 1360 300; x_wconf 82' lang='lat' dir='ltr'><strong>E</strong></span> <span class='ocrx_word' id='word_1_12' title='bbox 1397 269 1433 300; x_wconf 88' lang='lat' dir='ltr'>R</span> <span class='ocrx_word' id='word_1_13' title='bbox 1470 268 1506 300; x_wconf 88' lang='lat' dir='ltr'>N</span> <span class='ocrx_word' id='word_1_14' title='bbox 1540 268 1592 300; x_wconf 77' lang='lat' dir='ltr'>A.</span> 
     </span>
     <span class='ocr_line' id='line_1_3' title="bbox 130 306 328 353; baseline -0.015 -15"><span class='ocrx_word' id='word_1_15' title='bbox 130 307 281 353; x_wconf 65' lang='lat' dir='ltr'>Equitare</span> <span class='ocrx_word' id='word_1_16' title='bbox 296 306 328 335; x_wconf 84' lang='lat' dir='ltr'>in</span> 
     </span>
     <span class='ocr_line' id='line_1_4' title="bbox 127 348 2355 441; baseline 0.003 -22"><span class='ocrx_word' id='word_1_17' title='bbox 127 348 327 427; x_wconf 53' lang='lat' dir='ltr'>ffissifssffi-ff.</span> <span class='ocrx_word' id='word_1_18' title='bbox 412 374 556 437; x_wconf 85' lang='lat' dir='ltr'>quue</span> <span class='ocrx_word' id='word_1_19' title='bbox 589 373 706 421; x_wconf 77' lang='lat' dir='ltr'>vidit</span> <span class='ocrx_word' id='word_1_20' title='bbox 731 408 745 433; x_wconf 80' lang='grc'>,</span> <span class='ocrx_word' id='word_1_21' title='bbox 804 375 879 420; x_wconf 90' lang='lat' dir='ltr'>cui</span> <span class='ocrx_word' id='word_1_22' title='bbox 916 373 1039 422; x_wconf 84' lang='lat' dir='ltr'>nulla</span> <span class='ocrx_word' id='word_1_23' title='bbox 1075 390 1171 438; x_wconf 81' lang='lat' dir='ltr'>pars</span> <span class='ocrx_word' id='word_1_24' title='bbox 1208 370 1445 435; x_wconf 84' lang='lat' dir='ltr'>sapientiae</span> <span class='ocrx_word' id='word_1_25' title='bbox 1479 371 1671 420; x_wconf 86' lang='lat' dir='ltr'>obscura</span> <span class='ocrx_word' id='word_1_26' title='bbox 1704 371 1793 420; x_wconf 88' lang='lat' dir='ltr'>fuit</span> <span class='ocrx_word' id='word_1_27' title='bbox 1816 407 1832 433; x_wconf 83' lang='grc'>,</span> <span class='ocrx_word' id='word_1_28' title='bbox 1875 374 2113 424; x_wconf 79' lang='lat' dir='ltr'>Socrates:</span> <span class='ocrx_word' id='word_1_29' title='bbox 2160 376 2355 441; x_wconf 87' lang='lat' dir='ltr'>ideoque</span> 
     </span>
    </p>
   </div>
   <div class='ocr_carea' id='block_1_3' title="bbox 129 433 2357 523">
    <p class='ocr_par' dir='ltr' id='par_1_3' title="bbox 129 433 2357 523">
     <span class='ocr_line' id='line_1_5' title="bbox 129 433 2357 523; baseline 0.003 -23"><span class='ocrx_word' id='word_1_30' title='bbox 129 433 250 500; x_wconf 51' lang='lat'>{2132}</span> <span class='ocrx_word' id='word_1_31' title='bbox 271 441 304 500; x_wconf 63' lang='lat' dir='ltr'>v³ss</span> <span class='ocrx_word' id='word_1_32' title='bbox 348 472 442 502; x_wconf 81' lang='lat' dir='ltr'>non</span> <span class='ocrx_word' id='word_1_33' title='bbox 477 456 661 502; x_wconf 86' lang='lat' dir='ltr'>erubuit</span> <span class='ocrx_word' id='word_1_34' title='bbox 698 468 809 501; x_wconf 87' lang='lat' dir='ltr'>tunc</span> <span class='ocrx_word' id='word_1_35' title='bbox 837 489 852 513; x_wconf 85' lang='lat'>‚</span> <span class='ocrx_word' id='word_1_36' title='bbox 897 471 1004 501; x_wconf 87' lang='lat' dir='ltr'>cum</span> <span class='ocrx_word' id='word_1_37' title='bbox 1041 453 1305 517; x_wconf 76' lang='lat' dir='ltr'>interposita</span> <span class='ocrx_word' id='word_1_38' title='bbox 1339 452 1556 500; x_wconf 87' lang='lat' dir='ltr'>arundine</span> <span class='ocrx_word' id='word_1_39' title='bbox 1591 455 1798 502; x_wconf 88' lang='lat' dir='ltr'>cruribus</span> <span class='ocrx_word' id='word_1_40' title='bbox 1831 455 1916 502; x_wconf 86' lang='lat' dir='ltr'>suis</span> <span class='ocrx_word' id='word_1_41' title='bbox 1945 489 1961 515; x_wconf 84' lang='lat'>‚</span> <span class='ocrx_word' id='word_1_42' title='bbox 2017 474 2123 505; x_wconf 89' lang='lat' dir='ltr'>cum</span> <span class='ocrx_word' id='word_1_43' title='bbox 2160 460 2357 523; x_wconf 84' lang='lat' dir='ltr'>parvulis</span> 
     </span>
    </p>
   </div>
   <div class='ocr_carea' id='block_1_4' title="bbox 344 813 1338 3045">
    <p class='ocr_par' dir='ltr' id='par_1_4' title="bbox 344 813 1338 3045">
     <span class='ocr_line' id='line_1_6' title="bbox 346 813 1327 856; baseline 0.007 -10"><span class='ocrx_word' id='word_1_44' title='bbox 346 814 422 848; x_wconf 58' lang='lat' dir='ltr'>riis.</span> <span class='ocrx_word' id='word_1_45' title='bbox 479 813 592 851; x_wconf 87' lang='lat' dir='ltr'>Liber</span> <span class='ocrx_word' id='word_1_46' title='bbox 617 814 656 851; x_wconf 88' lang='lat' dir='ltr'>P.</span> <span class='ocrx_word' id='word_1_47' title='bbox 685 815 781 853; x_wconf 88' lang='lat' dir='ltr'>Dan.</span> <span class='ocrx_word' id='word_1_48' title='bbox 810 823 850 853; x_wconf 89' lang='lat' dir='ltr'>ut</span> <span class='ocrx_word' id='word_1_49' title='bbox 879 815 1034 853; x_wconf 88' lang='lat' dir='ltr'>Colerus</span> <span class='ocrx_word' id='word_1_50' title='bbox 1063 816 1230 856; x_wconf 82' lang='lat' dir='ltr'>testatur.</span> <span class='ocrx_word' id='word_1_51' title='bbox 1257 815 1327 853; x_wconf 71' lang='lat' dir='ltr'>&#39;ha-</span> 
     </span>
     <span class='ocr_line' id='line_1_7' title="bbox 351 865 1322 915; baseline 0.001 -15"><span class='ocrx_word' id='word_1_52' title='bbox 351 865 412 901; x_wconf 86' lang='lat' dir='ltr'>bet</span> <span class='ocrx_word' id='word_1_53' title='bbox 435 866 473 900; x_wconf 79' lang='lat' dir='ltr'>-in</span> <span class='ocrx_word' id='word_1_54' title='bbox 505 868 601 907; x_wconf 53' lang='lat' dir='ltr'>scaeis</span> <span class='ocrx_word' id='word_1_55' title='bbox 623 867 759 914; x_wconf 76' lang='lat' dir='ltr'>lusibus.</span> <span class='ocrx_word' id='word_1_56' title='bbox 814 867 903 904; x_wconf 75' lang='lat' dir='ltr'>Satis</span> <span class='ocrx_word' id='word_1_57' title='bbox 933 876 1102 915; x_wconf 73' lang='lat' dir='ltr'>apparet,</span> <span class='ocrx_word' id='word_1_58' title='bbox 1125 867 1322 914; x_wconf 76' lang='lat' dir='ltr'>scurrilibus</span> 
     </span>
     <span class='ocr_line' id='line_1_8' title="bbox 354 915 1328 966; baseline 0.004 -15"><span class='ocrx_word' id='word_1_59' title='bbox 354 915 511 952; x_wconf 86' lang='lat' dir='ltr'>minime</span> <span class='ocrx_word' id='word_1_60' title='bbox 538 918 743 964; x_wconf 84' lang='lat' dir='ltr'>genuinum</span> <span class='ocrx_word' id='word_1_61' title='bbox 768 942 779 958; x_wconf 88' lang='lat'>‚</span> <span class='ocrx_word' id='word_1_62' title='bbox 828 929 971 966; x_wconf 86' lang='lat' dir='ltr'>proque</span> <span class='ocrx_word' id='word_1_63' title='bbox 1001 930 1048 954; x_wconf 92' lang='lat' dir='ltr'>eo</span> <span class='ocrx_word' id='word_1_64' title='bbox 1078 918 1174 955; x_wconf 87' lang='lat' dir='ltr'>aliud</span> <span class='ocrx_word' id='word_1_65' title='bbox 1201 918 1328 965; x_wconf 80' lang='lat' dir='ltr'>legen-</span> 
     </span>
     <span class='ocr_line' id='line_1_9' title="bbox 353 965 1325 1017; baseline 0.004 -15"><span class='ocrx_word' id='word_1_66' title='bbox 353 966 445 1002; x_wconf 89' lang='lat' dir='ltr'>dum</span> <span class='ocrx_word' id='word_1_67' title='bbox 477 965 558 1004; x_wconf 84' lang='lat' dir='ltr'>effe.</span> <span class='ocrx_word' id='word_1_68' title='bbox 607 968 718 1014; x_wconf 88' lang='lat' dir='ltr'>Janus</span> <span class='ocrx_word' id='word_1_69' title='bbox 746 967 957 1016; x_wconf 86' lang='lat' dir='ltr'>Rutgerfius</span> <span class='ocrx_word' id='word_1_70' title='bbox 988 967 1188 1017; x_wconf 85' lang='lat' dir='ltr'>legendum</span> <span class='ocrx_word' id='word_1_71' title='bbox 1220 978 1325 1016; x_wconf 84' lang='lat' dir='ltr'>putat</span> 
     </span>
     <span class='ocr_line' id='line_1_10' title="bbox 349 1018 1324 1066; baseline 0.004 -16"><span class='ocrx_word' id='word_1_72' title='bbox 349 1018 386 1051; x_wconf 77' lang='lat' dir='ltr'>in</span> <span class='ocrx_word' id='word_1_73' title='bbox 406 1018 571 1063; x_wconf 73' lang='lat' dir='ltr'>senilibus</span> <span class='ocrx_word' id='word_1_74' title='bbox 602 1019 749 1065; x_wconf 76' lang='lat' dir='ltr'>lusibus,</span> <span class='ocrx_word' id='word_1_75' title='bbox 787 1019 843 1055; x_wconf 77' lang='lat' dir='ltr'>vel</span> <span class='ocrx_word' id='word_1_76' title='bbox 870 1021 906 1054; x_wconf 79' lang='lat' dir='ltr'>in</span> <span class='ocrx_word' id='word_1_77' title='bbox 927 1022 1020 1066; x_wconf 79' lang='lat' dir='ltr'>senis</span> <span class='ocrx_word' id='word_1_78' title='bbox 1042 1048 1051 1064; x_wconf 89' lang='lat'>‚</span> <span class='ocrx_word' id='word_1_79' title='bbox 1089 1028 1150 1057; x_wconf 81' lang='lat' dir='ltr'>aut</span> <span class='ocrx_word' id='word_1_80' title='bbox 1180 1022 1216 1055; x_wconf 83' lang='lat' dir='ltr'>in</span> <span class='ocrx_word' id='word_1_81' title='bbox 1241 1022 1324 1064; x_wconf 73' lang='lat' dir='ltr'>senii</span> 
     </span>
     <span class='ocr_line' id='line_1_11' title="bbox 349 1067 1322 1118; baseline 0.006 -17"><span class='ocrx_word' id='word_1_82' title='bbox 349 1067 494 1112; x_wconf 73' lang='lat' dir='ltr'>lufibus:</span> <span class='ocrx_word' id='word_1_83' title='bbox 528 1069 613 1118; x_wconf 91' lang='lat' dir='ltr'>quia</span> <span class='ocrx_word' id='word_1_84' title='bbox 632 1097 643 1112; x_wconf 92' lang='lat'>,</span> <span class='ocrx_word' id='word_1_85' title='bbox 682 1078 721 1106; x_wconf 90' lang='lat' dir='ltr'>ut</span> <span class='ocrx_word' id='word_1_86' title='bbox 744 1069 915 1106; x_wconf 87' lang='lat' dir='ltr'>Sidonius</span> <span class='ocrx_word' id='word_1_87' title='bbox 943 1069 1064 1114; x_wconf 86' lang='lat' dir='ltr'>dicat,</span> <span class='ocrx_word' id='word_1_88' title='bbox 1092 1071 1170 1107; x_wconf 87' lang='lat' dir='ltr'>alea</span> <span class='ocrx_word' id='word_1_89' title='bbox 1193 1071 1322 1108; x_wconf 87' lang='lat' dir='ltr'>senum</span> 
     </span>
     <span class='ocr_line' id='line_1_12' title="bbox 349 1118 1322 1169; baseline 0.005 -16"><span class='ocrx_word' id='word_1_90' title='bbox 349 1118 693 1162; x_wconf 67' lang='lat' dir='ltr'>oblectamentum,</span> <span class='ocrx_word' id='word_1_91' title='bbox 724 1129 764 1157; x_wconf 90' lang='lat' dir='ltr'>ut</span> <span class='ocrx_word' id='word_1_92' title='bbox 791 1120 862 1169; x_wconf 84' lang='lat' dir='ltr'>pila</span> <span class='ocrx_word' id='word_1_93' title='bbox 882 1121 1080 1168; x_wconf 87' lang='lat' dir='ltr'>juvenum.</span> <span class='ocrx_word' id='word_1_94' title='bbox 1135 1121 1234 1157; x_wconf 89' lang='lat' dir='ltr'>Vide</span> <span class='ocrx_word' id='word_1_95' title='bbox 1260 1121 1322 1158; x_wconf 90' lang='lat' dir='ltr'>lib.</span> 
     </span>
     <span class='ocr_line' id='line_1_13' title="bbox 353 1170 1323 1218; baseline 0.004 -13"><span class='ocrx_word' id='word_1_96' title='bbox 353 1181 409 1205; x_wconf 87' lang='lat'>11.</span> <span class='ocrx_word' id='word_1_97' title='bbox 439 1170 527 1206; x_wconf 88' lang='lat' dir='ltr'>Var.</span> <span class='ocrx_word' id='word_1_98' title='bbox 553 1170 636 1207; x_wconf 68' lang='lat' dir='ltr'>lect.</span> <span class='ocrx_word' id='word_1_99' title='bbox 665 1182 696 1207; x_wconf 86' lang='lat' dir='ltr'>e.</span> <span class='ocrx_word' id='word_1_100' title='bbox 723 1183 777 1207; x_wconf 71' lang='grc' dir='ltr'>η..</span> <span class='ocrx_word' id='word_1_101' title='bbox 831 1171 878 1208; x_wconf 88' lang='lat' dir='ltr'>Et</span> <span class='ocrx_word' id='word_1_102' title='bbox 903 1171 985 1207; x_wconf 82' lang='lat' dir='ltr'>sane</span> <span class='ocrx_word' id='word_1_103' title='bbox 1018 1171 1232 1218; x_wconf 57' lang='lat' dir='ltr'>conjectura</span> <span class='ocrx_word' id='word_1_104' title='bbox 1263 1172 1323 1209; x_wconf 91' lang='lat' dir='ltr'>illa</span> 
     </span>
     <span class='ocr_line' id='line_1_14' title="bbox 349 1221 1325 1271; baseline 0.005 -17"><span class='ocrx_word' id='word_1_105' title='bbox 349 1221 451 1266; x_wconf 84' lang='lat' dir='ltr'>prior</span> <span class='ocrx_word' id='word_1_106' title='bbox 469 1222 623 1269; x_wconf 86' lang='lat' dir='ltr'>juvatur</span> <span class='ocrx_word' id='word_1_107' title='bbox 643 1232 714 1265; x_wconf 92' lang='lat' dir='ltr'>eo,</span> <span class='ocrx_word' id='word_1_108' title='bbox 733 1221 836 1271; x_wconf 88' lang='lat' dir='ltr'>quod</span> <span class='ocrx_word' id='word_1_109' title='bbox 866 1221 903 1258; x_wconf 90' lang='lat' dir='ltr'>in</span> <span class='ocrx_word' id='word_1_110' title='bbox 925 1234 1002 1258; x_wconf 91' lang='lat' dir='ltr'>uno</span> <span class='ocrx_word' id='word_1_111' title='bbox 1031 1222 1116 1259; x_wconf 91' lang='lat' dir='ltr'>cod.</span> <span class='ocrx_word' id='word_1_112' title='bbox 1146 1221 1325 1260; x_wconf 90' lang='lat' dir='ltr'>Brandeb.</span> 
     </span>
     <span class='ocr_line' id='line_1_15' title="bbox 348 1269 1323 1320; baseline 0.005 -14"><span class='ocrx_word' id='word_1_113' title='bbox 348 1269 456 1308; x_wconf 84' lang='lat' dir='ltr'>initio</span> <span class='ocrx_word' id='word_1_114' title='bbox 497 1280 535 1307; x_wconf 87' lang='lat' dir='ltr'>ut</span> <span class='ocrx_word' id='word_1_115' title='bbox 576 1271 650 1308; x_wconf 84' lang='lat' dir='ltr'>dixi</span> <span class='ocrx_word' id='word_1_116' title='bbox 672 1301 683 1315; x_wconf 92' lang='lat'>,</span> <span class='ocrx_word' id='word_1_117' title='bbox 736 1272 907 1320; x_wconf 86' lang='lat' dir='ltr'>scriptum</span> <span class='ocrx_word' id='word_1_118' title='bbox 947 1273 1016 1309; x_wconf 85' lang='lat' dir='ltr'>fuit</span> <span class='ocrx_word' id='word_1_119' title='bbox 1039 1287 1046 1309; x_wconf 71' lang='grc' dir='ltr'>ε</span> <span class='ocrx_word' id='word_1_120' title='bbox 1094 1276 1130 1308; x_wconf 77' lang='lat' dir='ltr'>in</span> <span class='ocrx_word' id='word_1_121' title='bbox 1159 1273 1323 1319; x_wconf 66' lang='lat' dir='ltr'>stenibus.</span> 
     </span>
     <span class='ocr_line' id='line_1_16' title="bbox 347 1320 1324 1370; baseline 0.005 -15"><span class='ocrx_word' id='word_1_122' title='bbox 347 1320 540 1359; x_wconf 84' lang='lat' dir='ltr'>VORST.</span> <span class='ocrx_word' id='word_1_123' title='bbox 563 1333 600 1358; x_wconf 82' lang='lat' dir='ltr'>ut</span> <span class='ocrx_word' id='word_1_124' title='bbox 631 1326 716 1358; x_wconf 83' lang='lat' dir='ltr'>enim</span> <span class='ocrx_word' id='word_1_125' title='bbox 735 1326 770 1358; x_wconf 85' lang='lat' dir='ltr'>in</span> <span class='ocrx_word' id='word_1_126' title='bbox 792 1323 887 1358; x_wconf 76' lang='lat' dir='ltr'>rebus</span> <span class='ocrx_word' id='word_1_127' title='bbox 901 1326 999 1370; x_wconf 78' lang='lat' dir='ltr'>seriis</span> <span class='ocrx_word' id='word_1_128' title='bbox 1029 1325 1247 1367; x_wconf 57' lang='lat' dir='ltr'>scaevolam,</span> <span class='ocrx_word' id='word_1_129' title='bbox 1273 1328 1324 1360; x_wconf 77' lang='lat' dir='ltr'>ira</span> 
     </span>
     <span class='ocr_line' id='line_1_17' title="bbox 345 1372 1326 1425; baseline 0.005 -20"><span class='ocrx_word' id='word_1_130' title='bbox 345 1372 384 1406; x_wconf 78' lang='lat' dir='ltr'>in</span> <span class='ocrx_word' id='word_1_131' title='bbox 405 1372 602 1418; x_wconf 72' lang='lat' dir='ltr'>fiurrillbus</span> <span class='ocrx_word' id='word_1_132' title='bbox 630 1373 753 1419; x_wconf 83' lang='lat' dir='ltr'>Iufibus</span> <span class='ocrx_word' id='word_1_133' title='bbox 782 1374 942 1408; x_wconf 78' lang='lat' dir='ltr'>hominem</span> <span class='ocrx_word' id='word_1_134' title='bbox 970 1375 1113 1425; x_wconf 62' lang='lat' dir='ltr'>agebat,</span> <span class='ocrx_word' id='word_1_135' title='bbox 1151 1389 1245 1423; x_wconf 76' lang='lat' dir='ltr'>quem</span> <span class='ocrx_word' id='word_1_136' title='bbox 1273 1390 1326 1410; x_wconf 88' lang='lat' dir='ltr'>re-</span> 
     </span>
     <span class='ocr_line' id='line_1_18' title="bbox 344 1424 1324 1473; baseline 0.003 -15"><span class='ocrx_word' id='word_1_137' title='bbox 344 1435 417 1458; x_wconf 82' lang='lat' dir='ltr'>rum</span> <span class='ocrx_word' id='word_1_138' title='bbox 433 1435 558 1459; x_wconf 78' lang='lat' dir='ltr'>natura</span> <span class='ocrx_word' id='word_1_139' title='bbox 577 1426 724 1460; x_wconf 80' lang='lat' dir='ltr'><em>continui</em></span> <span class='ocrx_word' id='word_1_140' title='bbox 744 1424 866 1460; x_wconf 78' lang='lat' dir='ltr'>laboris</span> <span class='ocrx_word' id='word_1_141' title='bbox 882 1426 1065 1472; x_wconf 81' lang='lat' dir='ltr'>patientem</span> <span class='ocrx_word' id='word_1_142' title='bbox 1084 1425 1214 1473; x_wconf 86' lang='lat' dir='ltr'>essenon</span> <span class='ocrx_word' id='word_1_143' title='bbox 1227 1426 1324 1470; x_wconf 82' lang='lat' dir='ltr'>finit.</span> 
     </span>
     <span class='ocr_line' id='line_1_19' title="bbox 354 1472 1323 1524; baseline 0.004 -15"><span class='ocrx_word' id='word_1_144' title='bbox 354 1472 482 1510; x_wconf 91' lang='lat' dir='ltr'>Locus</span> <span class='ocrx_word' id='word_1_145' title='bbox 508 1475 584 1510; x_wconf 87' lang='lat' dir='ltr'>fere</span> <span class='ocrx_word' id='word_1_146' title='bbox 615 1475 892 1518; x_wconf 80' lang='lat' dir='ltr'>conclamatus,</span> <span class='ocrx_word' id='word_1_147' title='bbox 921 1477 958 1512; x_wconf 73' lang='grc' dir='ltr'>δε</span> <span class='ocrx_word' id='word_1_148' title='bbox 979 1476 1061 1513; x_wconf 82' lang='lat' dir='ltr'>sane</span> <span class='ocrx_word' id='word_1_149' title='bbox 1094 1486 1217 1524; x_wconf 87' lang='lat' dir='ltr'>aperte</span> <span class='ocrx_word' id='word_1_150' title='bbox 1241 1488 1323 1514; x_wconf 89' lang='lat' dir='ltr'>cor-</span> 
     </span>
     <span class='ocr_line' id='line_1_20' title="bbox 353 1525 1324 1574; baseline 0.005 -14"><span class='ocrx_word' id='word_1_151' title='bbox 353 1533 490 1571; x_wconf 87' lang='lat' dir='ltr'>ruptus.</span> <span class='ocrx_word' id='word_1_152' title='bbox 506 1526 650 1561; x_wconf 83' lang='lat' dir='ltr'>Scurrile</span> <span class='ocrx_word' id='word_1_153' title='bbox 672 1525 719 1563; x_wconf 87' lang='lat' dir='ltr'>est</span> <span class='ocrx_word' id='word_1_154' title='bbox 740 1538 784 1562; x_wconf 85' lang='lat' dir='ltr'>ex</span> <span class='ocrx_word' id='word_1_155' title='bbox 807 1525 932 1574; x_wconf 87' lang='lat' dir='ltr'>putida</span> <span class='ocrx_word' id='word_1_156' title='bbox 949 1525 1220 1573; x_wconf 70' lang='lat' dir='ltr'>glofl&#39;a&#39;ortum.</span> <span class='ocrx_word' id='word_1_157' title='bbox 1234 1527 1324 1565; x_wconf 86' lang='lat' dir='ltr'>Pro-</span> 
     </span>
     <span class='ocr_line' id='line_1_21' title="bbox 353 1574 1318 1626; baseline 0.004 -15"><span class='ocrx_word' id='word_1_158' title='bbox 353 1574 498 1622; x_wconf 88' lang='lat' dir='ltr'>piorem</span> <span class='ocrx_word' id='word_1_159' title='bbox 518 1576 703 1623; x_wconf 74' lang='lat' dir='ltr'>genuinae</span> <span class='ocrx_word' id='word_1_160' title='bbox 722 1576 892 1614; x_wconf 64' lang='lat' dir='ltr'>lectionis</span> <span class='ocrx_word' id='word_1_161' title='bbox 913 1575 985 1614; x_wconf 81' lang='lat' dir='ltr'>effe</span> <span class='ocrx_word' id='word_1_162' title='bbox 1003 1586 1130 1626; x_wconf 85' lang='lat' dir='ltr'>putem</span> <span class='ocrx_word' id='word_1_163' title='bbox 1154 1591 1292 1615; x_wconf 84' lang='lat' dir='ltr'>vocem</span> <span class='ocrx_word' id='word_1_164' title='bbox 1307 1608 1318 1622; x_wconf 90' lang='lat'>,</span> 
     </span>
     <span class='ocr_line' id='line_1_22' title="bbox 354 1626 1320 1676; baseline 0.005 -15"><span class='ocrx_word' id='word_1_165' title='bbox 354 1637 469 1673; x_wconf 87' lang='lat' dir='ltr'>quam</span> <span class='ocrx_word' id='word_1_166' title='bbox 488 1626 624 1663; x_wconf 87' lang='lat' dir='ltr'>habent</span> <span class='ocrx_word' id='word_1_167' title='bbox 643 1627 701 1663; x_wconf 89' lang='lat' dir='ltr'>alii</span> <span class='ocrx_word' id='word_1_168' title='bbox 723 1627 830 1665; x_wconf 90' lang='lat' dir='ltr'><strong>codd.</strong></span> <span class='ocrx_word' id='word_1_169' title='bbox 850 1631 1028 1675; x_wconf 71' lang='lat' dir='ltr'>infiaenzs</span> <span class='ocrx_word' id='word_1_170' title='bbox 1042 1628 1121 1671; x_wconf 90' lang='lat' dir='ltr'>,vel</span> <span class='ocrx_word' id='word_1_171' title='bbox 1137 1632 1250 1676; x_wconf 71' lang='lat' dir='ltr'>scenis.</span> <span class='ocrx_word' id='word_1_172' title='bbox 1264 1631 1320 1666; x_wconf 80' lang='lat' dir='ltr'>Ex</span> 
     </span>
     <span class='ocr_line' id='line_1_23' title="bbox 355 1676 1321 1727; baseline 0.004 -15"><span class='ocrx_word' id='word_1_173' title='bbox 355 1687 433 1724; x_wconf 90' lang='lat' dir='ltr'>quo</span> <span class='ocrx_word' id='word_1_174' title='bbox 457 1677 548 1715; x_wconf 89' lang='lat' dir='ltr'>mihi</span> <span class='ocrx_word' id='word_1_175' title='bbox 566 1676 637 1713; x_wconf 88' lang='lat' dir='ltr'>levi</span> <span class='ocrx_word' id='word_1_176' title='bbox 658 1678 740 1715; x_wconf 87' lang='lat' dir='ltr'>sane</span> <span class='ocrx_word' id='word_1_177' title='bbox 763 1679 973 1716; x_wconf 81' lang='lat' dir='ltr'>mutatione</span> <span class='ocrx_word' id='word_1_178' title='bbox 995 1679 1194 1727; x_wconf 82' lang='lat' dir='ltr'>legendum</span> <span class='ocrx_word' id='word_1_179' title='bbox 1219 1680 1321 1716; x_wconf 81' lang='lat' dir='ltr'>vide-</span> 
     </span>
     <span class='ocr_line' id='line_1_24' title="bbox 352 1729 1321 1779; baseline 0.003 -15"><span class='ocrx_word' id='word_1_180' title='bbox 352 1734 412 1764; x_wconf 75' lang='lat' dir='ltr'>tur</span> <span class='ocrx_word' id='word_1_181' title='bbox 425 1754 434 1769; x_wconf 92' lang='lat'>,</span> <span class='ocrx_word' id='word_1_182' title='bbox 454 1729 504 1762; x_wconf 77' lang='lat' dir='ltr'>ita</span> <span class='ocrx_word' id='word_1_183' title='bbox 519 1731 554 1763; x_wconf 86' lang='lat' dir='ltr'>in</span> <span class='ocrx_word' id='word_1_184' title='bbox 573 1730 681 1762; x_wconf 70' lang='lat' dir='ltr'>caenis</span> <span class='ocrx_word' id='word_1_185' title='bbox 694 1729 875 1776; x_wconf 65' lang='lat' dir='ltr'>&amp;lusibus</span> <span class='ocrx_word' id='word_1_186' title='bbox 897 1730 1059 1764; x_wconf 79' lang='lat' dir='ltr'>bominem</span> <span class='ocrx_word' id='word_1_187' title='bbox 1076 1730 1209 1779; x_wconf 80' lang='lat' dir='ltr'>agebat.</span> <span class='ocrx_word' id='word_1_188' title='bbox 1237 1730 1321 1767; x_wconf 75' lang='lat' dir='ltr'>sanc</span> 
     </span>
     <span class='ocr_line' id='line_1_25' title="bbox 355 1778 1319 1830; baseline 0.005 -18"><span class='ocrx_word' id='word_1_189' title='bbox 355 1780 392 1812; x_wconf 80' lang='lat' dir='ltr'>in</span> <span class='ocrx_word' id='word_1_190' title='bbox 410 1781 514 1813; x_wconf 83' lang='lat' dir='ltr'>coenis</span> <span class='ocrx_word' id='word_1_191' title='bbox 533 1793 595 1813; x_wconf 80' lang='lat' dir='ltr'>nnn</span> <span class='ocrx_word' id='word_1_192' title='bbox 607 1781 800 1815; x_wconf 58' lang='lat' dir='ltr'>Scaevolam</span> <span class='ocrx_word' id='word_1_193' title='bbox 819 1778 1037 1830; x_wconf 79' lang='lat' dir='ltr'>agebat3Jed</span> <span class='ocrx_word' id='word_1_194' title='bbox 1055 1781 1217 1815; x_wconf 80' lang='lat' dir='ltr'>hominem</span> <span class='ocrx_word' id='word_1_195' title='bbox 1232 1807 1239 1820; x_wconf 89' lang='lat'>,</span> <span class='ocrx_word' id='word_1_196' title='bbox 1263 1792 1319 1817; x_wconf 67' lang='lat' dir='ltr'>ae&gt;</span> 
     </span>
     <span class='ocr_line' id='line_1_26' title="bbox 359 1828 1325 1878; baseline 0.004 -15"><span class='ocrx_word' id='word_1_197' title='bbox 359 1839 433 1876; x_wconf 88' lang='lat' dir='ltr'>que</span> <span class='ocrx_word' id='word_1_198' title='bbox 454 1840 495 1864; x_wconf 89' lang='lat' dir='ltr'>ac</span> <span class='ocrx_word' id='word_1_199' title='bbox 515 1829 551 1865; x_wconf 91' lang='lat' dir='ltr'>in</span> <span class='ocrx_word' id='word_1_200' title='bbox 571 1828 712 1866; x_wconf 84' lang='lat' dir='ltr'>lufibus.</span> <span class='ocrx_word' id='word_1_201' title='bbox 730 1832 813 1867; x_wconf 84' lang='lat' dir='ltr'>&amp;in</span> <span class='ocrx_word' id='word_1_202' title='bbox 831 1834 936 1866; x_wconf 78' lang='lat' dir='ltr'>coenis</span> <span class='ocrx_word' id='word_1_203' title='bbox 956 1841 1073 1878; x_wconf 85' lang='lat' dir='ltr'>aeque</span> <span class='ocrx_word' id='word_1_204' title='bbox 1092 1831 1244 1867; x_wconf 83' lang='lat' dir='ltr'>assiduus</span> <span class='ocrx_word' id='word_1_205' title='bbox 1262 1831 1325 1867; x_wconf 92' lang='lat' dir='ltr'>ho-</span> 
     </span>
     <span class='ocr_line' id='line_1_27' title="bbox 359 1879 1327 1929; baseline 0.003 -14"><span class='ocrx_word' id='word_1_206' title='bbox 359 1879 504 1915; x_wconf 88' lang='lat' dir='ltr'>minum</span> <span class='ocrx_word' id='word_1_207' title='bbox 526 1880 630 1916; x_wconf 87' lang='lat' dir='ltr'>labor</span> <span class='ocrx_word' id='word_1_208' title='bbox 652 1881 881 1929; x_wconf 87' lang='lat' dir='ltr'>aliquantum</span> <span class='ocrx_word' id='word_1_209' title='bbox 904 1881 1193 1928; x_wconf 81' lang='lat' dir='ltr'>interrumpitur.</span> <span class='ocrx_word' id='word_1_210' title='bbox 1216 1881 1327 1918; x_wconf 80' lang='lat' dir='ltr'>Dices</span> 
     </span>
     <span class='ocr_line' id='line_1_28' title="bbox 359 1929 1326 1978; baseline 0.004 -13"><span class='ocrx_word' id='word_1_211' title='bbox 359 1930 449 1966; x_wconf 88' lang='lat' dir='ltr'>nihil</span> <span class='ocrx_word' id='word_1_212' title='bbox 472 1929 690 1978; x_wconf 70' lang='lat' dir='ltr'>praecessisse</span> <span class='ocrx_word' id='word_1_213' title='bbox 710 1931 749 1966; x_wconf 86' lang='lat' dir='ltr'>de</span> <span class='ocrx_word' id='word_1_214' title='bbox 767 1934 883 1967; x_wconf 83' lang='lat' dir='ltr'>coenis.</span> <span class='ocrx_word' id='word_1_215' title='bbox 903 1931 1038 1969; x_wconf 82' lang='lat' dir='ltr'>Fateor</span> <span class='ocrx_word' id='word_1_216' title='bbox 1056 1932 1160 1972; x_wconf 85' lang='lat' dir='ltr'>sane.</span> <span class='ocrx_word' id='word_1_217' title='bbox 1184 1933 1222 1968; x_wconf 69' lang='grc' dir='ltr'>ὃ(</span> <span class='ocrx_word' id='word_1_218' title='bbox 1244 1944 1326 1969; x_wconf 81' lang='lat' dir='ltr'>eam</span> 
     </span>
     <span class='ocr_line' id='line_1_29' title="bbox 362 1980 1329 2029; baseline 0.003 -13"><span class='ocrx_word' id='word_1_219' title='bbox 362 1981 609 2028; x_wconf 75' lang='lat' dir='ltr'>corruptionis</span> <span class='ocrx_word' id='word_1_220' title='bbox 628 1980 785 2018; x_wconf 84' lang='lat' dir='ltr'>cauffam</span> <span class='ocrx_word' id='word_1_221' title='bbox 811 1981 880 2018; x_wconf 87' lang='lat' dir='ltr'>esse</span> <span class='ocrx_word' id='word_1_222' title='bbox 899 1982 1031 2019; x_wconf 90' lang='lat' dir='ltr'>censeo</span> <span class='ocrx_word' id='word_1_223' title='bbox 1046 2007 1055 2022; x_wconf 83' lang='grc'><em>,</em></span> <span class='ocrx_word' id='word_1_224' title='bbox 1077 1982 1165 2019; x_wconf 85' lang='lat' dir='ltr'>dum</span> <span class='ocrx_word' id='word_1_225' title='bbox 1187 1982 1243 2019; x_wconf 90' lang='lat' dir='ltr'>alii</span> <span class='ocrx_word' id='word_1_226' title='bbox 1259 1986 1329 2029; x_wconf 68' lang='lat' dir='ltr'>ste-</span> 
     </span>
     <span class='ocr_line' id='line_1_30' title="bbox 364 2032 1329 2080; baseline 0.006 -16"><span class='ocrx_word' id='word_1_227' title='bbox 364 2033 415 2065; x_wconf 74' lang='lat' dir='ltr'>nis</span> <span class='ocrx_word' id='word_1_228' title='bbox 434 2032 595 2079; x_wconf 70' lang='lat' dir='ltr'>aliisenis</span> <span class='ocrx_word' id='word_1_229' title='bbox 609 2061 618 2074; x_wconf 89' lang='lat'><em>‚</em></span> <span class='ocrx_word' id='word_1_230' title='bbox 633 2032 688 2068; x_wconf 79' lang='lat' dir='ltr'>alii</span> <span class='ocrx_word' id='word_1_231' title='bbox 710 2033 900 2080; x_wconf 85' lang='lat' dir='ltr'>epitheton</span> <span class='ocrx_word' id='word_1_232' title='bbox 916 2033 1003 2069; x_wconf 90' lang='lat' dir='ltr'>inde</span> <span class='ocrx_word' id='word_1_233' title='bbox 1023 2033 1329 2070; x_wconf 85' lang='lat' dir='ltr'>formarunt.Ve-</span> 
     </span>
     <span class='ocr_line' id='line_1_31' title="bbox 365 2083 1328 2131; baseline 0.003 -14"><span class='ocrx_word' id='word_1_234' title='bbox 365 2094 444 2118; x_wconf 80' lang='lat' dir='ltr'>rum</span> <span class='ocrx_word' id='word_1_235' title='bbox 470 2084 575 2130; x_wconf 81' lang='lat' dir='ltr'>ponit</span> <span class='ocrx_word' id='word_1_236' title='bbox 596 2083 794 2130; x_wconf 82' lang='lat' dir='ltr'>aliquando</span> <span class='ocrx_word' id='word_1_237' title='bbox 815 2083 944 2120; x_wconf 66' lang='lat' dir='ltr'>auctor</span> <span class='ocrx_word' id='word_1_238' title='bbox 964 2084 1000 2119; x_wconf 93' lang='lat' dir='ltr'>in</span> <span class='ocrx_word' id='word_1_239' title='bbox 1021 2084 1169 2131; x_wconf 84' lang='lat' dir='ltr'>epilogo</span> <span class='ocrx_word' id='word_1_240' title='bbox 1191 2084 1328 2121; x_wconf 80' lang='lat' dir='ltr'>Exem-</span> 
     </span>
     <span class='ocr_line' id='line_1_32' title="bbox 364 2133 1331 2183; baseline 0.004 -15"><span class='ocrx_word' id='word_1_241' title='bbox 364 2133 436 2180; x_wconf 92' lang='lat' dir='ltr'>pli,</span> <span class='ocrx_word' id='word_1_242' title='bbox 457 2134 501 2170; x_wconf 87' lang='lat' dir='ltr'>de</span> <span class='ocrx_word' id='word_1_243' title='bbox 524 2145 601 2181; x_wconf 84' lang='lat' dir='ltr'>quo</span> <span class='ocrx_word' id='word_1_244' title='bbox 621 2133 707 2169; x_wconf 89' lang='lat' dir='ltr'>nihil</span> <span class='ocrx_word' id='word_1_245' title='bbox 726 2134 912 2181; x_wconf 69' lang='lat' dir='ltr'>praecessit</span> <span class='ocrx_word' id='word_1_246' title='bbox 926 2163 935 2179; x_wconf 92' lang='lat'>,</span> <span class='ocrx_word' id='word_1_247' title='bbox 953 2133 1013 2170; x_wconf 90' lang='lat' dir='ltr'>sed</span> <span class='ocrx_word' id='word_1_248' title='bbox 1031 2135 1132 2183; x_wconf 90' lang='lat' dir='ltr'>quod</span> <span class='ocrx_word' id='word_1_249' title='bbox 1152 2136 1331 2172; x_wconf 85' lang='lat' dir='ltr'>convenit</span> 
     </span>
     <span class='ocr_line' id='line_1_33' title="bbox 366 2184 1330 2234; baseline 0.004 -15"><span class='ocrx_word' id='word_1_250' title='bbox 366 2195 451 2220; x_wconf 86' lang='lat' dir='ltr'>cum</span> <span class='ocrx_word' id='word_1_251' title='bbox 484 2195 525 2219; x_wconf 89' lang='lat' dir='ltr'>ea</span> <span class='ocrx_word' id='word_1_252' title='bbox 555 2195 614 2225; x_wconf 88' lang='lat' dir='ltr'>re,</span> <span class='ocrx_word' id='word_1_253' title='bbox 650 2196 762 2232; x_wconf 86' lang='lat' dir='ltr'>quam</span> <span class='ocrx_word' id='word_1_254' title='bbox 791 2184 891 2222; x_wconf 82' lang='lat' dir='ltr'>dixit.</span> <span class='ocrx_word' id='word_1_255' title='bbox 946 2185 1135 2229; x_wconf 84' lang='lat' dir='ltr'>Accedit,</span> <span class='ocrx_word' id='word_1_256' title='bbox 1169 2185 1270 2234; x_wconf 83' lang='lat' dir='ltr'>quod</span> <span class='ocrx_word' id='word_1_257' title='bbox 1293 2187 1330 2223; x_wconf 90' lang='lat' dir='ltr'>hi</span> 
     </span>
     <span class='ocr_line' id='line_1_34' title="bbox 366 2233 1328 2273; baseline 0.003 -3"><span class='ocrx_word' id='word_1_258' title='bbox 366 2233 458 2270; x_wconf 79' lang='lat' dir='ltr'>lusus</span> <span class='ocrx_word' id='word_1_259' title='bbox 484 2236 559 2271; x_wconf 87' lang='lat' dir='ltr'>fere</span> <span class='ocrx_word' id='word_1_260' title='bbox 585 2235 766 2272; x_wconf 88' lang='lat' dir='ltr'>continuo</span> <span class='ocrx_word' id='word_1_261' title='bbox 797 2247 815 2272; x_wconf 89' lang='lat' dir='ltr'>a</span> <span class='ocrx_word' id='word_1_262' title='bbox 837 2247 953 2273; x_wconf 89' lang='lat' dir='ltr'>coena</span> <span class='ocrx_word' id='word_1_263' title='bbox 973 2245 1035 2272; x_wconf 92' lang='lat' dir='ltr'>aut</span> <span class='ocrx_word' id='word_1_264' title='bbox 1054 2236 1148 2273; x_wconf 84' lang='lat' dir='ltr'>inter</span> <span class='ocrx_word' id='word_1_265' title='bbox 1170 2248 1328 2273; x_wconf 84' lang='lat' dir='ltr'>coenam</span> 
     </span>
     <span class='ocr_line' id='line_1_35' title="bbox 368 2285 1331 2334; baseline 0.003 -13"><span class='ocrx_word' id='word_1_266' title='bbox 368 2285 609 2326; x_wconf 79' lang='lat' dir='ltr'>ludebantur,</span> <span class='ocrx_word' id='word_1_267' title='bbox 635 2294 787 2334; x_wconf 77' lang='lat' dir='ltr'>excepta</span> <span class='ocrx_word' id='word_1_268' title='bbox 816 2294 944 2323; x_wconf 85' lang='lat' dir='ltr'>tamen</span> <span class='ocrx_word' id='word_1_269' title='bbox 975 2286 1057 2334; x_wconf 86' lang='lat' dir='ltr'>pila.</span> <span class='ocrx_word' id='word_1_270' title='bbox 1111 2287 1331 2324; x_wconf 84' lang='lat' dir='ltr'>Commode</span> 
     </span>
     <span class='ocr_line' id='line_1_36' title="bbox 366 2336 1332 2386; baseline 0.002 -14"><span class='ocrx_word' id='word_1_271' title='bbox 366 2336 475 2384; x_wconf 84' lang='lat' dir='ltr'>igitur</span> <span class='ocrx_word' id='word_1_272' title='bbox 501 2337 693 2384; x_wconf 79' lang='lat' dir='ltr'>conjungit</span> <span class='ocrx_word' id='word_1_273' title='bbox 721 2351 832 2372; x_wconf 78' lang='lat' dir='ltr'>coenas</span> <span class='ocrx_word' id='word_1_274' title='bbox 861 2339 899 2374; x_wconf 73' lang='grc' dir='ltr'>δε</span> <span class='ocrx_word' id='word_1_275' title='bbox 919 2338 1031 2384; x_wconf 84' lang='lat' dir='ltr'>lusus;</span> <span class='ocrx_word' id='word_1_276' title='bbox 1061 2338 1145 2386; x_wconf 83' lang='lat' dir='ltr'>quia</span> <span class='ocrx_word' id='word_1_277' title='bbox 1173 2339 1209 2374; x_wconf 92' lang='lat' dir='ltr'>in</span> <span class='ocrx_word' id='word_1_278' title='bbox 1235 2353 1332 2374; x_wconf 80' lang='lat' dir='ltr'>coena</span> 
     </span>
     <span class='ocr_line' id='line_1_37' title="bbox 368 2387 1327 2437; baseline 0.004 -15"><span class='ocrx_word' id='word_1_279' title='bbox 368 2387 586 2435; x_wconf 82' lang='lat' dir='ltr'>praecipue,</span> <span class='ocrx_word' id='word_1_280' title='bbox 613 2387 711 2423; x_wconf 83' lang='lat' dir='ltr'>haud</span> <span class='ocrx_word' id='word_1_281' title='bbox 730 2387 837 2424; x_wconf 84' lang='lat' dir='ltr'>dubie</span> <span class='ocrx_word' id='word_1_282' title='bbox 865 2388 906 2425; x_wconf 89' lang='lat' dir='ltr'>iis</span> <span class='ocrx_word' id='word_1_283' title='bbox 927 2388 1088 2425; x_wconf 87' lang='lat' dir='ltr'>solebant</span> <span class='ocrx_word' id='word_1_284' title='bbox 1114 2389 1327 2437; x_wconf 81' lang='lat' dir='ltr'>indulgere,</span> 
     </span>
     <span class='ocr_line' id='line_1_38' title="bbox 366 2439 1331 2487; baseline 0.005 -15"><span class='ocrx_word' id='word_1_285' title='bbox 366 2439 464 2472; x_wconf 63' lang='lat' dir='ltr'>alveo</span> <span class='ocrx_word' id='word_1_286' title='bbox 492 2449 630 2486; x_wconf 86' lang='lat' dir='ltr'>nempe</span> <span class='ocrx_word' id='word_1_287' title='bbox 659 2446 704 2472; x_wconf 66' lang='grc'>(9·</span> <span class='ocrx_word' id='word_1_288' title='bbox 723 2440 870 2474; x_wconf 73' lang='lat' dir='ltr'>calcults.</span> <span class='ocrx_word' id='word_1_289' title='bbox 914 2439 1031 2486; x_wconf 89' lang='lat' dir='ltr'>Quod</span> <span class='ocrx_word' id='word_1_290' title='bbox 1063 2439 1085 2475; x_wconf 85' lang='lat' dir='ltr'>si</span> <span class='ocrx_word' id='word_1_291' title='bbox 1117 2439 1214 2487; x_wconf 82' lang='lat' dir='ltr'>legas</span> <span class='ocrx_word' id='word_1_292' title='bbox 1246 2452 1331 2477; x_wconf 84' lang='lat' dir='ltr'>curn</span> 
     </span>
     <span class='ocr_line' id='line_1_39' title="bbox 372 2487 1332 2537; baseline 0.002 -12"><span class='ocrx_word' id='word_1_293' title='bbox 372 2487 566 2535; x_wconf 71' lang='lat' dir='ltr'>Rutgerfio</span> <span class='ocrx_word' id='word_1_294' title='bbox 584 2487 747 2534; x_wconf 75' lang='lat' dir='ltr'>senilibus</span> <span class='ocrx_word' id='word_1_295' title='bbox 774 2487 897 2533; x_wconf 75' lang='lat' dir='ltr'>lusibus</span> <span class='ocrx_word' id='word_1_296' title='bbox 921 2516 930 2532; x_wconf 89' lang='lat'><em>‚</em></span> <span class='ocrx_word' id='word_1_297' title='bbox 963 2490 1023 2537; x_wconf 83' lang='lat' dir='ltr'>qui</span> <span class='ocrx_word' id='word_1_298' title='bbox 1055 2489 1100 2525; x_wconf 82' lang='lat' dir='ltr'>ad</span> <span class='ocrx_word' id='word_1_299' title='bbox 1127 2501 1189 2526; x_wconf 88' lang='lat' dir='ltr'>eos</span> <span class='ocrx_word' id='word_1_300' title='bbox 1221 2493 1332 2527; x_wconf 87' lang='lat' dir='ltr'>refer-</span> 
     </span>
     <span class='ocr_line' id='line_1_40' title="bbox 374 2538 1333 2587; baseline 0.003 -12"><span class='ocrx_word' id='word_1_301' title='bbox 374 2550 412 2575; x_wconf 83' lang='lat' dir='ltr'>re</span> <span class='ocrx_word' id='word_1_302' title='bbox 433 2539 539 2587; x_wconf 80' lang='lat' dir='ltr'>poffis</span> <span class='ocrx_word' id='word_1_303' title='bbox 567 2539 679 2586; x_wconf 89' lang='lat' dir='ltr'>pilam</span> <span class='ocrx_word' id='word_1_304' title='bbox 708 2550 785 2576; x_wconf 91' lang='lat' dir='ltr'>non</span> <span class='ocrx_word' id='word_1_305' title='bbox 806 2538 918 2575; x_wconf 87' lang='lat' dir='ltr'>video</span> <span class='ocrx_word' id='word_1_306' title='bbox 936 2566 946 2581; x_wconf 88' lang='lat'>,</span> <span class='ocrx_word' id='word_1_307' title='bbox 972 2551 1067 2587; x_wconf 86' lang='lat' dir='ltr'>quae</span> <span class='ocrx_word' id='word_1_308' title='bbox 1090 2540 1173 2576; x_wconf 85' lang='lat' dir='ltr'>sane</span> <span class='ocrx_word' id='word_1_309' title='bbox 1194 2551 1271 2577; x_wconf 80' lang='lat' dir='ltr'>non</span> <span class='ocrx_word' id='word_1_310' title='bbox 1295 2553 1333 2578; x_wconf 91' lang='lat' dir='ltr'>e-</span> 
     </span>
     <span class='ocr_line' id='line_1_41' title="bbox 374 2587 1330 2638; baseline 0.003 -13"><span class='ocrx_word' id='word_1_311' title='bbox 374 2598 428 2626; x_wconf 86' lang='lat' dir='ltr'>rat</span> <span class='ocrx_word' id='word_1_312' title='bbox 456 2590 652 2638; x_wconf 81' lang='lat' dir='ltr'>praecipue</span> <span class='ocrx_word' id='word_1_313' title='bbox 683 2589 809 2626; x_wconf 89' lang='lat' dir='ltr'>senum</span> <span class='ocrx_word' id='word_1_314' title='bbox 841 2587 1046 2625; x_wconf 66' lang='lat' dir='ltr'>delectatio.</span> <span class='ocrx_word' id='word_1_315' title='bbox 1081 2589 1159 2626; x_wconf 86' lang='lat' dir='ltr'>Cic.</span> <span class='ocrx_word' id='word_1_316' title='bbox 1196 2590 1242 2627; x_wconf 86' lang='lat' dir='ltr'>de</span> <span class='ocrx_word' id='word_1_317' title='bbox 1274 2592 1330 2628; x_wconf 89' lang='lat' dir='ltr'>Se-</span> 
     </span>
     <span class='ocr_line' id='line_1_42' title="bbox 372 2639 1332 2686; baseline 0 -9"><span class='ocrx_word' id='word_1_318' title='bbox 372 2640 467 2677; x_wconf 56' lang='lat' dir='ltr'>nest.</span> <span class='ocrx_word' id='word_1_319' title='bbox 515 2652 544 2676; x_wconf 84' lang='lat' dir='ltr'>C.</span> <span class='ocrx_word' id='word_1_320' title='bbox 582 2640 635 2677; x_wconf 85' lang='lat'>16.</span> <span class='ocrx_word' id='word_1_321' title='bbox 692 2639 854 2676; x_wconf 80' lang='lat' dir='ltr'>Habeant</span> <span class='ocrx_word' id='word_1_322' title='bbox 875 2639 943 2685; x_wconf 81' lang='lat' dir='ltr'>fibi</span> <span class='ocrx_word' id='word_1_323' title='bbox 972 2646 1106 2683; x_wconf 66' lang='lat' dir='ltr'>juvenes</span> <span class='ocrx_word' id='word_1_324' title='bbox 1134 2642 1238 2686; x_wconf 80' lang='lat' dir='ltr'>pilam</span> <span class='ocrx_word' id='word_1_325' title='bbox 1265 2644 1332 2678; x_wconf 82' lang='lat' dir='ltr'>cla-</span> 
     </span>
     <span class='ocr_line' id='line_1_43' title="bbox 370 2690 1333 2739; baseline 0.001 -13"><span class='ocrx_word' id='word_1_326' title='bbox 370 2706 450 2726; x_wconf 62' lang='lat' dir='ltr'>vam</span> <span class='ocrx_word' id='word_1_327' title='bbox 473 2693 542 2728; x_wconf 48' lang='lat' dir='ltr'>&amp;tt</span> <span class='ocrx_word' id='word_1_328' title='bbox 571 2691 664 2726; x_wconf 80' lang='lat' dir='ltr'>nobis</span> <span class='ocrx_word' id='word_1_329' title='bbox 692 2690 825 2736; x_wconf 77' lang='lat' dir='ltr'>senibus</span> <span class='ocrx_word' id='word_1_330' title='bbox 860 2692 1052 2738; x_wconf 81' lang='lat' dir='ltr'>relinquant</span> <span class='ocrx_word' id='word_1_331' title='bbox 1088 2693 1172 2726; x_wconf 79' lang='lat' dir='ltr'>talos</span> <span class='ocrx_word' id='word_1_332' title='bbox 1201 2700 1244 2726; x_wconf 63' lang='grc' dir='ltr'>ω’</span> <span class='ocrx_word' id='word_1_333' title='bbox 1267 2695 1333 2739; x_wconf 84' lang='lat' dir='ltr'>tes-</span> 
     </span>
     <span class='ocr_line' id='line_1_44' title="bbox 362 2742 1334 2790; baseline 0.001 -13"><span class='ocrx_word' id='word_1_334' title='bbox 362 2745 471 2789; x_wconf 78' lang='lat' dir='ltr'>seras.</span> <span class='ocrx_word' id='word_1_335' title='bbox 502 2742 573 2779; x_wconf 84' lang='lat' dir='ltr'>Pro</span> <span class='ocrx_word' id='word_1_336' title='bbox 593 2742 741 2779; x_wconf 81' lang='lat' dir='ltr'>Archia.</span> <span class='ocrx_word' id='word_1_337' title='bbox 768 2743 963 2790; x_wconf 73' lang='lat' dir='ltr'>Quantum</span> <span class='ocrx_word' id='word_1_338' title='bbox 990 2742 1056 2776; x_wconf 79' lang='lat' dir='ltr'>alii</span> <span class='ocrx_word' id='word_1_339' title='bbox 1085 2742 1230 2778; x_wconf 77' lang='lat' dir='ltr'>trdmunt</span> <span class='ocrx_word' id='word_1_340' title='bbox 1251 2754 1334 2778; x_wconf 84' lang='lat' dir='ltr'>tem-</span> 
     </span>
     <span class='ocr_line' id='line_1_45' title="bbox 363 2790 1334 2841; baseline 0.001 -14"><span class='ocrx_word' id='word_1_341' title='bbox 363 2794 506 2841; x_wconf 56' lang='lat' dir='ltr'>pestivis</span> <span class='ocrx_word' id='word_1_342' title='bbox 549 2794 716 2829; x_wconf 65' lang='lat' dir='ltr'>conviviis</span> <span class='ocrx_word' id='word_1_343' title='bbox 736 2820 746 2836; x_wconf 94' lang='lat'><em>‚</em></span> <span class='ocrx_word' id='word_1_344' title='bbox 807 2802 968 2841; x_wconf 73' lang='lat' dir='ltr'>quantum</span> <span class='ocrx_word' id='word_1_345' title='bbox 1015 2790 1153 2841; x_wconf 79' lang='lat' dir='ltr'>denique</span> <span class='ocrx_word' id='word_1_346' title='bbox 1199 2796 1293 2828; x_wconf 78' lang='lat' dir='ltr'>aleae</span> <span class='ocrx_word' id='word_1_347' title='bbox 1324 2823 1334 2837; x_wconf 94' lang='lat'>,</span> 
     </span>
     <span class='ocr_line' id='line_1_46' title="bbox 370 2842 1333 2893; baseline 0.006 -18"><span class='ocrx_word' id='word_1_348' title='bbox 370 2854 533 2890; x_wconf 80' lang='lat' dir='ltr'>quantum</span> <span class='ocrx_word' id='word_1_349' title='bbox 566 2845 668 2891; x_wconf 76' lang='lat' dir='ltr'>pilae.</span> <span class='ocrx_word' id='word_1_350' title='bbox 739 2844 799 2880; x_wconf 94' lang='lat' dir='ltr'>De</span> <span class='ocrx_word' id='word_1_351' title='bbox 837 2842 964 2879; x_wconf 80' lang='lat' dir='ltr'>Scurra</span> <span class='ocrx_word' id='word_1_352' title='bbox 1000 2842 1086 2879; x_wconf 88' lang='lat' dir='ltr'>vide</span> <span class='ocrx_word' id='word_1_353' title='bbox 1136 2842 1203 2880; x_wconf 89' lang='lat' dir='ltr'>Cic</span> <span class='ocrx_word' id='word_1_354' title='bbox 1266 2856 1333 2893; x_wconf 91' lang='lat' dir='ltr'>pro</span> 
     </span>
     <span class='ocr_line' id='line_1_47' title="bbox 370 2892 1329 2939; baseline 0.001 -9"><span class='ocrx_word' id='word_1_355' title='bbox 370 2892 520 2930; x_wconf 84' lang='lat' dir='ltr'>Cluent.</span> <span class='ocrx_word' id='word_1_356' title='bbox 568 2905 597 2929; x_wconf 89' lang='lat' dir='ltr'>c.</span> <span class='ocrx_word' id='word_1_357' title='bbox 632 2907 683 2939; x_wconf 72' lang='lat'>14.</span> <span class='ocrx_word' id='word_1_358' title='bbox 735 2893 783 2930; x_wconf 87' lang='lat' dir='ltr'>fic</span> <span class='ocrx_word' id='word_1_359' title='bbox 824 2895 918 2931; x_wconf 89' lang='lat' dir='ltr'>infra</span> <span class='ocrx_word' id='word_1_360' title='bbox 956 2905 1044 2929; x_wconf 84' lang='lat' dir='ltr'>vm·</span> <span class='ocrx_word' id='word_1_361' title='bbox 1085 2905 1138 2936; x_wconf 71' lang='lat'>14.</span> <span class='ocrx_word' id='word_1_362' title='bbox 1194 2903 1266 2930; x_wconf 80' lang='lat' dir='ltr'>ext.</span> <span class='ocrx_word' id='word_1_363' title='bbox 1296 2907 1329 2931; x_wconf 89' lang='lat'>2.</span> 
     </span>
     <span class='ocr_line' id='line_1_48' title="bbox 375 2943 1337 2993; baseline 0.001 -12"><span class='ocrx_word' id='word_1_364' title='bbox 375 2943 568 2981; x_wconf 77' lang='lat' dir='ltr'>clausulam</span> <span class='ocrx_word' id='word_1_365' title='bbox 609 2953 852 2993; x_wconf 87' lang='lat' dir='ltr'>corruperunt</span> <span class='ocrx_word' id='word_1_366' title='bbox 880 2944 1044 2988; x_wconf 83' lang='lat' dir='ltr'>librarii,</span> <span class='ocrx_word' id='word_1_367' title='bbox 1087 2943 1175 2980; x_wconf 87' lang='lat' dir='ltr'>dum</span> <span class='ocrx_word' id='word_1_368' title='bbox 1205 2945 1337 2982; x_wconf 85' lang='lat' dir='ltr'>volunt</span> 
     </span>
     <span class='ocr_line' id='line_1_49' title="bbox 371 2994 1338 3045; baseline 0.001 -12"><span class='ocrx_word' id='word_1_369' title='bbox 371 2995 415 3034; x_wconf 84' lang='lat' dir='ltr'>ad</span> <span class='ocrx_word' id='word_1_370' title='bbox 443 3003 703 3043; x_wconf 79' lang='lat' dir='ltr'>argumentum</span> <span class='ocrx_word' id='word_1_371' title='bbox 732 2994 894 3045; x_wconf 86' lang='lat' dir='ltr'>exempli</span> <span class='ocrx_word' id='word_1_372' title='bbox 921 3006 1005 3034; x_wconf 85' lang='lat' dir='ltr'>eam</span> <span class='ocrx_word' id='word_1_373' title='bbox 1037 2995 1218 3041; x_wconf 86' lang='lat' dir='ltr'>formari,</span> <span class='ocrx_word' id='word_1_374' title='bbox 1244 2996 1338 3034; x_wconf 87' lang='lat' dir='ltr'>inse-</span> 
     </span>
    </p>
   </div>
   <div class='ocr_carea' id='block_1_5' title="bbox 129 514 2356 682">
    <p class='ocr_par' dir='ltr' id='par_1_5' title="bbox 129 514 2356 682">
     <span class='ocr_line' id='line_1_50' title="bbox 129 514 1387 582; baseline -0.003 0"><span class='ocrx_word' id='word_1_375' title='bbox 129 514 256 582; x_wconf 49' lang='lat' dir='ltr'>ZEJAE·</span> <span class='ocrx_word' id='word_1_376' title='bbox 283 521 327 546; x_wconf 77' lang='lat'>¹’&#39;·</span> <span class='ocrx_word' id='word_1_377' title='bbox 348 534 501 582; x_wconf 66' lang='lat' dir='ltr'>filiolis</span> <span class='ocrx_word' id='word_1_378' title='bbox 536 535 692 581; x_wconf 72' lang='lat' dir='ltr'>ludens</span> <span class='ocrx_word' id='word_1_379' title='bbox 731 541 768 570; x_wconf 71' lang='lat'>1³</span> <span class='ocrx_word' id='word_1_380' title='bbox 807 534 862 580; x_wconf 74' lang='lat' dir='ltr'>ab</span> <span class='ocrx_word' id='word_1_381' title='bbox 899 533 1138 580; x_wconf 70' lang='lat' dir='ltr'>Aicibiade</span> <span class='ocrx_word' id='word_1_382' title='bbox 1171 531 1275 579; x_wconf 78' lang='lat' dir='ltr'>risus</span> <span class='ocrx_word' id='word_1_383' title='bbox 1310 533 1387 579; x_wconf 82' lang='lat' dir='ltr'>est.</span> 
     </span>
     <span class='ocr_line' id='line_1_51' title="bbox 130 603 2356 682; baseline 0.001 -18"><span class='ocrx_word' id='word_1_384' title='bbox 130 603 292 673; x_wconf 41' lang='lat' dir='ltr'>‘&#39;¹¹¹&#39;2f2&#39;</span> <span class='ocrx_word' id='word_1_385' title='bbox 416 618 649 664; x_wconf 78' lang='lat' dir='ltr'>Homerus</span> <span class='ocrx_word' id='word_1_386' title='bbox 685 632 895 680; x_wconf 87' lang='lat' dir='ltr'>quoque,</span> <span class='ocrx_word' id='word_1_387' title='bbox 931 618 1104 682; x_wconf 84' lang='lat' dir='ltr'>ingenii</span> <span class='ocrx_word' id='word_1_388' title='bbox 1138 615 1339 664; x_wconf 89' lang='lat' dir='ltr'>coelestis</span> <span class='ocrx_word' id='word_1_389' title='bbox 1371 628 1518 676; x_wconf 79' lang='lat' dir='ltr'>vates,</span> <span class='ocrx_word' id='word_1_390' title='bbox 1551 633 1644 664; x_wconf 91' lang='lat' dir='ltr'>non</span> <span class='ocrx_word' id='word_1_391' title='bbox 1677 616 1797 664; x_wconf 83' lang='lat' dir='ltr'>aliud</span> <span class='ocrx_word' id='word_1_392' title='bbox 1831 614 1991 675; x_wconf 76' lang='lat' dir='ltr'>sensit,</span> <span class='ocrx_word' id='word_1_393' title='bbox 2026 617 2356 667; x_wconf 84' lang='lat' dir='ltr'>vehementifli-</span> 
     </span>
    </p>
   </div>
   <div class='ocr_carea' id='block_1_6' title="bbox 2271 716 2356 747">
    <p class='ocr_par' dir='ltr' id='par_1_6' title="bbox 2271 716 2356 747">
     <span class='ocr_line' id='line_1_52' title="bbox 2271 716 2356 747; baseline -0.012 0"><span class='ocrx_word' id='word_1_394' title='bbox 2271 716 2356 747; x_wconf 82' lang='lat' dir='ltr'>mlS</span> 
     </span>
    </p>
   </div>
   <div class='ocr_carea' id='block_1_7' title="bbox 1370 814 2360 2993">
    <p class='ocr_par' dir='ltr' id='par_1_7' title="bbox 1370 814 2360 2993">
     <span class='ocr_line' id='line_1_53' title="bbox 1377 814 2358 867; baseline 0.003 -16"><span class='ocrx_word' id='word_1_395' title='bbox 1377 815 1496 854; x_wconf 89' lang='lat' dir='ltr'>rendo</span> <span class='ocrx_word' id='word_1_396' title='bbox 1518 817 1662 867; x_wconf 81' lang='lat' dir='ltr'>gloriae.</span> <span class='ocrx_word' id='word_1_397' title='bbox 1700 814 1817 852; x_wconf 89' lang='lat' dir='ltr'>Paulo</span> <span class='ocrx_word' id='word_1_398' title='bbox 1843 822 1951 859; x_wconf 84' lang='lat' dir='ltr'>ante,</span> <span class='ocrx_word' id='word_1_399' title='bbox 1993 814 2079 853; x_wconf 88' lang='lat' dir='ltr'>dicit</span> <span class='ocrx_word' id='word_1_400' title='bbox 2107 817 2265 853; x_wconf 65' lang='lat' dir='ltr'>Scaevola</span> <span class='ocrx_word' id='word_1_401' title='bbox 2296 832 2358 854; x_wconf 72' lang='lat' dir='ltr'>au-</span> 
     </span>
     <span class='ocr_line' id='line_1_54' title="bbox 1377 866 2357 917; baseline 0.005 -16"><span class='ocrx_word' id='word_1_402' title='bbox 1377 876 1442 902; x_wconf 83' lang='lat' dir='ltr'>tem</span> <span class='ocrx_word' id='word_1_403' title='bbox 1480 871 1613 917; x_wconf 77' lang='lat' dir='ltr'>quietae</span> <span class='ocrx_word' id='word_1_404' title='bbox 1652 866 1839 914; x_wconf 66' lang='lat' dir='ltr'>remtffionii</span> <span class='ocrx_word' id='word_1_405' title='bbox 1880 881 1989 903; x_wconf 82' lang='lat' dir='ltr'>eorum</span> <span class='ocrx_word' id='word_1_406' title='bbox 2030 866 2216 913; x_wconf 71' lang='lat' dir='ltr'>certiffi&#39;mus</span> <span class='ocrx_word' id='word_1_407' title='bbox 2255 872 2357 915; x_wconf 72' lang='lat' dir='ltr'>testis.</span> 
     </span>
     <span class='ocr_line' id='line_1_55' title="bbox 1382 917 2356 967; baseline 0.003 -14"><span class='ocrx_word' id='word_1_408' title='bbox 1382 917 1595 964; x_wconf 48' lang='lat' dir='ltr'>Suspectum</span> <span class='ocrx_word' id='word_1_409' title='bbox 1619 918 1679 954; x_wconf 90' lang='lat' dir='ltr'>hic</span> <span class='ocrx_word' id='word_1_410' title='bbox 1699 918 1736 952; x_wconf 64' lang='grc' dir='ltr'><em>τί</em></span> <span class='ocrx_word' id='word_1_411' title='bbox 1762 919 1910 966; x_wconf 82' lang='lat' dir='ltr'>quietae.</span> <span class='ocrx_word' id='word_1_412' title='bbox 1939 928 2003 954; x_wconf 87' lang='lat' dir='ltr'>cur</span> <span class='ocrx_word' id='word_1_413' title='bbox 2024 919 2123 954; x_wconf 86' lang='lat' dir='ltr'>enim</span> <span class='ocrx_word' id='word_1_414' title='bbox 2154 919 2278 967; x_wconf 84' lang='lat' dir='ltr'>quieta</span> <span class='ocrx_word' id='word_1_415' title='bbox 2311 920 2356 957; x_wconf 91' lang='lat' dir='ltr'>il-</span> 
     </span>
     <span class='ocr_line' id='line_1_56' title="bbox 1377 967 2358 1016; baseline 0.004 -12"><span class='ocrx_word' id='word_1_416' title='bbox 1377 967 1411 1005; x_wconf 87' lang='lat' dir='ltr'>la</span> <span class='ocrx_word' id='word_1_417' title='bbox 1432 969 1591 1006; x_wconf 83' lang='lat' dir='ltr'>remissio</span> <span class='ocrx_word' id='word_1_418' title='bbox 1616 980 1700 1005; x_wconf 86' lang='lat' dir='ltr'>cum</span> <span class='ocrx_word' id='word_1_419' title='bbox 1729 975 1948 1016; x_wconf 83' lang='lat' dir='ltr'>vagarentur</span> <span class='ocrx_word' id='word_1_420' title='bbox 1968 968 2005 1004; x_wconf 88' lang='lat' dir='ltr'>in</span> <span class='ocrx_word' id='word_1_421' title='bbox 2028 967 2174 1012; x_wconf 84' lang='lat' dir='ltr'>littore,</span> <span class='ocrx_word' id='word_1_422' title='bbox 2197 970 2358 1008; x_wconf 83' lang='lat' dir='ltr'>conchas</span> 
     </span>
     <span class='ocr_line' id='line_1_57' title="bbox 1375 1018 2356 1068; baseline 0.003 -13"><span class='ocrx_word' id='word_1_423' title='bbox 1375 1029 1626 1067; x_wconf 88' lang='lat' dir='ltr'>quaerentes;</span> <span class='ocrx_word' id='word_1_424' title='bbox 1675 1018 1733 1055; x_wconf 87' lang='lat' dir='ltr'>illa</span> <span class='ocrx_word' id='word_1_425' title='bbox 1762 1019 1886 1067; x_wconf 89' lang='lat' dir='ltr'>potius</span> <span class='ocrx_word' id='word_1_426' title='bbox 1924 1020 2050 1068; x_wconf 87' lang='lat' dir='ltr'>quieta</span> <span class='ocrx_word' id='word_1_427' title='bbox 2090 1019 2250 1057; x_wconf 75' lang='lat' dir='ltr'>remissio</span> <span class='ocrx_word' id='word_1_428' title='bbox 2283 1020 2356 1058; x_wconf 88' lang='lat' dir='ltr'>dici</span> 
     </span>
     <span class='ocr_line' id='line_1_58' title="bbox 1375 1070 2353 1121; baseline -0.001 -13"><span class='ocrx_word' id='word_1_429' title='bbox 1375 1072 1499 1117; x_wconf 87' lang='lat' dir='ltr'>potuit</span> <span class='ocrx_word' id='word_1_430' title='bbox 1521 1070 1729 1107; x_wconf 85' lang='lat' dir='ltr'>ludentium</span> <span class='ocrx_word' id='word_1_431' title='bbox 1759 1070 1836 1106; x_wconf 80' lang='lat' dir='ltr'>alea</span> <span class='ocrx_word' id='word_1_432' title='bbox 1867 1070 1905 1106; x_wconf 71' lang='grc' dir='ltr'>ὅ(</span> <span class='ocrx_word' id='word_1_433' title='bbox 1934 1070 2055 1107; x_wconf 81' lang='lat' dir='ltr'>alveo.</span> <span class='ocrx_word' id='word_1_434' title='bbox 2105 1070 2216 1107; x_wconf 84' lang='lat' dir='ltr'>Forte</span> <span class='ocrx_word' id='word_1_435' title='bbox 2240 1096 2249 1112; x_wconf 95' lang='lat'>,</span> <span class='ocrx_word' id='word_1_436' title='bbox 2292 1074 2353 1121; x_wconf 81' lang='lat' dir='ltr'>qui</span> 
     </span>
     <span class='ocr_line' id='line_1_59' title="bbox 1375 1119 2351 1169; baseline 0.004 -14"><span class='ocrx_word' id='word_1_437' title='bbox 1375 1132 1451 1155; x_wconf 83' lang='lat' dir='ltr'>ante</span> <span class='ocrx_word' id='word_1_438' title='bbox 1476 1121 1598 1169; x_wconf 79' lang='lat' dir='ltr'>remiss.</span> <span class='ocrx_word' id='word_1_439' title='bbox 1634 1129 1708 1157; x_wconf 66' lang='lat' dir='ltr'>eye.</span> <span class='ocrx_word' id='word_1_440' title='bbox 1734 1119 1821 1157; x_wconf 86' lang='lat' dir='ltr'>idest</span> <span class='ocrx_word' id='word_1_441' title='bbox 1850 1120 1970 1167; x_wconf 87' lang='lat' dir='ltr'>priore</span> <span class='ocrx_word' id='word_1_442' title='bbox 2000 1121 2037 1157; x_wconf 90' lang='lat' dir='ltr'>in</span> <span class='ocrx_word' id='word_1_443' title='bbox 2068 1122 2254 1169; x_wconf 86' lang='lat' dir='ltr'>exemplo.</span> <span class='ocrx_word' id='word_1_444' title='bbox 2292 1122 2351 1159; x_wconf 85' lang='lat' dir='ltr'>vel</span> 
     </span>
     <span class='ocr_line' id='line_1_60' title="bbox 1374 1171 2356 1220; baseline 0.005 -15"><span class='ocrx_word' id='word_1_445' title='bbox 1374 1174 1467 1220; x_wconf 80' lang='lat' dir='ltr'>quiet</span> <span class='ocrx_word' id='word_1_446' title='bbox 1503 1187 1580 1209; x_wconf 85' lang='lat' dir='ltr'>rem.</span> <span class='ocrx_word' id='word_1_447' title='bbox 1617 1186 1681 1208; x_wconf 79' lang='lat' dir='ltr'>eor.</span> <span class='ocrx_word' id='word_1_448' title='bbox 1717 1171 2016 1208; x_wconf 86' lang='lat' dir='ltr'>PERIZON.</span> <span class='ocrx_word' id='word_1_449' title='bbox 2052 1171 2230 1209; x_wconf 75' lang='lat' dir='ltr'>Klokkius</span> <span class='ocrx_word' id='word_1_450' title='bbox 2268 1184 2356 1219; x_wconf 86' lang='lat' dir='ltr'>pro-</span> 
     </span>
     <span class='ocr_line' id='line_1_61' title="bbox 1376 1221 2353 1270; baseline 0 -12"><span class='ocrx_word' id='word_1_451' title='bbox 1376 1223 1476 1259; x_wconf 86' lang='lat' dir='ltr'>xime</span> <span class='ocrx_word' id='word_1_452' title='bbox 1507 1223 1552 1260; x_wconf 89' lang='lat' dir='ltr'>ad</span> <span class='ocrx_word' id='word_1_453' title='bbox 1586 1222 1784 1270; x_wconf 84' lang='lat' dir='ltr'>Pighianos</span> <span class='ocrx_word' id='word_1_454' title='bbox 1818 1222 1929 1259; x_wconf 85' lang='lat' dir='ltr'>libros</span> <span class='ocrx_word' id='word_1_455' title='bbox 1963 1221 2050 1269; x_wconf 83' lang='lat' dir='ltr'>legit</span> <span class='ocrx_word' id='word_1_456' title='bbox 2081 1226 2116 1257; x_wconf 79' lang='lat' dir='ltr'>in</span> <span class='ocrx_word' id='word_1_457' title='bbox 2140 1225 2238 1270; x_wconf 80' lang='lat' dir='ltr'>sanis</span> <span class='ocrx_word' id='word_1_458' title='bbox 2271 1224 2353 1270; x_wconf 81' lang='lat' dir='ltr'>lufi-</span> 
     </span>
     <span class='ocr_line' id='line_1_62' title="bbox 1374 1272 2351 1322; baseline 0.004 -15"><span class='ocrx_word' id='word_1_459' title='bbox 1374 1272 1446 1309; x_wconf 77' lang='lat' dir='ltr'>bus.</span> <span class='ocrx_word' id='word_1_460' title='bbox 1474 1273 1728 1321; x_wconf 86' lang='lat' dir='ltr'>Amplissimus</span> <span class='ocrx_word' id='word_1_461' title='bbox 1750 1284 1824 1310; x_wconf 83' lang='lat' dir='ltr'>van</span> <span class='ocrx_word' id='word_1_462' title='bbox 1845 1272 2113 1321; x_wconf 85' lang='lat' dir='ltr'>Bynkershoek</span> <span class='ocrx_word' id='word_1_463' title='bbox 2137 1274 2235 1310; x_wconf 83' lang='lat' dir='ltr'>varie</span> <span class='ocrx_word' id='word_1_464' title='bbox 2255 1286 2351 1322; x_wconf 83' lang='lat' dir='ltr'>quo—</span> 
     </span>
     <span class='ocr_line' id='line_1_63' title="bbox 1374 1322 2353 1372; baseline 0.002 -12"><span class='ocrx_word' id='word_1_465' title='bbox 1374 1335 1448 1372; x_wconf 89' lang='lat' dir='ltr'>que</span> <span class='ocrx_word' id='word_1_466' title='bbox 1478 1326 1515 1361; x_wconf 90' lang='lat' dir='ltr'>in</span> <span class='ocrx_word' id='word_1_467' title='bbox 1547 1325 1621 1361; x_wconf 91' lang='lat' dir='ltr'>hoc</span> <span class='ocrx_word' id='word_1_468' title='bbox 1649 1324 1739 1361; x_wconf 89' lang='lat' dir='ltr'>loco</span> <span class='ocrx_word' id='word_1_469' title='bbox 1768 1322 1957 1361; x_wconf 68' lang='lat' dir='ltr'>flutftuavit</span> <span class='ocrx_word' id='word_1_470' title='bbox 1978 1352 1988 1367; x_wconf 91' lang='lat'>,</span> <span class='ocrx_word' id='word_1_471' title='bbox 2032 1323 2151 1360; x_wconf 86' lang='lat' dir='ltr'>modo</span> <span class='ocrx_word' id='word_1_472' title='bbox 2183 1324 2353 1362; x_wconf 87' lang='lat' dir='ltr'>dubitans</span> 
     </span>
     <span class='ocr_line' id='line_1_64' title="bbox 1375 1373 2352 1422; baseline 0.001 -11"><span class='ocrx_word' id='word_1_473' title='bbox 1375 1386 1421 1411; x_wconf 85' lang='lat' dir='ltr'>an</span> <span class='ocrx_word' id='word_1_474' title='bbox 1444 1377 1603 1421; x_wconf 71' lang='lat' dir='ltr'>scurriles</span> <span class='ocrx_word' id='word_1_475' title='bbox 1630 1376 1720 1422; x_wconf 82' lang='lat' dir='ltr'>lusus</span> <span class='ocrx_word' id='word_1_476' title='bbox 1747 1385 1881 1411; x_wconf 84' lang='lat' dir='ltr'>omnes</span> <span class='ocrx_word' id='word_1_477' title='bbox 1909 1374 2003 1411; x_wconf 88' lang='lat' dir='ltr'>lusus</span> <span class='ocrx_word' id='word_1_478' title='bbox 2032 1373 2103 1410; x_wconf 93' lang='lat' dir='ltr'>dici</span> <span class='ocrx_word' id='word_1_479' title='bbox 2130 1373 2274 1422; x_wconf 75' lang='lat' dir='ltr'>possent</span> <span class='ocrx_word' id='word_1_480' title='bbox 2295 1387 2352 1413; x_wconf 93' lang='lat' dir='ltr'>re-</span> 
     </span>
     <span class='ocr_line' id='line_1_65' title="bbox 1373 1425 2356 1473; baseline 0.003 -12"><span class='ocrx_word' id='word_1_481' title='bbox 1373 1425 1497 1473; x_wconf 62' lang='lat' dir='ltr'>spectu</span> <span class='ocrx_word' id='word_1_482' title='bbox 1529 1425 1753 1468; x_wconf 81' lang='lat' dir='ltr'>Scaevolae,</span> <span class='ocrx_word' id='word_1_483' title='bbox 1775 1425 1857 1462; x_wconf 86' lang='lat' dir='ltr'>Viri</span> <span class='ocrx_word' id='word_1_484' title='bbox 1879 1425 2111 1468; x_wconf 79' lang='lat' dir='ltr'>Graviffirni,</span> <span class='ocrx_word' id='word_1_485' title='bbox 2142 1427 2179 1462; x_wconf 69' lang='grc' dir='ltr'>ὃ(</span> <span class='ocrx_word' id='word_1_486' title='bbox 2198 1426 2257 1463; x_wconf 85' lang='lat' dir='ltr'>vel</span> <span class='ocrx_word' id='word_1_487' title='bbox 2276 1429 2356 1464; x_wconf 86' lang='lat' dir='ltr'>Au-</span> 
     </span>
     <span class='ocr_line' id='line_1_66' title="bbox 1373 1475 2358 1525; baseline 0.002 -12"><span class='ocrx_word' id='word_1_488' title='bbox 1373 1477 1492 1524; x_wconf 85' lang='lat' dir='ltr'>guris,</span> <span class='ocrx_word' id='word_1_489' title='bbox 1526 1477 1585 1514; x_wconf 87' lang='lat' dir='ltr'>vel</span> <span class='ocrx_word' id='word_1_490' title='bbox 1606 1475 1810 1514; x_wconf 79' lang='lat' dir='ltr'>Pontificis.</span> <span class='ocrx_word' id='word_1_491' title='bbox 1837 1484 1918 1513; x_wconf 87' lang='lat' dir='ltr'>tum</span> <span class='ocrx_word' id='word_1_492' title='bbox 1957 1487 2002 1512; x_wconf 88' lang='lat' dir='ltr'>an</span> <span class='ocrx_word' id='word_1_493' title='bbox 2026 1477 2185 1523; x_wconf 77' lang='lat' dir='ltr'>scurriles</span> <span class='ocrx_word' id='word_1_494' title='bbox 2212 1475 2358 1525; x_wconf 74' lang='lat' dir='ltr'>possent</span> 
     </span>
     <span class='ocr_line' id='line_1_67' title="bbox 1376 1526 2350 1577; baseline 0.001 -13"><span class='ocrx_word' id='word_1_495' title='bbox 1376 1528 1492 1576; x_wconf 89' lang='lat' dir='ltr'>accipi</span> <span class='ocrx_word' id='word_1_496' title='bbox 1522 1540 1589 1577; x_wconf 91' lang='lat' dir='ltr'>pro</span> <span class='ocrx_word' id='word_1_497' title='bbox 1605 1526 1828 1576; x_wconf 73' lang='lat' dir='ltr'>jocularibus:</span> <span class='ocrx_word' id='word_1_498' title='bbox 1857 1527 1968 1563; x_wconf 82' lang='lat' dir='ltr'>etiam</span> <span class='ocrx_word' id='word_1_499' title='bbox 1990 1537 2036 1563; x_wconf 90' lang='lat' dir='ltr'>an</span> <span class='ocrx_word' id='word_1_500' title='bbox 2056 1526 2247 1564; x_wconf 87' lang='lat' dir='ltr'>emendari</span> <span class='ocrx_word' id='word_1_501' title='bbox 2266 1529 2350 1575; x_wconf 89' lang='lat' dir='ltr'>pos-</span> 
     </span>
     <span class='ocr_line' id='line_1_68' title="bbox 1370 1576 2351 1626; baseline 0.001 -11"><span class='ocrx_word' id='word_1_502' title='bbox 1370 1578 1449 1622; x_wconf 90' lang='lat' dir='ltr'>set,</span> <span class='ocrx_word' id='word_1_503' title='bbox 1474 1579 1664 1626; x_wconf 74' lang='lat' dir='ltr'>sterilibus,</span> <span class='ocrx_word' id='word_1_504' title='bbox 1697 1578 1756 1614; x_wconf 86' lang='lat' dir='ltr'>vel</span> <span class='ocrx_word' id='word_1_505' title='bbox 1770 1576 1945 1624; x_wconf 80' lang='lat' dir='ltr'>futilibus.</span> <span class='ocrx_word' id='word_1_506' title='bbox 2002 1576 2072 1613; x_wconf 90' lang='lat' dir='ltr'>Sed</span> <span class='ocrx_word' id='word_1_507' title='bbox 2093 1577 2182 1614; x_wconf 85' lang='lat' dir='ltr'>nihil</span> <span class='ocrx_word' id='word_1_508' title='bbox 2212 1579 2351 1617; x_wconf 88' lang='lat' dir='ltr'>horum</span> 
     </span>
     <span class='ocr_line' id='line_1_69' title="bbox 1373 1627 2351 1678; baseline 0 -12"><span class='ocrx_word' id='word_1_509' title='bbox 1373 1642 1491 1678; x_wconf 87' lang='lat' dir='ltr'>quum</span> <span class='ocrx_word' id='word_1_510' title='bbox 1521 1630 1600 1667; x_wconf 77' lang='lat' dir='ltr'>satis</span> <span class='ocrx_word' id='word_1_511' title='bbox 1631 1629 1812 1677; x_wconf 76' lang='lat' dir='ltr'>placeret,</span> <span class='ocrx_word' id='word_1_512' title='bbox 1841 1629 1992 1676; x_wconf 87' lang='lat' dir='ltr'>propius</span> <span class='ocrx_word' id='word_1_513' title='bbox 2025 1627 2203 1665; x_wconf 80' lang='lat' dir='ltr'>accedere</span> <span class='ocrx_word' id='word_1_514' title='bbox 2234 1629 2351 1667; x_wconf 84' lang='lat' dir='ltr'>existi-</span> 
     </span>
     <span class='ocr_line' id='line_1_70' title="bbox 1374 1678 2353 1728; baseline -0.002 -11"><span class='ocrx_word' id='word_1_515' title='bbox 1374 1689 1482 1723; x_wconf 80' lang='lat' dir='ltr'>mat,</span> <span class='ocrx_word' id='word_1_516' title='bbox 1521 1680 1545 1717; x_wconf 88' lang='lat' dir='ltr'><strong>fi</strong></span> <span class='ocrx_word' id='word_1_517' title='bbox 1570 1681 1733 1728; x_wconf 79' lang='lat' dir='ltr'>legatur,</span> <span class='ocrx_word' id='word_1_518' title='bbox 1773 1678 1974 1715; x_wconf 69' lang='lat' dir='ltr'>curulibus.-</span> <span class='ocrx_word' id='word_1_519' title='bbox 2006 1686 2047 1715; x_wconf 87' lang='lat' dir='ltr'>ut</span> <span class='ocrx_word' id='word_1_520' title='bbox 2075 1680 2167 1725; x_wconf 77' lang='lat' dir='ltr'>lusus</span> <span class='ocrx_word' id='word_1_521' title='bbox 2193 1681 2353 1725; x_wconf 63' lang='lat' dir='ltr'>zumilis,</span> 
     </span>
     <span class='ocr_line' id='line_1_71' title="bbox 1374 1728 2350 1780; baseline 0 -14"><span class='ocrx_word' id='word_1_522' title='bbox 1374 1729 1416 1767; x_wconf 85' lang='lat' dir='ltr'>s1t</span> <span class='ocrx_word' id='word_1_523' title='bbox 1444 1730 1537 1768; x_wconf 87' lang='lat' dir='ltr'>lusus</span> <span class='ocrx_word' id='word_1_524' title='bbox 1566 1731 1681 1771; x_wconf 88' lang='lat' dir='ltr'>alvei,</span> <span class='ocrx_word' id='word_1_525' title='bbox 1718 1731 1766 1766; x_wconf 81' lang='lat' dir='ltr'>ita</span> <span class='ocrx_word' id='word_1_526' title='bbox 1798 1729 1912 1767; x_wconf 62' lang='lat' dir='ltr'>dietus</span> <span class='ocrx_word' id='word_1_527' title='bbox 1941 1741 1961 1766; x_wconf 93' lang='lat' dir='ltr'>a</span> <span class='ocrx_word' id='word_1_528' title='bbox 1993 1731 2079 1764; x_wconf 83' lang='lat' dir='ltr'>turri</span> <span class='ocrx_word' id='word_1_529' title='bbox 2108 1728 2182 1765; x_wconf 87' lang='lat' dir='ltr'>five</span> <span class='ocrx_word' id='word_1_530' title='bbox 2216 1733 2350 1780; x_wconf 76' lang='lat' dir='ltr'>Pyrgo,</span> 
     </span>
     <span class='ocr_line' id='line_1_72' title="bbox 1374 1779 2353 1829; baseline 0.002 -13"><span class='ocrx_word' id='word_1_531' title='bbox 1374 1781 1574 1828; x_wconf 88' lang='lat' dir='ltr'>quomodo</span> <span class='ocrx_word' id='word_1_532' title='bbox 1605 1780 1814 1829; x_wconf 89' lang='lat' dir='ltr'>promiscue</span> <span class='ocrx_word' id='word_1_533' title='bbox 1835 1789 1979 1816; x_wconf 85' lang='lat' dir='ltr'>veteres</span> <span class='ocrx_word' id='word_1_534' title='bbox 2014 1779 2200 1816; x_wconf 85' lang='lat' dir='ltr'>vocabant</span> <span class='ocrx_word' id='word_1_535' title='bbox 2226 1782 2353 1818; x_wconf 85' lang='lat' dir='ltr'>vascu-</span> 
     </span>
     <span class='ocr_line' id='line_1_73' title="bbox 1377 1826 2354 1879; baseline 0.003 -12"><span class='ocrx_word' id='word_1_536' title='bbox 1377 1830 1455 1867; x_wconf 87' lang='lat' dir='ltr'>lum</span> <span class='ocrx_word' id='word_1_537' title='bbox 1486 1831 1573 1868; x_wconf 91' lang='lat' dir='ltr'>illud</span> <span class='ocrx_word' id='word_1_538' title='bbox 1596 1859 1606 1875; x_wconf 88' lang='lat'>‚</span> <span class='ocrx_word' id='word_1_539' title='bbox 1652 1843 1670 1867; x_wconf 95' lang='lat' dir='ltr'>e</span> <span class='ocrx_word' id='word_1_540' title='bbox 1694 1843 1770 1879; x_wconf 88' lang='lat' dir='ltr'>quo</span> <span class='ocrx_word' id='word_1_541' title='bbox 1792 1830 1854 1867; x_wconf 86' lang='lat' dir='ltr'>tali</span> <span class='ocrx_word' id='word_1_542' title='bbox 1876 1831 1912 1866; x_wconf 91' lang='lat'>&amp;</span> <span class='ocrx_word' id='word_1_543' title='bbox 1934 1826 2083 1866; x_wconf 73' lang='lat' dir='ltr'>tesserae</span> <span class='ocrx_word' id='word_1_544' title='bbox 2112 1830 2354 1877; x_wconf 86' lang='lat' dir='ltr'>ejiciebantur</span> 
     </span>
     <span class='ocr_line' id='line_1_74' title="bbox 1379 1879 2351 1920; baseline 0.003 -3"><span class='ocrx_word' id='word_1_545' title='bbox 1379 1881 1416 1917; x_wconf 90' lang='lat' dir='ltr'>in</span> <span class='ocrx_word' id='word_1_546' title='bbox 1448 1880 1608 1919; x_wconf 89' lang='lat' dir='ltr'>alveum.</span> <span class='ocrx_word' id='word_1_547' title='bbox 1649 1882 1747 1918; x_wconf 86' lang='lat' dir='ltr'>Dan.</span> <span class='ocrx_word' id='word_1_548' title='bbox 1804 1880 1993 1917; x_wconf 84' lang='lat' dir='ltr'>Souterius</span> <span class='ocrx_word' id='word_1_549' title='bbox 2031 1879 2076 1916; x_wconf 92' lang='lat' dir='ltr'>de</span> <span class='ocrx_word' id='word_1_550' title='bbox 2115 1880 2351 1920; x_wconf 79' lang='lat' dir='ltr'>Aleatoribus</span> 
     </span>
     <span class='ocr_line' id='line_1_75' title="bbox 1381 1927 2353 1979; baseline 0.001 -11"><span class='ocrx_word' id='word_1_551' title='bbox 1381 1943 1458 1979; x_wconf 86' lang='lat' dir='ltr'>cap.</span> <span class='ocrx_word' id='word_1_552' title='bbox 1494 1945 1547 1978; x_wconf 84' lang='lat'>17.</span> <span class='ocrx_word' id='word_1_553' title='bbox 1578 1932 1666 1969; x_wconf 86' lang='lat' dir='ltr'>dicit</span> <span class='ocrx_word' id='word_1_554' title='bbox 1688 1932 1900 1968; x_wconf 86' lang='lat' dir='ltr'>Pontanum</span> <span class='ocrx_word' id='word_1_555' title='bbox 1930 1927 2053 1978; x_wconf 80' lang='lat' dir='ltr'>legisse</span> <span class='ocrx_word' id='word_1_556' title='bbox 2075 1958 2085 1974; x_wconf 95' lang='lat'>,</span> <span class='ocrx_word' id='word_1_557' title='bbox 2129 1934 2163 1967; x_wconf 85' lang='lat' dir='ltr'>in</span> <span class='ocrx_word' id='word_1_558' title='bbox 2183 1935 2353 1969; x_wconf 81' lang='lat' dir='ltr'>Serotinis</span> 
     </span>
     <span class='ocr_line' id='line_1_76' title="bbox 1379 1981 2351 2031; baseline 0.004 -14"><span class='ocrx_word' id='word_1_559' title='bbox 1379 1982 1514 2028; x_wconf 71' lang='lat' dir='ltr'>Infibus.</span> <span class='ocrx_word' id='word_1_560' title='bbox 1541 1982 1628 2020; x_wconf 88' lang='lat' dir='ltr'>ideo</span> <span class='ocrx_word' id='word_1_561' title='bbox 1647 1981 1749 2031; x_wconf 89' lang='lat' dir='ltr'>quod</span> <span class='ocrx_word' id='word_1_562' title='bbox 1768 1983 1805 2018; x_wconf 88' lang='lat' dir='ltr'>in</span> <span class='ocrx_word' id='word_1_563' title='bbox 1823 1982 1919 2018; x_wconf 85' lang='lat' dir='ltr'>libris</span> <span class='ocrx_word' id='word_1_564' title='bbox 1932 1981 2143 2029; x_wconf 85' lang='lat' dir='ltr'>Anglicanis</span> <span class='ocrx_word' id='word_1_565' title='bbox 2158 1982 2351 2022; x_wconf 87' lang='lat' dir='ltr'>invenerat</span> 
     </span>
     <span class='ocr_line' id='line_1_77' title="bbox 1380 2032 2354 2078; baseline 0.001 -10"><span class='ocrx_word' id='word_1_566' title='bbox 1380 2035 1501 2070; x_wconf 79' lang='lat' dir='ltr'>Servis.</span> <span class='ocrx_word' id='word_1_567' title='bbox 1529 2034 1726 2070; x_wconf 87' lang='lat' dir='ltr'>Scriverius</span> <span class='ocrx_word' id='word_1_568' title='bbox 1747 2032 1991 2074; x_wconf 83' lang='lat' dir='ltr'>emendabat,</span> <span class='ocrx_word' id='word_1_569' title='bbox 2025 2034 2061 2067; x_wconf 87' lang='lat' dir='ltr'>in</span> <span class='ocrx_word' id='word_1_570' title='bbox 2083 2035 2258 2078; x_wconf 69' lang='lat' dir='ltr'>Hernicis,</span> <span class='ocrx_word' id='word_1_571' title='bbox 2294 2035 2354 2072; x_wconf 88' lang='lat' dir='ltr'>vel</span> 
     </span>
     <span class='ocr_line' id='line_1_78' title="bbox 1381 2082 2351 2132; baseline 0.004 -14"><span class='ocrx_word' id='word_1_572' title='bbox 1381 2084 1416 2118; x_wconf 88' lang='lat' dir='ltr'>in</span> <span class='ocrx_word' id='word_1_573' title='bbox 1456 2085 1589 2121; x_wconf 82' lang='lat' dir='ltr'>Herois.</span> <span class='ocrx_word' id='word_1_574' title='bbox 1636 2084 1710 2132; x_wconf 90' lang='lat' dir='ltr'>ipse</span> <span class='ocrx_word' id='word_1_575' title='bbox 1746 2082 1937 2120; x_wconf 86' lang='lat' dir='ltr'>Souterius</span> <span class='ocrx_word' id='word_1_576' title='bbox 1977 2082 2124 2119; x_wconf 81' lang='lat' dir='ltr'>videtur</span> <span class='ocrx_word' id='word_1_577' title='bbox 2161 2085 2283 2132; x_wconf 86' lang='lat' dir='ltr'>potius</span> <span class='ocrx_word' id='word_1_578' title='bbox 2314 2086 2351 2122; x_wconf 75' lang='grc' dir='ltr'>τὲ</span> 
     </span>
     <span class='ocr_line' id='line_1_79' title="bbox 1372 2131 2353 2183; baseline 0.005 -15"><span class='ocrx_word' id='word_1_579' title='bbox 1372 2134 1570 2180; x_wconf 67' lang='lat' dir='ltr'>scurrilibus</span> <span class='ocrx_word' id='word_1_580' title='bbox 1595 2146 1663 2183; x_wconf 85' lang='lat' dir='ltr'>pro</span> <span class='ocrx_word' id='word_1_581' title='bbox 1686 2131 1917 2170; x_wconf 84' lang='lat' dir='ltr'>Gloffemate</span> <span class='ocrx_word' id='word_1_582' title='bbox 1936 2131 2172 2180; x_wconf 79' lang='lat' dir='ltr'>expunxisse,</span> <span class='ocrx_word' id='word_1_583' title='bbox 2193 2147 2264 2172; x_wconf 91' lang='lat' dir='ltr'>nec</span> <span class='ocrx_word' id='word_1_584' title='bbox 2284 2148 2353 2182; x_wconf 87' lang='lat' dir='ltr'>ne-</span> 
     </span>
     <span class='ocr_line' id='line_1_80' title="bbox 1383 2182 2357 2234; baseline 0.005 -14"><span class='ocrx_word' id='word_1_585' title='bbox 1383 2182 1573 2222; x_wconf 79' lang='lat' dir='ltr'>cessarium</span> <span class='ocrx_word' id='word_1_586' title='bbox 1599 2184 1793 2234; x_wconf 88' lang='lat' dir='ltr'>judicare,</span> <span class='ocrx_word' id='word_1_587' title='bbox 1833 2192 1873 2221; x_wconf 91' lang='lat' dir='ltr'>ut</span> <span class='ocrx_word' id='word_1_588' title='bbox 1902 2183 1939 2219; x_wconf 65' lang='grc' dir='ltr'>τό</span> <span class='ocrx_word' id='word_1_589' title='bbox 1967 2184 2090 2230; x_wconf 75' lang='lat' dir='ltr'>lusibus</span> <span class='ocrx_word' id='word_1_590' title='bbox 2119 2184 2284 2224; x_wconf 88' lang='lat' dir='ltr'>additum</span> <span class='ocrx_word' id='word_1_591' title='bbox 2315 2185 2357 2224; x_wconf 87' lang='lat' dir='ltr'>fit</span> 
     </span>
     <span class='ocr_line' id='line_1_81' title="bbox 1383 2234 2353 2286; baseline 0.004 -15"><span class='ocrx_word' id='word_1_592' title='bbox 1383 2235 1586 2283; x_wconf 83' lang='lat' dir='ltr'>epitheton.</span> <span class='ocrx_word' id='word_1_593' title='bbox 1640 2236 1670 2272; x_wconf 92' lang='lat' dir='ltr'>E</span> <span class='ocrx_word' id='word_1_594' title='bbox 1699 2235 1830 2285; x_wconf 86' lang='lat' dir='ltr'>quibus</span> <span class='ocrx_word' id='word_1_595' title='bbox 1858 2234 2010 2283; x_wconf 84' lang='lat' dir='ltr'>quisque</span> <span class='ocrx_word' id='word_1_596' title='bbox 2046 2236 2178 2284; x_wconf 84' lang='lat' dir='ltr'>probet</span> <span class='ocrx_word' id='word_1_597' title='bbox 2198 2265 2208 2281; x_wconf 97' lang='lat'>,</span> <span class='ocrx_word' id='word_1_598' title='bbox 2248 2237 2353 2286; x_wconf 90' lang='lat' dir='ltr'>quod</span> 
     </span>
     <span class='ocr_line' id='line_1_82' title="bbox 1386 2287 2355 2329; baseline 0.001 -6"><span class='ocrx_word' id='word_1_599' title='bbox 1386 2287 1552 2324; x_wconf 87' lang='lat' dir='ltr'>voluerit.</span> <span class='ocrx_word' id='word_1_600' title='bbox 1606 2287 1703 2323; x_wconf 86' lang='lat' dir='ltr'>Mihi</span> <span class='ocrx_word' id='word_1_601' title='bbox 1733 2297 1803 2323; x_wconf 91' lang='lat' dir='ltr'>nec</span> <span class='ocrx_word' id='word_1_602' title='bbox 1832 2287 1970 2322; x_wconf 78' lang='lat' dir='ltr'>Heroici</span> <span class='ocrx_word' id='word_1_603' title='bbox 1991 2313 2001 2329; x_wconf 95' lang='lat'>,</span> <span class='ocrx_word' id='word_1_604' title='bbox 2039 2298 2108 2323; x_wconf 90' lang='lat' dir='ltr'>nec</span> <span class='ocrx_word' id='word_1_605' title='bbox 2129 2290 2276 2324; x_wconf 81' lang='lat' dir='ltr'>serotini</span> <span class='ocrx_word' id='word_1_606' title='bbox 2302 2290 2355 2324; x_wconf 87' lang='lat' dir='ltr'>lu-</span> 
     </span>
     <span class='ocr_line' id='line_1_83' title="bbox 1375 2337 2350 2386; baseline -0.002 -13"><span class='ocrx_word' id='word_1_607' title='bbox 1375 2338 1436 2385; x_wconf 86' lang='lat' dir='ltr'>sus</span> <span class='ocrx_word' id='word_1_608' title='bbox 1465 2338 1525 2375; x_wconf 84' lang='lat' dir='ltr'>hic</span> <span class='ocrx_word' id='word_1_609' title='bbox 1552 2337 1708 2386; x_wconf 80' lang='lat' dir='ltr'>placent.</span> <span class='ocrx_word' id='word_1_610' title='bbox 1761 2337 1909 2372; x_wconf 81' lang='lat' dir='ltr'>Turriles</span> <span class='ocrx_word' id='word_1_611' title='bbox 1940 2338 2050 2384; x_wconf 81' lang='lat' dir='ltr'>lusus,</span> <span class='ocrx_word' id='word_1_612' title='bbox 2079 2349 2212 2375; x_wconf 82' lang='lat' dir='ltr'>vereor</span> <span class='ocrx_word' id='word_1_613' title='bbox 2237 2340 2350 2376; x_wconf 79' lang='lat' dir='ltr'>etiam</span> 
     </span>
     <span class='ocr_line' id='line_1_84' title="bbox 1385 2387 2354 2437; baseline 0.003 -13"><span class='ocrx_word' id='word_1_614' title='bbox 1385 2396 1424 2425; x_wconf 90' lang='lat' dir='ltr'>ut</span> <span class='ocrx_word' id='word_1_615' title='bbox 1454 2389 1530 2426; x_wconf 91' lang='lat' dir='ltr'>ullo</span> <span class='ocrx_word' id='word_1_616' title='bbox 1553 2389 1626 2426; x_wconf 90' lang='lat' dir='ltr'>alio</span> <span class='ocrx_word' id='word_1_617' title='bbox 1651 2388 1740 2425; x_wconf 91' lang='lat' dir='ltr'>loco</span> <span class='ocrx_word' id='word_1_618' title='bbox 1763 2387 1909 2436; x_wconf 87' lang='lat' dir='ltr'>probari</span> <span class='ocrx_word' id='word_1_619' title='bbox 1930 2387 2087 2435; x_wconf 86' lang='lat' dir='ltr'>poffint,</span> <span class='ocrx_word' id='word_1_620' title='bbox 2114 2397 2153 2425; x_wconf 91' lang='lat' dir='ltr'>ut</span> <span class='ocrx_word' id='word_1_621' title='bbox 2176 2390 2215 2427; x_wconf 68' lang='grc' dir='ltr'>ὃ(</span> <span class='ocrx_word' id='word_1_622' title='bbox 2236 2390 2354 2437; x_wconf 89' lang='lat' dir='ltr'>ipsum</span> 
     </span>
     <span class='ocr_line' id='line_1_85' title="bbox 1386 2438 2352 2487; baseline 0.003 -12"><span class='ocrx_word' id='word_1_623' title='bbox 1386 2440 1578 2487; x_wconf 85' lang='lat' dir='ltr'>epitheton</span> <span class='ocrx_word' id='word_1_624' title='bbox 1614 2440 1756 2475; x_wconf 82' lang='lat' dir='ltr'>turrilis.</span> <span class='ocrx_word' id='word_1_625' title='bbox 1797 2438 1903 2474; x_wconf 90' lang='lat' dir='ltr'>MSS.</span> <span class='ocrx_word' id='word_1_626' title='bbox 1943 2438 2053 2475; x_wconf 88' lang='lat' dir='ltr'>nostri</span> <span class='ocrx_word' id='word_1_627' title='bbox 2080 2439 2216 2478; x_wconf 87' lang='lat' dir='ltr'>habent</span> <span class='ocrx_word' id='word_1_628' title='bbox 2245 2441 2352 2478; x_wconf 88' lang='lat' dir='ltr'>Paris.</span> 
     </span>
     <span class='ocr_line' id='line_1_86' title="bbox 1384 2488 2352 2537; baseline 0.003 -11"><span class='ocrx_word' id='word_1_629' title='bbox 1384 2498 1471 2527; x_wconf 85' lang='lat' dir='ltr'>tert.</span> <span class='ocrx_word' id='word_1_630' title='bbox 1491 2490 1594 2528; x_wconf 79' lang='lat' dir='ltr'>Barb.</span> <span class='ocrx_word' id='word_1_631' title='bbox 1618 2491 1656 2527; x_wconf 69' lang='grc' dir='ltr'>ὃ(</span> <span class='ocrx_word' id='word_1_632' title='bbox 1672 2489 1740 2526; x_wconf 87' lang='lat' dir='ltr'>Bit.</span> <span class='ocrx_word' id='word_1_633' title='bbox 1762 2489 1895 2537; x_wconf 86' lang='lat' dir='ltr'>primi,</span> <span class='ocrx_word' id='word_1_634' title='bbox 1919 2488 2026 2525; x_wconf 89' lang='lat' dir='ltr'>Leid.</span> <span class='ocrx_word' id='word_1_635' title='bbox 2048 2490 2155 2537; x_wconf 87' lang='lat' dir='ltr'>prim.</span> <span class='ocrx_word' id='word_1_636' title='bbox 2175 2491 2245 2529; x_wconf 90' lang='lat' dir='ltr'>sec.</span> <span class='ocrx_word' id='word_1_637' title='bbox 2268 2499 2352 2528; x_wconf 85' lang='lat' dir='ltr'>tert.</span> 
     </span>
     <span class='ocr_line' id='line_1_87' title="bbox 1385 2539 2354 2591; baseline -0.002 -12"><span class='ocrx_word' id='word_1_638' title='bbox 1385 2541 1516 2591; x_wconf 87' lang='lat' dir='ltr'>Ultraj.</span> <span class='ocrx_word' id='word_1_639' title='bbox 1539 2541 1605 2578; x_wconf 84' lang='lat' dir='ltr'>sec.</span> <span class='ocrx_word' id='word_1_640' title='bbox 1644 2543 1699 2576; x_wconf 82' lang='lat' dir='ltr'>Ita</span> <span class='ocrx_word' id='word_1_641' title='bbox 1728 2541 1763 2575; x_wconf 85' lang='lat' dir='ltr'>in</span> <span class='ocrx_word' id='word_1_642' title='bbox 1781 2539 1979 2587; x_wconf 73' lang='lat' dir='ltr'>scurrilibus</span> <span class='ocrx_word' id='word_1_643' title='bbox 2010 2540 2145 2586; x_wconf 83' lang='lat' dir='ltr'>Iufibus.</span> <span class='ocrx_word' id='word_1_644' title='bbox 2167 2543 2284 2590; x_wconf 81' lang='lat' dir='ltr'>quint.</span> <span class='ocrx_word' id='word_1_645' title='bbox 2315 2543 2354 2580; x_wconf 91' lang='lat'>&amp;</span> 
     </span>
     <span class='ocr_line' id='line_1_88' title="bbox 1383 2588 2360 2641; baseline -0.004 -12"><span class='ocrx_word' id='word_1_646' title='bbox 1383 2591 1469 2629; x_wconf 82' lang='lat' dir='ltr'>sext.</span> <span class='ocrx_word' id='word_1_647' title='bbox 1499 2595 1535 2628; x_wconf 78' lang='lat' dir='ltr'>in</span> <span class='ocrx_word' id='word_1_648' title='bbox 1551 2590 1749 2640; x_wconf 71' lang='lat' dir='ltr'>scurrilibus</span> <span class='ocrx_word' id='word_1_649' title='bbox 1777 2589 1925 2627; x_wconf 74' lang='lat' dir='ltr'>luxibus.</span> <span class='ocrx_word' id='word_1_650' title='bbox 1957 2588 2035 2626; x_wconf 83' lang='lat' dir='ltr'>Ult.</span> <span class='ocrx_word' id='word_1_651' title='bbox 2061 2591 2168 2639; x_wconf 86' lang='lat' dir='ltr'>prim.</span> <span class='ocrx_word' id='word_1_652' title='bbox 2194 2594 2230 2628; x_wconf 86' lang='lat' dir='ltr'>in</span> <span class='ocrx_word' id='word_1_653' title='bbox 2250 2592 2360 2641; x_wconf 78' lang='lat' dir='ltr'>sceni-</span> 
     </span>
     <span class='ocr_line' id='line_1_89' title="bbox 1383 2641 2356 2690; baseline 0.004 -13"><span class='ocrx_word' id='word_1_654' title='bbox 1383 2642 1453 2680; x_wconf 77' lang='lat' dir='ltr'>bus.</span> <span class='ocrx_word' id='word_1_655' title='bbox 1478 2643 1580 2680; x_wconf 83' lang='lat' dir='ltr'>Harl.</span> <span class='ocrx_word' id='word_1_656' title='bbox 1611 2642 1719 2678; x_wconf 89' lang='lat' dir='ltr'>Leid.</span> <span class='ocrx_word' id='word_1_657' title='bbox 1747 2648 1865 2690; x_wconf 87' lang='lat' dir='ltr'>quart.</span> <span class='ocrx_word' id='word_1_658' title='bbox 1891 2641 1926 2676; x_wconf 84' lang='lat' dir='ltr'>in</span> <span class='ocrx_word' id='word_1_659' title='bbox 1948 2642 2069 2687; x_wconf 85' lang='lat' dir='ltr'>scenis.</span> <span class='ocrx_word' id='word_1_660' title='bbox 2112 2642 2209 2680; x_wconf 89' lang='lat' dir='ltr'>Mihi</span> <span class='ocrx_word' id='word_1_661' title='bbox 2238 2644 2356 2680; x_wconf 82' lang='lat' dir='ltr'>maxi·</span> 
     </span>
     <span class='ocr_line' id='line_1_90' title="bbox 1387 2690 2355 2740; baseline 0.001 -11"><span class='ocrx_word' id='word_1_662' title='bbox 1387 2705 1448 2730; x_wconf 86' lang='lat' dir='ltr'>ine</span> <span class='ocrx_word' id='word_1_663' title='bbox 1477 2693 1609 2731; x_wconf 89' lang='lat' dir='ltr'>arridet</span> <span class='ocrx_word' id='word_1_664' title='bbox 1638 2691 1818 2740; x_wconf 84' lang='lat' dir='ltr'>Rutgerfii</span> <span class='ocrx_word' id='word_1_665' title='bbox 1847 2690 2060 2740; x_wconf 60' lang='lat' dir='ltr'>conjectura</span> <span class='ocrx_word' id='word_1_666' title='bbox 2081 2720 2090 2735; x_wconf 89' lang='lat'><strong><em>‚</em></strong></span> <span class='ocrx_word' id='word_1_667' title='bbox 2131 2696 2170 2728; x_wconf 76' lang='lat' dir='ltr'>In</span> <span class='ocrx_word' id='word_1_668' title='bbox 2197 2694 2355 2739; x_wconf 67' lang='lat' dir='ltr'>seniltbus</span> 
     </span>
     <span class='ocr_line' id='line_1_91' title="bbox 1386 2742 2351 2791; baseline 0.003 -13"><span class='ocrx_word' id='word_1_669' title='bbox 1386 2744 1520 2788; x_wconf 72' lang='lat' dir='ltr'>lusibus.</span> <span class='ocrx_word' id='word_1_670' title='bbox 1575 2745 1674 2781; x_wconf 88' lang='lat' dir='ltr'>Nam</span> <span class='ocrx_word' id='word_1_671' title='bbox 1712 2742 1816 2791; x_wconf 90' lang='lat' dir='ltr'>quod</span> <span class='ocrx_word' id='word_1_672' title='bbox 1852 2742 1909 2778; x_wconf 83' lang='lat' dir='ltr'>Cl.</span> <span class='ocrx_word' id='word_1_673' title='bbox 1943 2742 2159 2780; x_wconf 86' lang='lat' dir='ltr'>Perizonius</span> <span class='ocrx_word' id='word_1_674' title='bbox 2200 2746 2281 2789; x_wconf 89' lang='lat' dir='ltr'>ait,</span> <span class='ocrx_word' id='word_1_675' title='bbox 2316 2746 2351 2780; x_wconf 85' lang='lat' dir='ltr'>se</span> 
     </span>
     <span class='ocr_line' id='line_1_92' title="bbox 1385 2791 2349 2843; baseline -0.001 -13"><span class='ocrx_word' id='word_1_676' title='bbox 1385 2795 1512 2831; x_wconf 84' lang='lat' dir='ltr'>videre</span> <span class='ocrx_word' id='word_1_677' title='bbox 1542 2805 1620 2832; x_wconf 89' lang='lat' dir='ltr'>non</span> <span class='ocrx_word' id='word_1_678' title='bbox 1647 2793 1748 2842; x_wconf 84' lang='lat' dir='ltr'>poffe</span> <span class='ocrx_word' id='word_1_679' title='bbox 1767 2821 1777 2837; x_wconf 94' lang='lat'>,</span> <span class='ocrx_word' id='word_1_680' title='bbox 1825 2791 1892 2841; x_wconf 77' lang='lat' dir='ltr'>qui</span> <span class='ocrx_word' id='word_1_681' title='bbox 1921 2793 1966 2829; x_wconf 86' lang='lat' dir='ltr'>ad</span> <span class='ocrx_word' id='word_1_682' title='bbox 1995 2805 2058 2830; x_wconf 86' lang='lat' dir='ltr'>eos</span> <span class='ocrx_word' id='word_1_683' title='bbox 2089 2795 2215 2832; x_wconf 87' lang='lat' dir='ltr'>referri</span> <span class='ocrx_word' id='word_1_684' title='bbox 2247 2794 2349 2843; x_wconf 87' lang='lat' dir='ltr'>possit</span> 
     </span>
     <span class='ocr_line' id='line_1_93' title="bbox 1386 2843 2353 2893; baseline 0 -13"><span class='ocrx_word' id='word_1_685' title='bbox 1386 2845 1481 2892; x_wconf 88' lang='lat' dir='ltr'>pila,</span> <span class='ocrx_word' id='word_1_686' title='bbox 1510 2857 1606 2893; x_wconf 87' lang='lat' dir='ltr'>quae</span> <span class='ocrx_word' id='word_1_687' title='bbox 1633 2857 1709 2881; x_wconf 87' lang='lat' dir='ltr'>non</span> <span class='ocrx_word' id='word_1_688' title='bbox 1741 2843 1781 2880; x_wconf 83' lang='lat' dir='ltr'>sit</span> <span class='ocrx_word' id='word_1_689' title='bbox 1807 2843 1935 2880; x_wconf 89' lang='lat' dir='ltr'>senum</span> <span class='ocrx_word' id='word_1_690' title='bbox 1963 2843 2175 2883; x_wconf 62' lang='lat' dir='ltr'>oblectatio.</span> <span class='ocrx_word' id='word_1_691' title='bbox 2228 2845 2268 2881; x_wconf 86' lang='lat' dir='ltr'>Id</span> <span class='ocrx_word' id='word_1_692' title='bbox 2291 2855 2353 2881; x_wconf 90' lang='lat' dir='ltr'>ve·</span> 
     </span>
     <span class='ocr_line' id='line_1_94' title="bbox 1388 2893 2355 2944; baseline -0.002 -13"><span class='ocrx_word' id='word_1_693' title='bbox 1388 2907 1469 2932; x_wconf 85' lang='lat' dir='ltr'>rum</span> <span class='ocrx_word' id='word_1_694' title='bbox 1502 2896 1549 2932; x_wconf 88' lang='lat' dir='ltr'>est</span> <span class='ocrx_word' id='word_1_695' title='bbox 1576 2893 1891 2944; x_wconf 85' lang='lat' dir='ltr'>quodammodo;</span> <span class='ocrx_word' id='word_1_696' title='bbox 1931 2894 1992 2931; x_wconf 88' lang='lat' dir='ltr'>sed</span> <span class='ocrx_word' id='word_1_697' title='bbox 2016 2896 2137 2942; x_wconf 87' lang='lat' dir='ltr'>potuit</span> <span class='ocrx_word' id='word_1_698' title='bbox 2167 2897 2213 2933; x_wconf 87' lang='lat' dir='ltr'>ita</span> <span class='ocrx_word' id='word_1_699' title='bbox 2245 2894 2355 2930; x_wconf 88' lang='lat' dir='ltr'>Vale.-</span> 
     </span>
     <span class='ocr_line' id='line_1_95' title="bbox 1387 2943 2356 2993; baseline -0.003 -11"><span class='ocrx_word' id='word_1_700' title='bbox 1387 2946 1459 2982; x_wconf 88' lang='lat' dir='ltr'>rius</span> <span class='ocrx_word' id='word_1_701' title='bbox 1491 2944 1678 2993; x_wconf 83' lang='lat' dir='ltr'>respexisse</span> <span class='ocrx_word' id='word_1_702' title='bbox 1705 2953 1849 2982; x_wconf 86' lang='lat' dir='ltr'>tantum</span> <span class='ocrx_word' id='word_1_703' title='bbox 1876 2943 1923 2981; x_wconf 88' lang='lat' dir='ltr'>ad</span> <span class='ocrx_word' id='word_1_704' title='bbox 1951 2945 2098 2981; x_wconf 85' lang='lat' dir='ltr'>alveum</span> <span class='ocrx_word' id='word_1_705' title='bbox 2123 2947 2160 2983; x_wconf 70' lang='grc' dir='ltr'>δε</span> <span class='ocrx_word' id='word_1_706' title='bbox 2184 2944 2356 2987; x_wconf 88' lang='lat' dir='ltr'>calculos,</span> 
     </span>
    </p>
   </div>
   <div class='ocr_carea' id='block_1_8' title="bbox 1387 2994 2362 3082">
    <p class='ocr_par' dir='ltr' id='par_1_8' title="bbox 1387 2994 2362 3082">
     <span class='ocr_line' id='line_1_96' title="bbox 1387 2994 2360 3081; baseline -0.002 -48"><span class='ocrx_word' id='word_1_707' title='bbox 1387 2995 1518 3046; x_wconf 88' lang='lat' dir='ltr'>quibus</span> <span class='ocrx_word' id='word_1_708' title='bbox 1544 2996 1648 3046; x_wconf 89' lang='lat' dir='ltr'>quod</span> <span class='ocrx_word' id='word_1_709' title='bbox 1680 2998 1719 3035; x_wconf 72' lang='grc' dir='ltr'>δε</span> <span class='ocrx_word' id='word_1_710' title='bbox 1742 2994 1922 3034; x_wconf 81' lang='lat' dir='ltr'>Scaevola</span> <span class='ocrx_word' id='word_1_711' title='bbox 1951 2996 2163 3042; x_wconf 86' lang='lat' dir='ltr'>vacaverit,</span> <span class='ocrx_word' id='word_1_712' title='bbox 2184 2995 2256 3034; x_wconf 89' lang='lat' dir='ltr'>hoc</span> <span class='ocrx_word' id='word_1_713' title='bbox 2275 3005 2360 3081; x_wconf 45' lang='lat' dir='ltr'>mg)-</span> 
     </span>
     <span class='ocr_line' id='line_1_97' title="bbox 2329 3055 2362 3082; baseline 0 0"><span class='ocrx_word' id='word_1_714' title='bbox 2329 3055 2362 3082; x_wconf 77' lang='lat' dir='ltr'>‚o</span> 
     </span>
    </p>
   </div>
  </div>
 </body>
</html>
