2516 3509
164 208 247 283 Α]
269 206 333 237 υώ·
371 209 679 274 impatientiae
714 223 843 254 reum
875 216 1044 269 ageret.

160 521 243 549 Ami.
267 513 334 545 urb.

160 569 230 592 '710-
256 558 353 588 Dion.
370 550 465 581 fam

159 609 227 630 mv.
246 604 323 639 App.

156 642 253 673 Civil.
280 650 324 673 ιν,

97 717 100 723 ,
157 693 189 725 Pe
215 694 284 721 514-

371 124 480 181 59&

633 99 1039 164 VALERH
1115 97 1486 155 MAXIMI
1526 99 2133 168 L13.V1.CAP.VH.

1113 210 1135 242 4
1169 203 1471 267 Tantumque
1506 201 1532 250 a
1567 204 1767 255 vindicta
1799 226 1925 258 mens
1973 214 2068 276 ejus
2102 210 2247 260 abfuit
2270 247 2284 273 a
2326 223 2380 261 ut

373 292 476 357 post
512 304 708 338 mortem
745 287 950 336 Africani
990 293 1004 324 5
1043 284 1356 344 manumissam
1391 284 1601 332 ancillam
1634 287 1682 334 in
1714 292 2060 341 matrimonium
2095 293 2262 342 liberto
2302 294 2380 342 suo

375 374 512 419 daret.

439 448 460 476 ⁶
498 450 573 510 Q
599 450 905 510 Lucretium,
941 446 1248 514 proscriptum
1283 446 1308 494 a
1341 447 1618 507 t1·iumviri3‚
1652 465 1772 498 uxor
1805 451 1985 500 Thuria
2023 461 2041 492 7
2077 456 2196 502 inter
2229 472 2378 504 came-

502 534 550 581 &
585 534 760 582 metum
796 532 999 581 cubiculi
1034 530 1276 590 abditum,
1313 529 1331 558 8
1353 546 1443 577 una
1476 529 1655 578 conscia
1688 533 1847 581 ancilla
1881 535 1937 582 ab
1972 537 2243 587 imminente
2278 540 2374 586 exi-

368 616 436 662 tio
457 649 472 674 ,
516 633 610 663 non
646 615 737 663 fine
770 630 939 678 magno
975 613 1182 678 periculo
1217 612 1297 659 suo
1319 645 1335 670 ,
1383 624 1538 658 tutum
1574 613 1820 677 praestitit:
1869 616 2174 682 singularique
2207 621 2299 667 fide
2333 622 2378 668 ‚id

373 696 498 759 egit,
535 710 586 744 ut
623 713 730 744 cum
766 695 905 742 ceteri
940 693 1183 761 proscripti
1219 693 1265 739 in
1298 690 1450 738 alienis
1485 691 1535 738 &
1571 692 1807 741 hostilibus
1841 696 2106 760 regionibus
2141 716 2220 762 per
2255 700 2374 747 sum-

373 793 473 822 mos
509 779 712 842 corporis
736 776 784 822 δί
807 775 944 822 animi
980 774 1207 821 cruciatus
1241 772 1323 820 vix
1358 771 1624 832 evaderent,
1661 773 1736 820 ille
1770 775 1816 821 in
1849 775 2094 836 cubiculo,
2121 777 2170 824 ἃ
2198 779 2242 825 in
2266 794 2376 827 con-

369 857 495 920 jugis
530 857 651 915 sinu,
688 856 873 904 salutem
909 856 1137 904 retineret.

375 1067 608 1116 impatientiae
638 1083 727 1106 reum
757 1080 880 1120 ageret.
933 1068 1115 1106 Domitor
1144 1065 1240 1105 orbis
1269 1065 1345 1104 Sci-

378 1119 441 1166 pio
462 1121 659 1157 Africanus
685 1119 760 1156 dici
780 1132 858 1157 non
878 1120 1018 1167 potuit:
1048 1128 1084 1156 at
1111 1119 1207 1155 bene
1238 1116 1346 1154 domi-

376 1181 428 1205 tor
456 1171 542 1206 orl-is
569 1172 756 1216 <Africana
807 1170 900 1208 Illud
931 1184 1087 1218 magnum
1119 1172 1233 1206 ‘virum
1266 1181 1345 1206 ma-

376 1221 505 1257 nifeste
528 1221 688 1258 otiosum
709 1223 746 1258 δε
766 1220 810 1258 ab
831 1221 947 1258 aliena
969 1233 1083 1258 manu
1105 1220 1173 1263 est;
1202 1220 1288 1257 licet
1307 1220 1346 1257 &

371 1270 411 1306 in
432 1272 514 1308 cod.
536 1272 668 1310 Brand.
695 1281 875 1320 appareat.
929 1273 1016 1309 Vox
1036 1271 1264 1319 impudicitiae
1285 1271 1348 1308 Li·

376 1321 454 1369 pfio
483 1323 543 1360 hic
567 1325 688 1361 minus
717 1322 919 1360 commoda
941 1323 1105 1366 videtum
1136 1322 1238 1372 quod
1269 1334 1348 1360 non

376 1375 578 1411 conveniat
604 1375 641 1410 in
670 1386 755 1411 eum
786 1374 849 1422 qui
878 1373 1066 1411 libidinose
1093 1374 1189 1422 agit;
1218 1373 1279 1411 sed
1310 1374 1349 1411 in

375 1435 463 1461 eum
491 1427 554 1475 qui
579 1425 725 1471 patitur.
777 1425 955 1462 Ceterum
991 1437 1058 1474 pro
1089 1426 1341 1475 impatientiae,

377 1475 482 1523 quod
504 1477 541 1513 &
563 1475 704 1524 Lipsius
722 1477 759 1512 in
779 1475 863 1513 cod.
881 1477 961 1514 MS.
989 1476 1141 1525 reperit,
1168 1475 1270 1513 idem
1291 1475 1345 1513 le-

368 1527 538 1573 ,gendum
561 1528 681 1564 censet
699 1528 933 1573 impotentiae.-
960 1540 1037 1576 quo
1056 1527 1208 1575 quidem
1238 1526 1345 1575 figni-

372 1576 501 1615 ficetur
516 1577 625 1621 illud,
648 1578 749 1627 quod
772 1579 835 1627 qui
853 1586 984 1626 potens
1006 1588 1063 1617 tot
1083 1579 1242 1616 hostium
1262 1579 1344 1616 fue-

370 1628 439 1672 rit,
477 1641 605 1677 parum
636 1627 793 1677 potuisse
820 1630 857 1666 in
888 1630 921 1666 se
953 1629 1167 1668 co'e'rcendo
1199 1629 1344 1667 videre-

367 1686 436 1716 tur.
490 1679 594 1728 Quid
628 1680 652 1716 fi
688 1680 829 1728 legatur
853 1683 1140 1717 incontinentiae?
1177 1680 1230 1717 Ita
1257 1681 1342 1718 sane

369 1742 463 1768 unus
485 1731 577 1768 item
597 1742 728 1769 eorum
743 1759 752 1774 ‚
777 1743 870 1779 quos
897 1731 991 1768 vidit
1013 1730 1155 1779 Lipsius
1173 1758 1182 1773 ,
1220 1730 1341 1769 habet.

368 1781 563 1820 VORST.
593 1784 802 1817 Domita-em
830 1781 928 1817 Orbis
948 1783 1134 1828 „Africamss
1170 1781 1264 1829 Quis
1290 1797 1343 1817 or-

364 1831 418 1867 bis
437 1834 641 1879 ,Africanas
669 1832 734 1869 nisi
755 1831 912 1869 Africa?
941 1840 1067 1869 tamen
1088 1842 1220 1869 omnes
1241 1832 1341 1870 MSti

366 1883 504 1921 habent
526 1886 752 1931 cAfricanum.
780 1885 833 1920 At
854 1892 964 1931 negat
975 1883 1142 1920 Vorstius
1161 1893 1249 1919 eum
1259 1883 1340 1922 Do-

367 1934 546 1972 mitorem
575 1935 671 1972 orbis
691 1933 789 1972 reete
809 1934 992 1982 appellari.
1044 1934 1127 1982 Ego
1148 1944 1239 1971 vero
1261 1946 1340 1972 cer-

365 1985 500 2023 tissime
530 1987 694 2035 inquam.
744 1986 956 2022 Domuerat
982 1984 1041 2022 sile
1076 1987 1114 2022 &
1143 1993 1340 2032 pacaverat

371 2037 590 2085 Hispaniam
610 2037 648 2073 in
670 2037 841 2084 Europa,
859 2036 1027 2074 Africam
1042 2065 1052 2079 ,
1080 2037 1118 2073 δε
1140 2035 1257 2073 fratris
1288 2036 1340 2074 sui

373 2087 514 2136 legatus
541 2087 679 2125 Asiam.
733 2088 830 2135 Quis
858 2088 967 2135 igitur
998 2086 1138 2124 dubitet
1167 2098 1254 2123 eum
1284 2099 1341 2124 re-

375 2138 434 2176 ete
455 2138 564 2176 Orbis
583 2138 811 2175 domitorem
842 2137 1014 2186 appellari
1045 2137 1089 2175 ab
1116 2137 1159 2175 iis
1180 2137 1340 2186 praeser-

373 2190 441 2227 tim
466 2217 475 2233 ,
521 2190 585 2238 qui
613 2188 860 2238 hyperbolicis
885 2189 1134 2227 locutionibus
1166 2189 1340 2236 gaudent.

375 2240 425 2278 Et
453 2248 546 2288 puto
573 2241 658 2289 quia
683 2249 754 2278 tres
779 2240 874 2278 orbis
901 2248 1020 2289 partes
1049 2240 1196 2290 pacavit
1217 2239 1254 2277 id
1274 2240 1342 2278 ob-

371 2291 556 2329 servatum
584 2291 670 2328 inde
694 2291 816 2339 legifle
836 2303 856 2328 a
877 2286 1071 2330 veteribus.
1125 2291 1240 2329 Certo
1265 2292 1340 2330 scio

370 2342 413 2380 id
432 2354 451 2379 a
473 2343 658 2380 Cicerone
677 2343 805 2380 alicubi
833 2343 871 2379 in
891 2343 1119 2380 orationibus
1138 2342 1221 2382 dici.
1239 2343 1339 2381 forte

372 2405 443 2442 pro
463 2393 622 2431 Milone.
649 2393 784 2441 Vellej.
818 2392 863 2430 de
883 2393 1068 2443 Pompejo
1100 2394 1147 2432 L.
1175 2407 1220 2432 11.
1247 2405 1278 2431 c.
1304 2407 1338 2445 3.

369 2447 450 2492 Post
480 2455 545 2481 tres
571 2445 759 2493 consulatus
785 2443 986 2493 totidemque
1004 2445 1210 2494 triamplios,
1232 2444 1340 2482 domi-

368 2507 506 2546 tumque
524 2507 687 2533 terrarum
707 2494 825 2532 orbem.
853 2495 936 2531 LiV.
963 2504 1091 2532 tamen
1111 2495 1157 2532 L.
1175 2507 1339 2535 XXXVIII.

374 2559 406 2584 c.
434 2560 491 2597 53.
521 2547 559 2584 δί
580 2547 626 2584 L.
653 2559 737 2584 xtv.
765 2557 796 2583 c.
825 2545 884 2595 38.
920 2546 1165 2583 D01nitorern
1185 2549 1339 2591 visi-icae

374 2608 498 2636 vocat.
532 2598 778 2637 PERIZON.
829 2596 935 2634 MSS.
973 2596 1167 2633 Sexdecim
1204 2596 1340 2636 habent

373 2650 477 2699 quod
496 2649 684 2698 legebatur
702 2650 740 2686 in
761 2648 934 2686 omnibus
946 2647 1040 2685 Edd.
1059 2655 1144 2684 ante
1155 2647 1338 2695 Pighium.

371 2706 431 2737 IVe
451 2701 643 2738 domitorem
663 2699 748 2737 orbis
768 2700 985 2746 QAfricanum
999 2727 1008 2744 ‚
1030 2700 1161 2744 femina
1181 2713 1337 2748 magnum

369 2754 480 2790 virum
501 2753 733 2801 impatientiae
749 2765 838 2787 reum
855 2761 981 2800 ageret.
1010 2749 1086 2787 Nisi
1108 2750 1212 2798 quod
1229 2754 1338 2799 impa-

371 2804 510 2839 tientiae
528 2803 668 2840 omittit
686 2801 792 2840 Leid.
820 2809 937 2851 quart.
965 2802 1002 2839 ἃ
1023 2813 1090 2850 pro
1123 2813 1170 2838 eo
1195 2803 1336 2837 inconti-

374 2856 506 2890 nentiae
534 2854 682 2891 exhibet
710 2852 843 2902 Ultraj.
880 2853 988 2901 prim.
1022 2864 1116 2901 quae
1154 2852 1334 2900 posterior

369 2918 446 2943 vox
476 2904 521 2942 de
552 2905 701 2942 libidine
728 2903 935 2943 admodum
959 2904 1005 2941 est
1026 2904 1210 2952 frequens.
1263 2906 1332 2940 Im·

361 2958 549 3003 patientiae
576 2955 677 2994 Oliv.
708 2958 744 2994 &
767 2956 911 2993 Ascens.
934 2955 1185 3003 Impatientiam
1212 2955 1336 2992 amoris

360 3010 671 3058 interpretantur,
711 3009 747 3046 ὅ(
778 3005 958 3058 adscripsit
985 3006 1199 3049 Perizonius
1231 3007 1335 3047 Serv.

2275 939 2376 989 Sul-

1395 1077 1431 1115 Ρ.
1460 1077 1517 1112 44.
1544 1068 1687 1116 Cogente
1704 1064 1828 1101 amoris
1846 1064 2059 1114 impatientia
2079 1065 2182 1104 denuo
2201 1066 2247 1104 ad
2263 1067 2374 1118 bospi-

1396 1127 1446 1154 tes
1473 1115 1572 1154 redit.
1631 1116 1759 1166 Atque
1788 1116 1850 1153 hic
1877 1117 1956 1154 satis
1985 1129 2029 1153 ex
2060 1117 2131 1166 ipsi
2162 1120 2372 1158 narratione

1397 1167 1549 1217 intelligi
1580 1167 1726 1205 videtur
1754 1165 1877 1216 posse,
1911 1168 2013 1215 cujus
2042 1170 2091 1206 rei
2120 1170 2229 1207 fuerit
2255 1171 2378 1219 impa-

1397 1219 1502 1256 tiens.
1554 1218 1717 1268 Elegerit
1744 1217 1892 1256 fortaffe
1914 1221 2043 1255 auctor
2063 1219 2177 1258 levius
2207 1221 2282 1258 hoc
2301 1234 2371 1260 vo-

1399 1270 1570 1308 cabulum
1586 1298 1595 1312 ,
1623 1279 1664 1308 ut
1682 1269 1795 1319 paulo
1815 1278 1901 1307 ante
1920 1271 2140 1308 extenuabat
2156 1284 2310 1321 quoque
2331 1285 2370 1311 a·

1402 1333 1550 1360 morem
1578 1322 1680 1370 ejus,
1713 1333 1792 1358 non
1817 1319 1960 1370 deperire
1991 1335 2062 1356 eum
2089 1325 2286 1358 antillolam
2317 1323 2372 1361 di—

1401 1384 1510 1417 cens,
1546 1372 1606 1410 secl
1627 1372 1829 1413 duntaxat,
1849 1383 1988 1423 gratam
2008 1386 2080 1408 eam
2097 1375 2160 1422 ipfi
2172 1374 2283 1422 faiJJe.
2320 1375 2369 1413 Et

1398 1435 1462 1462 cur
1493 1425 1614 1462 minus
1645 1423 1852 1461 commode
1879 1434 1944 1472 per
1973 1424 2191 1472 epexegefin
2231 1425 2366 1464 addere

1396 1476 1592 1524 potuerit,
1630 1476 1760 1522 femina
1791 1488 1947 1526 magnum
1975 1477 2109 1520 virum,
2129 1488 2209 1513 non
2240 1477 2363 1515 video.

1393 1527 1517 1575 ‘Quod
1538 1534 1643 1565 tanto
1665 1527 1780 1575 magis
1808 1527 1882 1563 huc
1902 1523 2104 1573 quadrare,
2132 1527 2245 1565 credo
2259 1554 2269 1572 ‚
2292 1528 2368 1566 sen-

1395 1579 1486 1622 ties,
1514 1578 1540 1615 fi
1561 1577 1725 1615 attendas
1739 1604 1748 1620 ,
1777 1575 1935 1625 potuisse
1959 1576 2077 1624 ipsum
2098 1577 2233 1627 duplex
2263 1579 2300 1616 in
2320 1591 2366 1617 eo

1395 1627 1609 1679 quaesivisse
1630 1627 1913 1672 acumen,dum
1932 1628 2132 1678 patientiam
2159 1631 2305 1678 injuriae
2330 1631 2368 1668 in

1393 1692 1511 1718 uxore
1524 1709 1533 1725 ‚
1560 1681 1793 1729 impatientiae
1810 1681 1933 1716 amoris
1952 1688 2013 1716 aut
2031 1680 2293 1731 cujuscumque
2312 1683 2371 1719 af-

1393 1731 1509 1768 fectus
1539 1731 1577 1767 in
1598 1732 1758 1776 marito,
1785 1732 1823 1769 &
1843 1730 1932 1767 dum
1954 1732 2118 1774 feminam
2135 1759 2146 1776 ,
2184 1733 2221 1769 in
2252 1744 2366 1780 quam

1393 1782 1516 1819 minus
1548 1781 1645 1819 cadit
1672 1782 1848 1831 patientia
1869 1808 1880 1824 ,
1912 1793 2032 1828 magno
2059 1783 2157 1827 viro,
2194 1784 2368 1830 opponit.

1395 1831 1590 1882 Quidquid
1610 1831 1672 1877 fit,
1700 1833 1815 1870 malui
1833 1832 1893 1869 hic
1912 1830 2007 1878 legi,
2028 1832 2133 1880 quod
2155 1845 2287 1871 omnes
2307 1836 2367 1871 of-

1394 1883 1520 1920 ferunt
1537 1883 1656 1932 scripti
1675 1883 1842 1927 codices,
1872 1893 1988 1932 quam
2005 1881 2134 1921 locum
2161 1885 2262 1922 hunc
2281 1885 2369 1923 alie-

1392 1945 1445 1970 no
1470 1934 1618 1972 arbitrio
1638 1933 1874 1982 interpolare.

1439 1997 1475 2030 4.
1503 1987 1716 2036 Tantumque
1733 1999 1756 2021 a
1774 1983 1929 2022 vindicia
1949 1997 2038 2020 mem
2055 1988 2126 2032 ejus
2143 1984 2272 2038 abfuit]
2295 1989 2365 2028 Bit.

1388 2034 1498 2083 prim.
1521 2038 1641 2083 aversa
1657 2037 1754 2082 fuit,
1776 2047 1872 2085 quae
1890 2033 2003 2085 glossa
2023 2035 2081 2073 est.

1443 2099 1476 2134 ς.
1502 2086 1752 2134 Manumiffam
1770 2085 1949 2136 ancillam]
1983 2086 2249 2127 Existimavere
2267 2103 2365 2130 non-

1391 2137 1483 2174 nulli
1502 2137 1598 2175 hanc
1616 2137 1787 2175 ancillam
1809 2136 1913 2175 fuisse
1928 2166 1938 2182 ,
1957 2145 2101 2186 captam
2117 2139 2222 2177 'illam
2240 2142 2279 2179 in
2293 2144 2364 2180 Hi-

1392 2188 1538 2236 spania,
1567 2201 1681 2238 quam
1702 2189 1901 2227 Africanus
1924 2189 2018 2237 patri
2044 2201 2123 2226 non
2145 2191 2363 2239 reddiderit,

1393 2239 1454 2277 sed
1472 2241 1640 2279 Romam
1669 2239 1863 2277 adduxerit
1895 2241 1933 2278 &
1952 2239 2041 2277 inibi
2065 2241 2103 2277 in
2131 2241 2267 2280 deliciis
2297 2245 2365 2282 ha-

1394 2290 1527 2329 buerit.
1575 2292 1666 2328 Hoc
1695 2290 1798 2328 sensit
1824 2291 1994 2329 Valerius
2022 2291 2176 2335 Antias,
2215 2294 2367 2344 scriptor

1393 2342 1526 2380 nobilis
1540 2370 1550 2387 ,
1578 2341 1675 2390 apud
1693 2342 1894 2390 Agellium.
1909 2341 2102 2380 COLER.
2131 2343 2225 2381 Gell.
2247 2346 2360 2385 L.vi.

1394 2404 1425 2431 c.
1449 2393 1483 2431 8.
1505 2402 1662 2443 uterque
1683 2394 1820 2442 Ultraj.
1848 2394 1886 2429 In
1905 2395 2127 2430 matrimonio.

1441 2445 1476 2482 6.
1499 2446 1542 2493 Ω
1563 2444 1766 2494 Lucretium]
1802 2445 1958 2482 Nomen
1979 2445 2048 2481 fuit
2066 2446 2109 2494 Ω
2129 2447 2277 2483 lucretio
2299 2452 2365 2485 Ve-

1381 2496 1537 2543 spillom‘.
1561 2495 1692 2534 Caesar
1714 2507 1868 2546 quoque
1885 2497 1935 2533 ita
1954 2495 2136 2543 scripserat
2159 2497 2248 2535 olim
2263 2527 2273 2543 ,
2300 2499 2363 2538 sed

1392 2547 1529 2594 placuit
1557 2546 1714 2585 morosis
1741 2547 1806 2584 illis
1829 2548 1866 2584 &
1888 2545 2046 2584 indoetis
2063 2546 2181 2585 scribis
2206 2550 2365 2598 Vespillo-

1389 2606 1471 2639 nem}
1493 2600 1531 2636 in
1553 2599 1741 2647 Hispillum
1761 2606 1918 2636 vertere.
1969 2597 2013 2634 In
2042 2599 2158 2635 veteri
2180 2600 2364 2640 Gloffario

1391 2649 1489 2687 male
1511 2650 1623 2688 etiam
1645 2649 1793 2699 Vispillo
1814 2661 1882 2699 pro
1905 2649 2054 2698 Vespillo
2073 2649 2257 2698 scriptum.
2281 2651 2363 2690 Ser-

1390 2700 1470 2738 vius
1489 2701 1535 2739 ad
1557 2714 1588 2739 Ι.
1601 2701 1699 2738 Aen.
1726 2700 1808 2738 Inde
1827 2701 1928 2736 etiam
1946 2701 2005 2749 qui
2023 2701 2134 2741 funeri
2151 2702 2360 2747 praeerant&

1387 2753 1522 2796 ‘vespera
1539 2754 1683 2801 primum
1698 2752 1910 2801 Vesperones,
1922 2750 2038 2787 deinde
2050 2753 2258 2801 Vespillones
2277 2751 2361 2789 dit-‘li

1386 2801 1555 2840 videntur.
1577 2803 1772 2842 COLER.
1812 2803 1856 2852 Ω
1882 2804 2081 2840 Lucretium.
2118 2803 2360 2851 Cognomine

1386 2853 1601 2900 Vespillonem
1616 2883 1626 2898 ‚
1658 2856 1721 2904 qui
1749 2856 1845 2892 inter
1873 2853 2096 2902 proscriptos
2117 2855 2137 2892 a
2159 2854 2357 2891 triumviris

1384 2902 1466 2940 fuit.
1492 2905 1686 2944 VORST.

1436 2965 1468 3001 7.
1499 2955 1588 2992 Inter
1614 2970 1775 2993 cameram
1795 2965 1842 2994 <9⁶
1862 2957 1984 2994 tellum
2010 2953 2167 3005 cubiculi]
2196 2953 2359 3003 Appian.

1383 3003 1471 3045 lOCO
1502 3006 1562 3046 cit.
1590 3005 1644 3046 ἐπὶ
1666 3006 1788 3050 lavi-aie
1818 3009 1938 3058 ἐξεφῆς
1962 3004 2096 3056 με’ὦιξι).
2233 3054 2256 3092 8

2261 3084 2267 3092 .
2286 3063 2361 3094 Una
