2516 3509
636 124 777 178 DE
897 111 1599 176 PR'ODI'G-I'I'S.

253 231 438 279 Procos.
474 223 594 271 enim
625 238 734 269 cum
760 220 808 266 in
836 216 1033 266 Lucanis
1070 222 1112 250 ⁴2
1134 212 1440 270 sacrificaffet,
1475 218 1516 248 ⁴3
1541 224 1708 274 angues
1726 207 1820 257 duo
1839 224 1899 258 ex
1917 209 2108 258 occulto

106 234 187 283 tit.

2021 112 2098 183 ἕξ

111 307 332 377 prolapsi,
367 316 555 369 repente
582 301 782 360 hostiae,
817 311 953 363 quam
985 296 1321 355 immolaverat,
1368 299 1414 330 44
1432 288 1560 336 adeso
1582 291 1787 353 jecinore
1805 326 1821 351 ,
1867 291 1915 338 in
1940 289 2114 348 easdem

111 389 298 438 latebras
320 386 361 435 se
380 384 646 434 retulerunt.

716 379 796 429 Ob
826 378 873 426 id
891 377 1053 425 deinde
1082 377 1253 426 fafitum
1269 409 1288 436 -,
1324 371 1567 420 instaurato
1587 368 1835 429 sacrificio,
1870 371 1992 419 idem
2010 386 2119 436 pros·

111 468 226 532 digii
243 466 407 513 evenit.
477 463 645 510 Tertia.
660 476 844 524 quoque
863 455 984 506 caela
1003 457 1217 516 victima,
1254 450 1605 518 diligentiusque
1625 449 1845 495 affervatis
1863 453 2002 511 extis,
2037 466 2116 499 ne-

113 563 202 612 que
222 543 406 608 allapsus
423 542 682 607 serpentum
700 541 838 587 arceri
850 575 865 600 ,
899 555 1045 603 neque
1062 537 1172 602 fuga
1189 532 1400 598 impediri
1420 530 1592 596 potuit.
1660 527 1791 593 Qod
1799 531 2001 588 quamvis
2020 547 2119 576 aru-

111 625 252 690 spices
285 620 533 684 adsalutem
556 621 822 679 Imperatoris
836 620 1042 679 pertinere
1064 612 1298 671 dixissent,
1335 607 1574 658 Gracchus
1595 619 1748 653 tamen
1768 622 1863 652 non
1881 606 2029 663 cavit,
2063 624 2119 653 ne

111 697 276 765 perfidi
302 694 490 760 hospitis
519 694 583 740 sui
616 693 760 740 Flavii
788 691 954 738 insidiis
988 692 1036 736 in
1061 705 1166 736 eum
1200 689 1356 735 locum
1393 684 1637 743 deduetus,
1672 684 1719 730 in
1739 700 1832 747 quo
1854 684 2116 730 Poenorum

113 776 209 824 dux
231 774 380 838 Mago
401 787 508 818 cum
529 782 699 816 armata
721 785 856 815 manu
877 767 1142 825 delituerat,
1179 765 1360 811 inermis
1387 760 1686 809 occideretur.

181 857 248 902 Et
268 852 520 902 consulatus
536 849 813 914 collegium,
837 849 886 894 &
904 848 1065 893 erroris
1082 845 1293 902 societas,
1317 844 1364 889 δε
1384 858 1469 905 par
1483 858 1629 904 genus
1653 842 1812 888 mortis
1831 841 1856 888 a
1873 842 1953 888 Ti.
1967 841 2113 888 Grac·
2136 899 2163 929 A
2221 894 2224 896 Ὗ
2250 877 2284 927 ,b

2087 922 2095 929 .
2168 908 2198 928 n.
2227 907 2260 927 ul'
2288 920 2296 927 .

2221 862 2243 893 9

118 937 238 996 ςῇο,
272 934 326 981 ad
347 929 556 980 Marcelli
585 927 854 974 memoriam
885 939 958 969 me
980 924 1133 969 trahit.
1204 924 1247 967 Is
1266 934 1501 984 captarum
1525 921 1868 984 Syracusarum,
1904 921 1952 967 Sc
1975 922 2120 967 Anm-
2143 950 2210 976 539,
2232 939 2340 970 Livius

47 1002 51 1003 ⁷
120 1014 230 1064 balis
248 1023 349 1058 ante
370 1005 557 1054 Nolana
577 1002 754 1049 moenia
774 1000 799 1046 a
819 998 859 1045 se
878 999 1080 1063 primum
1100 996 1259 1060 fugere
1278 995 1424 1042 coacti
1437 1030 1453 1055 ,
1488 996 1635 1059 gloria
1654 996 1984 1057 inflammatus,
2018 1015 2124 1045 cum
2142 991 2251 1056 ῗζῐζῖξ
2270 981 2342 1013 mu*

54 1107 61 1110 ·
119 1094 293 1141 summo
315 1085 462 1133 studio
484 1084 704 1130 niteretur
722 1092 775 1126 ut
801 1080 1066 1125 Poenorum
1086 1074 1342 1120 exercitum
1366 1085 1443 1119 aut
1463 1073 1510 1119 in
1530 1072 1659 1119 Italia
1685 1070 2011 1135 prosterneret,
2048 1085 2125 1119 aut

122 1168 251 1217 Italia
281 1162 502 1229 pelleret3
546 1158 807 1220 solennique
832 1153 1053 1202 sacrificio
1080 1152 1336 1200 voluntates
1367 1142 1559 1197 deorum
1592 1149 1884 1212 exploraret,

2141 1119 2203 1149 An.
2232 1115 2301 1147 urb.

1933 1157 1974 1186 45
2010 1166 2123 1213 quae
2141 1169 2210 1196 545.
2234 1158 2343 1190 Liviae

2144 1210 2260 1231 xxvir.
2288 1204 2342 1232 28.

121 1247 268 1311 prima
299 1240 445 1290 hostia
472 1251 576 1285 ante
612 1235 819 1283 foculum
856 1233 1027 1281 decidit
1047 1266 1063 1292 ,
1106 1234 1200 1296 ejus
1236 1227 1280 1266 4⁶
1305 1232 1439 1295 jecur
1471 1228 1561 1276 sine
1592 1228 1741 1291 capite
1772 1229 2010 1276 inventum
2038 1230 2124 1275 est:
2142 1241 2302 1274 Plutarch.

129 1454 227 1492 Puls.
245 1449 446 1490 'VORST.
489 1446 661 1487 Similiter
678 1444 865 1495 auspicanti
885 1442 1015 1480 Galbae
1028 1443 1106 1491 ptol-

126 1508 155 1542 ln?
173 1505 348 1541 evolarunt
365 1531 373 1545 ,
405 1502 504 1538 Suet.
524 1500 639 1536 Galba
660 1498 703 1534 C.
729 1497 784 1535 18.
810 1495 1056 1533 PERIZON.

179 1568 238 1602 40.
275 1553 351 1592 „Ab
374 1553 526 1588 Herculis
542 1561 640 1600 portu
671 1561 774 1584 naves
803 1544 985 1595 conscend]
1024 1545 1108 1582 Fuit

131 1607 160 1644 is
188 1613 314 1655 portus
339 1604 377 1640 in
399 1601 550 1650 Liguria
560 1615 571 1644 ;
601 1599 716 1637 dietus
745 1600 784 1635 δε
809 1609 922 1645 portus
949 1597 1108 1631 Herculis

130 1657 302 1691 Monaesi.
328 1653 523 1690 VORST.
575 1650 733 1698 Aliquot
750 1648 857 1685 MSS.
878 1646 1002 1684 delent
1022 1661 1109 1697 que,

134 1702 281 1755 pauculi
303 1701 615 1752 praepositionem
635 1700 688 1739 abt

184 1769 242 1802 41.
265 1752 435 1801 Genuam]
460 1748 641 1789 Nonnulli
659 1749 767 1787 MSS.
786 1747 923 1787 habent
943 1750 1110 1789 Fanuam,

130 1806 279 1857 plurimi
291 1804 457 1849 Januam.
471 1803 556 1839 &in
570 1800 830 1850 margBarber.
842 1799 951 1848 primi
962 1798 1010 1835 est
1019 1798 1112 1835 haec

130 1854 259 1908 “glossa
269 1854 582 1905 AntiquiGenuam
593 1852 777 1890 vocabant
789 1851 1111 1898 civitatem‚quam

135 1907 310 1947 moderni
321 1909 471 1943 Fanuam
483 1903 610 1941 dicunt
622 1932 632 1948 ‚
642 1904 680 1940 in
697 1902 792 1940 libris
811 1900 963 1951 quidem
974 1899 1115 1937 Valerii

136 1959 182 1998 ab
203 1959 356 2008 antiquo
374 1954 689 2004 scriptis‚videtur
700 1957 816 1991 Genua
837 1954 875 1990 &
894 1964 973 1989 non
989 1954 1113 1994 Fanua,

136 2008 235 2048 &fic
255 2010 292 2047 in
313 2008 408 2046 Tito
430 2007 544 2044 Livio
564 2007 602 2044 &
621 2006 706 2043 aliis.
744 2004 847 2042 Hinc
867 2003 1028 2052 pretium
1046 2001 1115 2039 sta-

138 2067 244 2097 tuere
272 2058 449 2096 debemus
478 2058 592 2095 MSto
616 2055 888 2099 Perizoniano‚
915 2054 978 2103 qui
1005 2053 1114 2091 diser-

133 2117 176 2148 te
201 2109 318 2147 scribit
344 2112 493 2146 Genuam
512 2111 536 2146 ἒ
572 2109 610 2145 &
632 2107 799 2156 judicare
826 2117 911 2142 eum
936 2133 945 2149 ‚
981 2115 1115 2154 quam-

137 2171 252 2210 quam
280 2171 409 2196 manus
436 2159 604 2197 videatur
630 2169 708 2196 non
734 2156 843 2195 valde
870 2157 1041 2205 antiqua,
1070 2164 1115 2191 ex

137 2211 295 2259 antiquo
327 2217 455 2246 tamen
483 2211 520 2247 ὃς
545 2210 650 2246 bono
685 2208 851 2257 quodam
881 2206 1011 2244 codice
1046 2203 1118 2242 effe

142 2261 361 2308 descriptum
378 2287 387 2303 ,
408 2260 632 2307 praesertim
662 2270 749 2296 cum
767 2257 809 2295 fit
836 2256 1120 2294 accuratiffimus

141 2314 181 2350 in
206 2309 417 2348 nominibus
439 2309 608 2356 propriis,

191 2375 249 2408 42.
283 2357 514 2406 Sacrificaret]
552 2357 722 2405 Plerique
749 2354 857 2391 MSS.
875 2352 1114 2402 sacrificasset,

141 2411 342 2464 quomodo
371 2408 545 2446 edebatur
569 2415 654 2444 ante
680 2405 863 2454 Pighium.

194 2475 253 2511 43.
279 2465 431 2512 2Angues
449 2459 511 2495 duo
524 2487 534 2502 ,
557 2473 598 2494 ex
618 2458 736 2493 occulto
751 2454 915 2506 prolapsi]
945 2454 1115 2498 Veteres,

142 2508 267 2566 angues
288 2511 372 2548 duae
385 2540 395 2554 ‚
428 2511 466 2547 &
482 2511 664 2560 prolapsae.
689 2506 792 2556 quod
809 2517 923 2555 genus
943 2505 1058 2552 magis
1077 2505 1116 2542 in

138 2566 213 2603 hac
231 2575 329 2601 voce
346 2569 484 2599 amant.
512 2561 632 2597 LIPS.
685 2558 846 2595 Codices
864 2555 1115 2594 MSSBrand.

141 2624 298 2666 ‘Angues
316 2613 400 2649 duae
418 2627 460 2648 ex
479 2625 537 2647 occ.
553 2611 735 2660 prolapsae.
790 2608 895 2646 Idem
916 2609 954 2644 &
975 2605 1116 2655 Lipsius

145 2669 186 2706 in
213 2666 319 2703 MSS.
348 2662 584 2705 observavit,
621 2662 659 2701 &
684 2671 798 2709 genus
824 2659 954 2697 femin.
983 2658 1020 2694 in
1032 2657 1117 2693 “hac

143 2729 244 2756 voce
265 2716 379 2763 magis
400 2713 513 2751 amari
533 2712 594 2750 ait.
655 2711 768 2759 Supra
791 2723 823 2754 1,
842 2710 878 2755 6,
897 2722 930 2756 4.
956 2708 1029 2757 ipse
1048 2708 1120 2744 no-'

141 2769 238 2812 ¹ster,
266 2766 337 2807 Mb
361 2767 427 2801 ima
452 2775 548 2811 parte
569 2776 649 2799 arae
672 2763 859 2811 prolapsam
884 2773 1024 2810 anguem
1045 2770 1119 2807 pro-

137 2820 264 2868 spexit.
288 2816 483 2854 VORST.
536 2814 658 2851 Etiam
679 2813 798 2860 major
814 2824 892 2860 pars
909 2811 1119 2848 nostrorum

150 2868 258 2907 MSS.
275 2868 393 2904 habet
419 2868 456 2903 in
485 2865 635 2902 faemin.
654 2873 789 2911 genere
803 2890 813 2906 ‚
841 2863 878 2899 ὃς
897 2863 946 2900 ita
966 2868 1121 2909 utraque

147 2931 236 2958 mea
255 2919 411 2954 Veneta.
467 2916 524 2953 Sic
544 2916 581 2952 in
602 2913 745 2952 Ovidio
765 2924 917 2962 quoque
948 2910 1123 2949 emendat

155 2969 257 3011 Nob.
275 2967 447 3006 Heinfius
468 2966 514 3005 ad
534 2967 642 3003 L.1v.
661 2966 756 3002 Met.
767 2975 850 3012 495.
879 2962 949 3000 Sed
967 2961 1125 3000 Mediol.

148 3032 243 3060 'eum
271 3018 372 3059 Aldo
394 3019 432 3058 &
459 3018 586 3057 ceteris
613 3016 677 3055 duo
692 3014 852 3067 prolapsi.
902 3013 1020 3065 Quod
1038 3023 1125 3052 cum

1973 1307 2130 1369 proxi-

1158 1441 1196 1479 in
1216 1439 1322 1478 bonis
1343 1439 1456 1477 etiam
1478 1435 1590 1475 exstet
1608 1432 1715 1474 MSS.
1734 1435 1773 1473 δε
1790 1436 1865 1473 hoc
1883 1443 2019 1484 genere
2038 1435 2141 1473 dixe«

1159 1493 1205 1530 rit
1234 1493 1319 1529 Liv.
1338 1491 1384 1527 L.
1405 1502 1489 1527 xxv.
1513 1488 1566 1526 16.
1596 1489 1634 1525 ὃς
1662 1488 1706 1524 L.
1726 1498 1811 1524 xm.
1831 1500 1865 1535 9.
1894 1489 1931 1524 ὃς
1953 1485 2000 1524 fic
2019 1487 2139 1524 noster

1160 1541 1335 1591 exemplo
1362 1539 1607 1589 praecedente
1629 1566 1639 1582 ,
1678 1538 1716 1574 ὅ(
1742 1537 1879 1586 saepius
1909 1536 2139 1586 Obsequens,

1161 1591 1319 1631 cauffam
1340 1604 1419 1629 non
1438 1590 1549 1628 video
1569 1601 1632 1626 cur
1652 1596 1892 1626 mutaremus.
1931 1588 2023 1625 Non
2040 1589 2140 1626 refuu

1159 1646 1211 1695 git
1231 1645 1332 1681 enim
1353 1654 1507 1692 quoque
1527 1641 1629 1688 Virg.
1651 1640 1695 1676 L.
1714 1650 1768 1677 11.
1786 1640 1882 1677 Aen.
1906 1651 1990 1689 203.

1209 1713 1284 1746 Ecce
1300 1719 1411 1744 autem
1423 1706 1552 1757 gemini
1569 1703 1591 1741 ιὶ
1611 1702 1737 1740 Tenedo
1760 1706 1948 1753 tranquilla
1965 1714 2024 1752 per
2042 1704 2118 1739 alta

1214 1760 1228 1806 (
1245 1759 1401 1806 Horresco
1420 1756 1590 1803 reserens)
1616 1755 1781 1801 immensis
1802 1754 1931 1791 orbibus
1950 1767 2075 1804 angues

1211 1808 1405 1846 Incumbunt
1427 1808 1549 1858 pelago
1566 1808 1762 1857 pariterque
1782 1805 1827 1842 ad
1853 1807 1971 1843 littora
1992 1802 2148 1842 tendunt.

1167 1888 1238 1916 nec
1257 1874 1372 1913 Ovid.
1401 1874 1448 1910 L.
1475 1885 1538 1909 111.
1563 1873 1722 1909 Metam.
1753 1882 1809 1919 31.

1260 1947 1392 1958 ...-
1417 1946 1551 1955 ---
1571 1923 1627 1959 boc
1645 1921 1793 1959 conditus
1808 1930 1905 1958 antro

1210 1978 1371 2014 Martius
1387 1977 1507 2033 anguis
1528 1985 1612 2011 erat.

1166 2044 1291 2084 Valer.
1317 2041 1415 2080 Flac.
1443 2041 1488 2078 L.
1517 2053 1549 2078 τ.
1576 2050 1663 2086 400.

1259 2130 1393 2142 ---
1421 2119 1526 2143 ναίω
1547 2120 1623 2141 nam
1643 2105 1754 2154 lapsus
1773 2102 1815 2140 ab
1835 2100 1949 2140 arbore
1964 2108 2110 2152 pdrvum

1218 2161 1282 2198 Ter
1300 2171 1419 2211 quater
1448 2156 1580 2194 ardenti
1599 2167 1690 2207 tergo
1707 2156 1917 2191 circumvenit
1937 2157 2068 2206 anguis.

1216 2238 1275 2272 44.
1303 2224 1428 2271 esddeso
1444 2220 1600 2269 jecinore]
1633 2219 1814 2258 Nonnulli
1841 2219 2001 2262 iocinore,
2029 2218 2088 2255 alii
2106 2222 2153 2262 ie·

1165 2289 1248 2311 core.
1291 2275 1346 2310 Ut
1367 2274 1452 2310 dein
1471 2284 1538 2319 pro
1552 2275 1738 2319 serpentum
1760 2268 1912 2318 quidam
1924 2269 2151 2316 serpentium,

1168 2324 1280 2360 etiam
1302 2331 1472 2370 corrupte
1489 2337 1509 2357 a
1528 2323 1621 2369 lapsu
1642 2332 1711 2368 pro
1727 2321 1892 2366 allapsus.
1936 2318 2148 2367 Quomodo

1171 2373 1216 2410 de
1235 2373 1458 2422 serpentibus
1479 2372 1592 2409 etiam
1613 2372 1747 2413 Horat.
1770 2368 1891 2417 Epod.
1917 2380 1945 2405 r.

1217 2442 1262 2473 Ut
1280 2435 1432 2483 adsidens
1452 2433 1663 2484 implumibus
1677 2429 1783 2484 pull't‘s
1806 2435 1877 2469 ales

1263 2489 1466 2537 Serpentium
1484 2485 1643 2533 adlapsus
1662 2488 1769 2522 timet.

1219 2564 1276 2600 45.
1289 2554 1388 2601 Qae
1403 2551 1510 2598 prima
1530 2549 1634 2596 hostia
1655 2560 1734 2585 ante
1751 2550 1896 2593 ‘foculum
1914 2543 2046 2591 decidit]
2062 2543 2143 2582 MS.

1168 2603 1302 2647 cecidit,
1335 2602 1484 2638 melius:
1523 2601 1560 2638 ὃ(
1581 2599 1693 2637 credo
1720 2599 1842 2636 decidit
1868 2610 1934 2647 pro
1954 2595 2065 2631 residit
2087 2595 2142 2631 le²²

1169 2652 1257 2702 gifse
1268 2653 1427 2690 editores
1440 2681 1449 2696 ,
1461 2652 1546 2701 quia
1558 2652 1636 2688 fere
1648 2652 1886 2688 conveniunt.
1898 2645 2141 2683 PERIZON.

1171 2706 1227 2742 {ta
1246 2716 1398 2754 quoque
1411 2711 1572 2752 uterque
1583 2702 1713 2751 Ultraj.
1725 2702 1783 2738 sex
1796 2698 1925 2736 Leidd.
1939 2708 2023 2734 cum
2036 2694 2140 2733 Harl.

1173 2757 1212 2793 ὃς
1231 2755 1373 2792 duobus
1393 2754 1526 2792 Rhem.
1550 2754 1733 2790 exhibent.
1758 2749 1881 2786 cecidit.

1221 2807 1279 2853 46.
1306 2806 1415 2850 Jecur
1427 2806 1502 2851 fine
1519 2804 1641 2852 capite]
1672 2802 1713 2839 Id
1732 2799 2006 2848 est‚s1ne'pa”rte
2025 2796 2147 2846 aliqua

1166 2858 1341 2905 'jecinoris
1370 2855 1625 2893 eminentiore.
1681 2852 1738 2889 Sic
1768 2851 1806 2889 &
1834 2850 1904 2897 Jul.
1924 2848 2149 2897 Obsequens

1166 2908 1405 2945 <Postumium
1427 2906 1612 2944 consulem
1627 2933 1636 2948 ‚
1661 2914 1746 2940 cum
1767 2899 2048 2942 immolaret,in
2069 2897 2151 2945 plu-

1174 2959 1277 2995 rimis
1300 2971 1397 3007 caput
1426 2961 1460 2994 in
1488 2959 1625 3000 jecinore
1651 2969 1716 2990 non
1744 2951 1923 2999 invenisse,
1955 2948 2150 2986 &Catoni

1170 3008 1390 3049 immolanti
1407 3019 1501 3060 caput
1518 3006 1670 3056 jecinoris
1688 3006 1859 3090 inreftum
1877 3015 1940 3038 non
1951 2999 2052 3049 fuisse
2067 2998 2151 3087 slyr'i-

1557 3071 1560 3075 ’
2084 3070 2087 3073 ·
2114 3056 2151 3087 PC„
