2516 3509
385 127 523 183 DE
595 127 1189 201 JUD1c11s
1264 128 1893 192 PUBLICIS.
2032 139 2140 210 699

196 232 377 283 Eodem
409 230 565 278 auxilii
600 246 765 296 genere
801 238 842 270 ²5
879 231 1114 291 Tucciae,
1160 231 1350 294 virginis
1385 233 1578 280 Vestalis
1600 267 1615 292 ,
1664 230 1710 297 25³
1745 233 1902 281 incesti
1939 237 2138 287 criminis
2235 249 2269 285 5=
2296 286 2315 317 b

131 309 256 376 reae,
300 315 473 362 castitas
509 313 715 360 infamiae
749 314 870 362 nube
905 314 1141 362 obscurata
1176 312 1389 360 emerfit:
1442 321 1484 353 Ζ7
1521 331 1635 379 quac
1675 315 1951 366 conscientia
1986 334 2134 369 certae
2149 288 2327 363 aiiii'rliinss

2148 379 2284 402 xxvnl.
2299 381 2331 401 Ζ.

129 399 396 447 sinceritatis
443 397 543 444 suae
587 396 710 461 spem
755 397 900 444 salutis
937 398 1125 462 ancipiti
1160 408 1430 460 argumento
1466 396 1563 442 ausa
1596 410 1750 461 petere
1784 400 1861 446 est.
1930 403 2130 467 Arrepto
2147 411 2273 469 auguri.
2302 411 2342 444 de

129 483 254 529 enim
288 481 471 539 cribro,
507 480 658 541 Vesta,
692 479 868 542 inquit,
893 476 938 506 23
952 484 994 541 st
1017 480 1154 543 sacris
1189 482 1272 526 tuis
1306 479 1440 540 castas
1461 477 1625 540 semper
1659 480 1828 527 admovi
1862 498 2032 544 manus,
2067 487 2129 547 ef-
2145 456 2325 526 fgf‘n‘ssff‘*

119 564 229 624 fice,
266 568 310 599 ²9
346 572 393 607 ut
427 561 498 607 hoc
531 561 728 606 hauriam
764 557 783 603 ὲ
818 557 958 606 Tiberi
992 577 1172 622 aquam,
1208 560 1262 612 ὅθ
1298 562 1343 606 in
1374 559 1515 606 aedem
1548 570 1665 605 tuam
1691 560 1918 622 perferam·
1970 571 2011 602 30
2036 567 2132 612 Au·
2147 535 2213 578 ΠΥΩ
2240 545 2292 573 ¹¹-

128 642 303 690 daciter
337 641 386 688 &
422 655 592 689 temere
616 640 748 704 jactis
781 640 901 689 votis
938 640 1204 701 sacerdotis,
1230 657 1388 699 ,rerum
1423 639 1515 704 ipsa
1545 652 1702 688 natura
1735 641 1873 690 cestit.

195 722 315 769 Item
352 722 409 768 L.
443 720 544 768 Piso
582 728 622 758 3ι
664 720 688 767 a
722 721 773 767 P.
809 719 1006 767 Claudio
1041 720 1245 768 Pulchro
1281 717 1542 779 accusatus,
1577 720 1702 784 quod
1737 737 1893 785 graves
1929 722 1978 770 &
2011 725 2131 773 into·
2234 732 2270 769 6.

129 801 334 850 ler'abiles
369 803 549 866 injurias
582 801 710 849 sociis
743 799 980 847 intulisset:
1016 800 1136 846 haud
1170 800 1333 847 dubiae
1367 801 1522 846 ruinae
1557 814 1733 848 metum
1768 801 1964 850 fortuito
2000 807 2126 852 auxi·
2147 784 2233 861 2¹:¹⁹
2258 781 2327 815 utb.

131 887 195 934 lio
229 885 405 933 vitavit.
476 886 697 948 Namque
741 899 820 948 per
862 882 909 928 id
955 882 1102 946 ipsum
1136 897 1317 946 tempus
1343 917 1356 941 ‚
1399 899 1492 946 quo
1528 883 1672 930 tristes
1707 884 1763 930 de
1798 901 1853 931 eo
1889 886 2129 937 sententiae

130 964 388 1011 ferebantur
410 997 426 1021 ,
472 963 705 1026 repentina
747 962 814 1009 vis
858 960 1003 1007 nimbi
1053 961 1230 1008 incidit.
1298 960 1516 1024 Cumque
1551 962 1796 1025 prostratus
1831 965 1960 1011 humi
1996 966 2129 1029 pedes

121 1042 333 1108 judicum
370 1039 674 1099 oscularetur,
709 1056 758 1087 os
794 1038 922 1086 suum
958 1054 1105 1085 coeno
1140 1038 1347 1101 replevit.
1395 1044 1436 1075 32
1476 1037 1623 1100 Qiod
1659 1039 1950 1104 conspectum
1986 1054 2132 1090 totam

128 1120 431 1180 quaestionem
457 1125 481 1165 a
504 1119 735 1166 severitate
771 1118 822 1164 ad
848 1118 1136 1166 clementiam
1162 1117 1612 1165 &mansuetudinem
1647 1120 1896 1168 transtulit:
1936 1124 2039 1186 quia
2072 1125 2133 1171 sa-

129 1196 187 1241 tis
217 1198 311 1260 jam
347 1213 502 1261 graves
537 1213 642 1243 eum
678 1213 840 1261 poenas
872 1195 1002 1244 sociis
1037 1196 1201 1243 dedisse
1238 1196 1441 1243 arbitrati
1489 1195 1588 1242 sunt
1631 1196 1724 1242 huc
1770 1196 2017 1244 deductum
2054 1215 2130 1245 ne-

132 1274 369 1335 ceffitatis,
412 1288 463 1321 ut
498 1273 692 1337 abjicere
725 1273 766 1320 se
801 1288 894 1322 tam
932 1274 1225 1338 suppliciter,
1270 1286 1348 1321 aut
1380 1273 1588 1321 attollere
1623 1285 1715 1320 tam
1751 1274 2016 1323 deformiter
2051 1294 2130 1324 co-

134 1370 334 1420 geretur.

195 1438 468 1486 Subnec‘tam
503 1436 616 1484 duos
649 1434 960 1485 accusatorum
996 1436 1179 1485 suorum
1213 1437 1348 1499 culpa
1382 1436 1624 1484 absolutos.
1662 1445 1702 1475 33
1730 1436 1802 1498 Q
1832 1439 2009 1488 Flavius
2035 1441 2129 1488 Au-

2231 1475 2264 1509 7.

2044 1538 2075 1585 g
2080 1539 2104 1568 U
2111 1539 2131 1568 l*

133 1647 169 1683 in
195 1646 368 1684 omnibus
387 1646 523 1694 scriptis
546 1644 640 1682 libris
664 1645 764 1683 Flori
782 1646 826 1682 L.
859 1658 914 1684 11.
938 1658 970 1683 z.
992 1658 1053 1694 29.
1156 1646 1200 1684 ba
1219 1645 1396 1685 solemnia
1418 1646 1587 1685 Tucciae
1608 1645 1763 1685 extitiffe
1795 1649 1905 1686 etiam
1927 1650 1987 1686 sua
2009 1657 2125 1688 aetate

173 1709 235 1746 23.
266 1697 470 1746 Iustam-ari]
503 1698 677 1744 Quatuor
706 1699 902 1738 restaurari.
1153 1698 1273 1735 scribit
1298 1698 1447 1735 Plinius.
1474 1698 1669 1736 COLER.

178 1759 237 1795 24.
267 1752 322 1784 Ita
349 1750 399 1784 cui
427 1749 601 1783 maritima
629 1750 801 1796 tempestas
832 1746 923 1795 effi]
967 1747 1100 1795 Copes.
1206 1761 1266 1796 29.
1298 1756 1342 1784 Ut
1372 1749 1426 1784 hoc
1445 1750 1597 1785 hauriam
1618 1748 1634 1784 e
1656 1749 1767 1786 Tiberi
1785 1749 1928 1800 aquam]
1959 1751 2130 1800 Septem,

128 1801 253 1849 Itaque
270 1800 332 1836 cui.
359 1800 396 1837 δί
414 1799 498 1835 sext.
527 1798 633 1835 Leid.
657 1799 870 1848 habentque
898 1799 948 1835 ita
968 1797 1105 1835 editio-
1155 1809 1192 1834 ut
1219 1800 1302 1836 hanc
1331 1798 1497 1835 hauriam.
1525 1799 1656 1849 Ustraj.
1687 1800 1755 1837 sec.
1787 1811 1824 1836 ut
1853 1802 1907 1836 hoc
1936 1801 2018 1838 hanc
2048 1804 2127 1840 lmu-

127 1861 216 1894 ne5‚
245 1862 339 1899 quae
365 1848 590 1899 praecedunt
618 1850 847 1898 Pighianam.
877 1849 982 1886 Cave
1006 1862 1097 1887 vero
1156 1852 1255 1888 riam.
1283 1850 1399 1887 Recte
1419 1850 1552 1898 Copes.
1576 1852 1612 1888 δί
1633 1850 1717 1895 alii,
1739 1862 1775 1887 ut
1798 1852 1852 1887 boc
1881 1855 2041 1901 (nempe
2069 1857 2132 1891 cri-

125 1901 224 1950 apud
254 1901 444 1939 auam-em
475 1911 539 1949 per
567 1902 774 1937 marittmam
800 1903 1022 1947 tempestatem
1043 1902 1098 1938 in-
1149 1900 1227 1943 ὀνο,
1257 1901 1360 1951 quod
1380 1902 1590 1949 porrigebat
1610 1911 1796 1950 arreptum
1819 1906 1946 1951 manu)
1977 1905 2129 1942 luceriam

128 1952 267 2000 telligas
293 1952 439 1990 nimbos
468 1954 506 1989 δε
525 1952 723 2000 procellas,
752 1952 879 2001 quibus
908 1951 1097 1989 turbatum
1152 1967 1168 1987 e
1193 1953 1305 1989 Tiberi
1334 1967 1470 2002 aquam.

131 2001 258 2046 mare,
278 2003 458 2053 classisque
482 2003 591 2040 fuerit
613 2003 793 2040 submersa
809 2029 818 2045 ,
842 2010 883 2040 ut
912 2015 976 2051 per
998 2005 1099 2039 coele·
1206 2015 1267 2053 30.
1297 2002 1498 2043 eAudaciter
1519 2011 1564 2038 (φ
1587 2001 1726 2051 temere]
1778 2003 1836 2041 Sic
1861 2006 1898 2041 ὃς
1919 2017 2010 2042 unus
2041 2007 2123 2045 cod.

115 2056 202 2100 stem
221 2057 462 2101 tempestatem,
476 2053 645 2101 intelligit
656 2053 769 2100 subito
792 2065 932 2089 coortum
951 2052 1097 2090 imbrem.
1149 2052 1282 2092 Brand.
1296 2053 1400 2092 Alter
1420 2054 1599 2097 audafler,
1619 2063 1660 2090 ut
1682 2054 1797 2091 editio
1822 2054 2124 2096 Aldi.VORST.

125 2105 226 2141 Nam
255 2107 427 2141 maritima
451 2107 623 2151 tempestas
649 2105 737 2141 nihil
763 2104 823 2140 hic
843 2104 941 2141 aliud
963 2103 1096 2151 fignifi-
1147 2105 1354 2142 Audaciter
1375 2114 1420 2141 v·
1442 2116 1572 2143 temere.
1607 2105 1708 2141 Ante
1738 2105 1907 2153 Pighium
1937 2110 2122 2155 praefere-

126 2163 208 2199 cat,
236 2167 348 2204 quam
377 2154 519 2192 cladem
548 2155 585 2191 in
613 2156 705 2192 mari
724 2162 915 2202 acceptam
937 2154 974 2191 in
993 2166 1095 2203 prae·
1147 2154 1253 2194 batur
1284 2156 1454 2193 audac‘ler.
1508 2155 1577 2192 Sed
1599 2155 1801 2193 Anda-ner
1822 2157 1870 2194 est
1891 2158 1929 2194 in
1951 2160 2120 2208 complu-

118 2206 171 2244 lio
193 2215 323 2244 contra
345 2205 606 2243 Adherbalem.
1008 2209 1010 2211 ’
1146 2205 1241 2245 ribus
1267 2207 1376 2244 MSS.
1418 2217 1648 2256 quamquam
1680 2206 1837 2244 alterum
1870 2220 2022 2259 quoque
2054 2212 2121 2249 suis

174 2269 235 2306 ις.
263 2256 416 2305 Tucciae]
457 2255 560 2293 Harl.
582 2255 726 2291 Tae-aiae.
752 2255 857 2292 Paris.
885 2262 966 2293 tert.
995 2264 1094 2294 uter·
1144 2267 1225 2294 non
1256 2258 1479 2296 destituatur.
1515 2257 1646 2304 Ultraj.
1681 2258 1749 2294 sec.
1790 2259 1995 2297 Audasiter
2021 2264 2121 2297 etiam

123 2320 198 2358 que
225 2308 357 2356 Ultraj.
381 2308 522 2350 Tatiae,
558 2314 674 2355 quart.
708 2307 843 2341 Tuc'tiae
872 2317 957 2343 cum
990 2307 1092 2345 Barb.
1145 2315 1191 2343 w·
1211 2318 1340 2346 temere.
1377 2308 1486 2346 Leid.
1522 2308 1630 2357 prim.
1666 2308 1871 2348 Aueiae-iter
1899 2314 1985 2347 enim
2007 2320 2050 2348 (θ’
2071 2324 2119 2349 ιε’

124 2360 232 2407 prim.
272 2358 377 2396 Med.
419 2359 488 2395 sec.
533 2357 639 2394 Leid.
674 2356 762 2394 sext.
789 2358 928 2401 Taccio,
964 2358 1093 2407 reliqui
1145 2373 1240 2396 mere.

121 2413 322 2447 Tucciae.ut
342 2410 481 2458 primus
508 2408 608 2446 dedit
627 2408 796 2456 Pighius,
818 2407 876 2444 vel
898 2409 1010 2446 etiam
1025 2411 1092 2445 Tu·
1195 2422 1255 2458 31.
1291 2413 1359 2449 A.
1393 2412 1438 2446 P.
1476 2409 1636 2459 Claudio]
1683 2410 1796 2448 Multi
1828 2412 1935 2450 MSS.
1961 2427 1983 2448 a
2014 2415 2112 2450 Lucio

121 2461 203 2499 ciac.
232 2461 387 2510 Dionys.
414 2460 538 2498 Halic.
572 2460 617 2497 L.
649 2472 703 2498 11.
731 2470 762 2496 c.
783 2459 843 2507 69.
872 2459 1004 2499 Τυκίοις
1030 2459 1092 2497 ἕνο-
1142 2459 1309 2505 Claudio,
1338 2460 1440 2510 quod
1463 2462 1678 2500 emendavit
1695 2462 1864 2511 Pighius,
1891 2475 2001 2512 quem
2026 2464 2109 2502 vide

121 2527 174 2557 μκ
1141 2511 1180 2548 in
1199 2511 1288 2550 Ann
1324 2512 1370 2550 ad
1392 2512 1440 2550 A.
1464 2513 1514 2550 U.
1544 2513 1586 2551 C.
1615 2531 1754 2554 Dcxcxv.

167 2563 229 2600 26.
257 2564 367 2609 Incesti
385 2560 552 2611 criminis]
582 2559 688 2599 Med.
709 2560 779 2598 sec.
808 2561 919 2605 Incesti
940 2561 1087 2601 crimine.
1192 2575 1250 2613 32.
1278 2562 1375 2613 Qcod
1394 2565 1593 2610 conspetium
1612 2575 1716 2601 totam
1734 2561 1968 2613 quaestionem]
1999 2563 2107 2609 Qtae·

169 2625 233 2659 27.
251 2617 350 2664 Quae
367 2615 493 2663 conscia
514 2623 618 2650 certae
631 2611 837 2658 sinceritatis
856 2611 957 2661 suae]
986 2613 1088 2650 Libri
1132 2615 1201 2659 stio
1226 2614 1287 2652 hic
1314 2626 1384 2664 pro
1411 2614 1492 2664 ipfis
1511 2615 1576 2653 illis
1597 2616 1660 2666 qui
1680 2614 1879 2665 quaestioni
1907 2615 1945 2650 8<
1959 2613 2103 2661 judicio

116 2665 238 2714 scripti
258 2665 416 2708 habent;
447 2666 542 2714 Quae
558 2663 752 2709 conscientia
770 2665 1086 2710 certasrynreritatis
1138 2666 1337 2713 praesunt:
1375 2674 1417 2703 ut
1449 2667 1542 2704 infra
1570 2679 1656 2703 V111.
1703 2679 1732 2702 Ι.
1773 2665 1826 2702 16.
1863 2664 2005 2712 cognitio
2034 2676 2102 2712 pro

105 2719 206 2766 suae.
234 2716 372 2752 PIGH.
407 2717 614 2764 Conscientia
643 2725 748 2750 certae
765 2714 972 2761 sinceritatis
991 2717 1086 2763 suae.
1137 2716 1281 2755 iisdem.
1313 2716 1508 2756 VORST.
1538 2719 1682 2766 Pighius
1703 2717 1740 2752 in
1764 2715 1927 2762 margine
1946 2716 2104 2753 notavit.

120 2769 177 2806 Ita
204 2766 351 2816 Pighius
380 2777 425 2803 ex
452 2766 558 2804 MSS.
586 2766 810 2814 Habentque
834 2765 884 2802 ita
913 2766 951 2803 &
973 2765 1080 2805 codd.
1132 2769 1181 2803 al‘
1202 2782 1266 2819 quo
1287 2769 1467 2818 conspeetu.
1500 2770 1537 2806 δε
1556 2769 1637 2806 sane
1662 2765 1765 2803 Leid.
1795 2765 1862 2818 sec.
1886 2765 2018 2810 habet,
2038 2781 2102 2816 quo

117 2819 251 2857 Brand.
274 2818 470 2855 VORST.
497 2817 559 2855 An
584 2819 777 2865 conscientia
806 2818 920 2853 certa?
946 2816 1083 2856 PERI-
1135 2820 1282 2868 aspec‘lu.
1329 2820 1398 2858 Sed
1429 2819 1616 2868 reliqui&
1639 2827 1769 2855 omnes
1792 2815 1884 2853 Edd.
1911 2816 2103 2864 vulgatum

119 2870 244 2909 ZON.
274 2869 331 2906 Sic
353 2868 456 2907 Med.
471 2867 540 2906 sec.
566 2867 627 2905 sed
647 2869 704 2905 Bit
742 2867 848 2916 prim.
871 2879 955 2906 cum
976 2869 1082 2916 prim.
1133 2877 1295 2910 tuentur.

121 2922 162 2960 &
181 2929 297 2970 quart.
326 2919 433 2957 Leid.
461 2921 607 2969 conscia:
631 2919 688 2956 alii
709 2930 793 2957 cum
823 2918 917 2956 libris
940 2920 1083 2970 Pighia-
1186 2935 1246 2973 33.
1273 2924 1316 2972 Ω
1342 2924 1484 2960 Fla-vius
1514 2925 1534 2959 ἱι
1571 2925 1609 2958 C.
1644 2919 1771 2958 Valerio
1799 2917 1906 2954 aedile
1932 2917 2022 2966 apud
2043 2929 2101 2966 po-

83 3009 86 3012 ,
119 2973 175 3012 nis
203 2972 447 3011 consentiunt.
474 2971 599 3020 postea
621 2970 752 3019 Copes.
774 2973 860 3017 casta
873 2974 1011 3021 semper.
1130 2976 1247 3024 pulum
1277 2989 1352 3011 reus
1378 2974 1489 3024 astus]
1519 2974 1559 3011 In
1579 2969 1848 3009 Pulmanniano
1869 2970 1906 3006 ὃς
1929 2968 2095 3011 Sufiano,

167 3024 230 3065 28,
255 3025 290 3063 Si
299 3023 408 3073 sacris
426 3022 512 3074 tuis]
555 3021 837 3072 Deprecationis
855 3022 980 3064 incesti
1000 3036 1083 3065 ver·
1134 3026 1182 3078 ἢ
1203 3027 1348 3067 Flavius
1366 3029 1503 3078 2Augur
1532 3022 1740 3111 appenssm·
1769 3020 1908 3059 PIGH·
1948 3021 1989 3068 Ω·
2015 3020 2093 3075 fla-

1692 3079 1730 3110 tt
1767 3079 1782 3109 t
1817 3083 1838 3109 2
2023 3083 2099 3106 ‘vitas
