2516 3509
325 358 360 392 4.

238 401 320 430 Ann.
344 393 413 426 urb.

238 449 293 473 203
303 461 310 468 .
328 436 436 468 Livius
448 419 543 483 CjUS

241 490 308 511 111.

238 1017 323 1046 Anu.
347 1009 416 1042 urb.

236 1063 310 1107 4⁶¹3

445 95 548 164 328

717 68 1129 141 VALERH
1199 62 1578 125 MAXlMI
1631 64 1751 122 Lm.
1790 62 1896 125 IV.
1946 65 2093 122 CAp..
2132 61 2178 116 1.

445 193 493 237 &
516 181 813 238 Censorinus,
847 176 896 222 ὃς
922 171 1135 240 populus.
1170 167 1282 215 alter
1300 166 1424 213 enirn
1445 177 1499 213 ut
1521 166 1753 215 moderate
1774 165 1970 213 honores
1995 162 2256 220 crederent,
2273 171 2457 224 praece-

449 265 540 327 pit:
577 259 688 305 alter
706 254 748 302 se
766 251 1004 299 moderato
1026 241 1234 292 credidit.

515 338 645 401 Age,
679 332 738 379 L.
764 327 990 389 Qintius
1019 321 1324 369 Cincinnatus
1363 315 1606 381 ¹⁶qualern
1633 318 1866 367 consulem
1894 316 2051 384 gessit?
2087 333 2195 364 cum
2233 316 2456 364 honorem

572 417 726 463 Patres
757 405 1005 470 conscripti
1040 400 1308 450 continuare
1336 396 1508 446 vellent
1528 430 1546 456 ,
1589 414 1684 445 non
1706 397 1856 446 solum
1896 410 2088 462 propter
2125 395 2243 442 illius
2275 395 2456 459 egregia

449 512 612 562 opera,
645 493 719 541 sed
749 491 885 538 etiam
920 483 1046 550 quod
1067 480 1267 548 populus
1297 477 1479 526 eosdem
1511 476 1719 525 tribunos
1749 480 1798 526 in
1822 478 2089 543 proximum
2119 493 2286 524 annum
2310 491 2459 523 creare

449 575 726 632 conabatur,
765 578 805 610 ι7
828 582 1030 633 quorum
1049 575 1265 610 neutrum
1281 562 1386 624 jure
1412 557 1511 605 fieri
1533 570 1739 621 poterat:
1775 571 2024 620 utrumque
2043 555 2264 616 discuffit,
2288 555 2460 604 senatus

451 655 584 703 simul
605 652 802 701 studium
826 644 1104 702 inhibendo,
1126 641 1175 688 &
1197 639 1406 687 tribunos
1426 637 1725 685 verecundiae
1744 637 1845 684 suae
1862 636 2126 700 exemplum
2146 634 2269 699 sequi
2290 652 2462 702 cogen-

450 736 526 782 do.

451 813 603 880 injusti
623 811 728 859 facti
755 803 1114 873 reprehenfione.

599 729 640 760 ¹8
663 733 734 779 Ita
756 745 871 776 unus
897 724 1042 773 caufl'a
1069 722 1181 781 fuit,
1216 733 1270 766 ut
1290 714 1582 783 amplissimus
1617 714 1759 775 ordo,
1793 713 2080 779 populusque
2111 726 2237 761 tutus
2265 713 2372 761 esset:
2405 715 2459 762 ab

523 899 562 927 ¹9
584 891 748 938 Fabius
772 905 879 935 vero
914 883 1152 932 Maximus
1186 895 1294 926 cum
1318 895 1342 924 a
1365 875 1407 923 se
1429 874 1694 940 quinquieS,
1730 873 1778 920 8<
1803 879 1846 901 ²0
1871 889 1896 918 a
1913 885 2066 937 patre,
2109 888 2225 932 avo,
2260 872 2460 936 proavo,

450 964 784 1033 majoribusque
810 962 894 1010 suis
924 959 1242 1023 saepenumero
1274 950 1559 1001 consulatum
1594 948 1774 1014 gestum
1797 947 2200 1007 animadverteret,
2236 948 2462 1008 comitiis,

451 1194 707 1243 indignatione
736 1191 876 1240 primus
905 1187 924 1226 ὲ
949 1185 1055 1237 plebe
1075 1185 1258 1224 Dicffator.
1308 1181 1428 1220 Porro

453 1246 651 1285 sexcennio
674 1244 751 1293 post
774 1253 873 1279 anno
897 1252 980 1287 404.
1007 1239 1147 1287 primus
1167 1236 1187 1273 ὲ
1209 1235 1315 1285 plebe
1329 1234 1430 1271 Cen-

452 1299 532 1342 sor,
561 1307 694 1344 magna
713 1294 946 1343 plebejorum
965 1289 1222 1327 contentione.
1258 1287 1428 1335 Uterque

452 1358 580 1386 tamen
610 1348 653 1383 C.
682 1346 838 1382 Martius
869 1342 1027 1380 Rutilius
1060 1348 1216 1378 vocatur
1236 1336 1335 1387 apud
1363 1337 1429 1373 Li-

451 1402 569 1437 vium.
621 1396 786 1445 Quidam
805 1393 966 1431 eundem
993 1390 1063 1429 effe
1083 1398 1214 1440 putant
1228 1417 1239 1433 ,
1263 1387 1325 1426 sed
1346 1388 1430 1425 lon-

450 1461 611 1499 gaevum
640 1449 732 1485 haec
763 1445 914 1483 tandem
946 1442 1066 1492 egisse.
1119 1439 1430 1488 Lectorjudicet.

453 1503 496 1539 ln
517 1501 691 1550 proximo
718 1499 895 1547 sequente
925 1494 1099 1542 exemplo
1128 1492 1268 1529 diffidet
1288 1491 1349 1528 hic
1365 1503 1430 1527 au-

455 1554 536 1590 cim·
554 1552 575 1589 ἐι
597 1551 709 1587 Livio
724 1578 734 1593 ‚
756 1547 861 1598 quod
882 1546 970 1584 dicit
982 1545 1248 1583 Cincinnatum
1270 1540 1430 1590 coegisse

452 1601 697 1641 verecundiae
718 1601 800 1638 suae
820 1598 994 1647 exemplo
1016 1596 1203 1639 tribunos,
1230 1605 1278 1632 ne
1299 1594 1429 1631 refice-

452 1663 578 1693 rentur
605 1662 734 1690 contra
759 1651 839 1699 jus,
876 1661 972 1699 quos
999 1648 1130 1685 Livius
1159 1645 1320 1683 refeetos
1355 1646 1428 1688 ait„

452 1718 552 1743 anno
589 1704 633 1741 ab
662 1704 712 1741 U.
743 1702 786 1738 C.
809 1713 901 1749 294.
938 1699 1125 1736 Oliverius
1146 1697 1270 1745 inepte
1300 1696 1430 1733 recitat

452 1756 643 1794 historiam
673 1754 784 1793 tertio
813 1753 894 1801 post
922 1762 1021 1787 anno
1040 1749 1177 1797 gestam
1194 1775 1204 1790 ,
1233 1746 1428 1783 Dictatore

456 1808 706 1850 Cincinnato,
733 1816 821 1842 cum
852 1803 946 1840 haec
974 1812 1019 1838 eo
1047 1798 1209 1838 Consule
1239 1796 1307 1835 sint
1332 1797 1429 1845 gesta

452 1859 615 1898 triennio
640 1865 735 1895 ante.
771 1852 1044 1892 GLAREAN.
1097 1852 1253 1887 Marcius
1278 1850 1430 1898 Rutilius

457 1912 664 1958 Censorinus.
688 1906 817 1955 Vulgo
848 1914 933 1943 ante
961 1903 1136 1951 Pighium
1167 1900 1342 1937 edebatur
1370 1902 1427 1937 Ass.

451 1964 601 2012 Rutilius
614 1961 807 2009 Censorinus
821 1983 831 1999 ,
851 1954 1052 2006 quomodo
1073 1954 1184 1991 etiam
1205 1951 1254 1988 est
1271 1950 1310 1987 in
1319 1950 1427 1988 MSS.

453 2016 492 2052 &
522 2023 718 2062 perperam
745 2019 899 2059 quoque
918 2008 967 2044 ita
989 2006 1091 2043 citari
1108 2005 1151 2041 ab
1172 2003 1236 2040 ΕΖ.
1262 2001 1426 2050 Spanhe-

449 2065 530 2102 mio
563 2060 653 2101 Diss‘.
679 2061 726 2099 de
757 2059 821 2097 usu
851 2060 888 2095 ὃς
914 2055 1129 2106 praestantia
1159 2053 1424 2090 numismatum

448 2127 484 2164 p.
507 2127 588 2161 742.
617 2112 696 2154 &a
725 2109 977 2148 Machiavello
1006 2120 1041 2156 p.
1063 2119 1146 2154 420.
1177 2104 1357 2142 Rutilium
1387 2105 1425 2140 in

448 2167 615 2214 margine
644 2170 790 2201 notarat
810 2161 1034 2198 Perizonius.
1086 2157 1169 2195 Fuit
1188 2156 1289 2192 enirn
1308 2156 1426 2203 gentis

446 2218 638 2260 Marciae,
667 2215 726 2252 cui
755 2212 878 2262 postea
905 2211 1078 2259 Censorini
1110 2217 1327 2254 cognomen
1360 2205 1424 2243 ad-

445 2267 560 2307 haefit
576 2275 637 2311 ‚ut
657 2264 813 2304 ostendit
832 2263 979 2310 Pighius
997 2260 1043 2299 ad
1058 2270 1199 2297 annum
1220 2258 1270 2294 U.
1283 2256 1424 2301 C.488.

446 2321 535 2358 LiV.
556 2320 601 2356 L.
624 2330 659 2354 x.
688 2329 746 2363 47.
774 2317 929 2362 Lustrum
957 2328 992 2349 eo
1022 2326 1109 2348 anno
1139 2307 1304 2346 conditum
1330 2310 1375 2354 est
1401 2307 1426 2344 ἆ,

446 2374 486 2408 Ρ.
511 2371 661 2408 Cornelio
684 2370 834 2408 vimina
853 2393 862 2409 ,
901 2368 939 2403 C.
962 2365 1097 2400 Marcio
1122 2362 1257 2407 Rutilio
1285 2359 1425 2405 censbri-

445 2423 517 2459 bus.
544 2419 619 2462 (Ad
637 2421 812 2456 concionem
827 2418 981 2465 populum
1002 2425 1166 2450 avocatum.
1189 2409 1293 2448 Bari).
1315 2410 1424 2457 prim.

447 2473 655 2511 advocatum.
706 2469 821 2507 Paulo
845 2475 930 2503 ante
952 2465 1058 2502 Leid.
1080 2465 1166 2501 sext.
1193 2458 1424 2498 moderamine.

446 2537 528 2563 sum
552 2523 658 2560 Leid.
678 2521 745 2558 sec.
767 2521 936 2567 Quantum
953 2518 1064 2566 potuit
1077 2512 1286 2564 gravffma.
1306 2511 1422 2549 ‘Idem

448 2576 547 2614 delet
559 2575 626 2623 fibi
652 2572 730 2622 post
750 2571 813 2608 bis.
841 2568 947 2606 Leid.
970 2567 1078 2616 prim.
1106 2567 1143 2602 &
1162 2564 1231 2600 sec,
1257 2573 1296 2598 ut
1317 2561 1425 2599 mode-

445 2631 573 2665 ratione
599 2626 731 2661 honores
760 2619 920 2659 crederent
945 2618 1128 2667 praecepit,
1154 2616 1240 2650 alter
1263 2615 1299 2660 ft
1318 2613 1424 2650 mode-

448 2682 573 2717 rationi
590 2673 740 2713 credidit.
792 2671 1026 2709 Moderatione
1047 2668 1159 2705 etlam
1184 2663 1287 2703 TOU.

507 2732 562 2767 16.
583 2730 724 2775 Qualem
743 2726 901 2772 confidem
917 2720 1022 2771 egit?]
1049 2714 1294 2756 Gronovius&
1315 2713 1425 2752 codd.

452 2780 611 2820 Andinis
640 2779 709 2827 legi
736 2776 816 2813 vult
837 2774 974 2822 Qualem
994 2772 1153 2819 confidem
1175 2765 1297 2818 geffit?
1325 2765 1425 2803 Vide

451 2834 575 2870 lib.1v.
598 2843 628 2867 c.
656 2842 709 2875 14.
730 2827 817 2865 Obs.
845 2827 893 2864 Et
915 2825 996 2862 sane
1017 2822 1182 2871 loquitur
1202 2820 1253 2856 ita
1274 2819 1312 2855 δε
1330 2816 1427 2854 alibi.

455 2886 510 2921 Ut
529 2895 602 2924 vn,
626 2892 661 2926 7,
682 2892 714 2925 7.
743 2882 930 2915 Praetorem
949 2874 1110 2911 urbanum
1120 2873 1318 2920 severiorem
1334 2870 1402 2918 egit
1417 2896 1427 2912 ‚

456 2950 557 2985 quam
580 2935 703 2978 Orestes
720 2929 872 2978 gesserat.
899 2925 1094 2965 VORST.
1138 2923 1217 2971 Egit
1240 2920 1286 2958 est
1306 2921 1343 2956 in
1357 2919 1435 2957 Co-

458 2987 527 3037 pes.
554 2983 683 3033 reliqui
710 2993 842 3021 omnes
872 2991 959 3018 cum
987 2974 1161 3016 omnibus
1179 2972 1271 3013 Edd.
1297 2971 1435 3010 habent

2295 1035 2331 1056 21
2358 1029 2459 1092 qui„

1473 1177 1813 1236 geffitrquomo‘do
1836 1177 1963 1227 paffim
1985 1177 2150 1227 optimos
2169 1176 2337 1215 nudiores
2353 1175 2459 1227 loqui

1480 1239 1627 1269 notavit
1650 1230 1796 1268 Salmas.
1828 1229 1874 1267 ad
1903 1229 2001 1267 Flor.
2030 1243 2060 1268 r.
2083 1243 2113 1267 1.
2138 1241 2171 1279 3.
2198 1229 2326 1266 Postea
2349 1228 2460 1266 Leid.

1480 1291 1564 1320 tert.
1581 1297 1688 1319 creare
1707 1280 1892 1318 nitebatur.
1914 1281 1981 1318 sec.
2001 1280 2174 1316 emebatur
2187 1308 2197 1323 ‚
2226 1287 2309 1316 tert.
2327 1293 2462 1316 conare-

1479 1345 1547 1422 tulr.
1586 1333 1771 1370 Nitehatur
1791 1332 2049 1371 vehementius
2070 1331 2199 1382 populi
2219 1330 2377 1368 studium
2399 1330 2462 1378 def=

1486 1397 1505 1423 c
1520 1393 1607 1423 arat.

1535 1448 1594 1483 17.
1629 1436 1777 1484 Qomm
1803 1432 1981 1483 neutrum]
2022 1431 2130 1470 Leid.
2165 1431 2253 1469 sext.
2277 1433 2316 1470 &
2344 1432 2466 1472 Periz.>

1480 1501 1643 1538 qnorum,
1670 1488 1752 1537 qnia
1773 1497 1947 1529 neutrum,
1974 1484 2077 1534 quod
2097 1495 2176 1521 non
2201 1483 2464 1532 spernendum.

1484 1539 1557 1577 Sed
1576 1548 1658 1577 tum
1678 1537 1833 1574 delenda
1855 1537 1904 1574 est
1923 1535 2106 1574 distinctio
2130 1535 2252 1584 major
2272 1535 2351 1584 post
2364 1546 2462 1585 pote-

1476 1602 1543 1629 rat.
1571 1592 1611 1629 δε
1627 1589 1803 1638 ponenda
1823 1587 1901 1636 post
1919 1587 2110 1623 conabam.

1533 1642 1589 1680 18.
1617 1644 1674 1677 Ita
1694 1655 1780 1677 unus
1799 1641 1836 1675 in
1856 1638 1964 1687 cauffiz
1979 1637 2069 1688 fuit]
2100 1637 2136 1674 A
2153 1637 2284 1687 Pighio
2315 1637 2392 1676 hoc
2412 1638 2461 1677 est

1478 1691 1715 1741 profeecum:
1743 1691 1910 1741 plerique
1940 1689 2045 1726 MSS.
2071 1688 2209 1727 habent
2237 1700 2341 1740 atque
2363 1705 2461 1728 unus.

1480 1744 1528 1780 Et
1566 1742 1613 1780 fic
1644 1741 1738 1780 Edd.
1774 1741 1837 1779 sed
1864 1740 1992 1779 malim
2022 1741 2073 1777 ita
2099 1752 2166 1789 per
2197 1740 2463 1789 Epiphonema

1479 1793 1565 1831 vide
1586 1794 1633 1830 L.
1657 1806 1687 1831 1.
1702 1803 1735 1839 7.
1759 1792 1793 1830 8.
1815 1793 1899 1830 Ext.
1927 1790 2035 1829 MSS.
2064 1790 2235 1829 Sedecim
2256 1803 2343 1830 cum
2364 1792 2460 1830 Edd.

1480 1845 1605 1883 delent
1626 1843 1966 1893 praepositionem,
1993 1844 2039 1878 in.
2067 1840 2195 1879 Recte.
2221 1842 2337 1880 Aliud
2354 1843 2458 1882 enim

1481 1897 1529 1933 est
1549 1899 1587 1932 in«
1605 1894 1712 1943 caussa
1734 1895 1811 1931 lmec
1822 1896 1916 1942 sunt.
1943 1891 2040 1942 apud
2061 1892 2139 1929 Cic.
2161 1893 2205 1930 L.
2232 1906 2264 1930 1.
2282 1892 2321 1930 F.
2343 1893 2462 1943 Ep.1.

1480 1946 1600 1995 Quod
1628 1947 1723 1983 bene
1754 1945 2002 1994 explicantem
2031 1943 2081 1981 ibi
2111 1943 2197 1981 vide
2228 1945 2458 1983 Manutium.

1479 1998 1636 2036 Dictum
1665 1997 1766 2034 enim
1796 2004 1837 2033 ut
1867 1997 1905 2033 in
1928 1994 2103 2043 exemplo
2131 1993 2237 2044 quod
2265 1994 2326 2032 ille
2345 1996 2458 2044 paulo

1479 2058 1565 2087 ante
1587 2049 1674 2086 citat
1703 2059 1748 2085 ex
1769 2055 1859 2084 orat.
1887 2057 1956 2094 pro
1980 2045 2142 2082 Caecina
2157 2073 2167 2089 ,
2195 2047 2345 2090 Multa,
2373 2059 2460 2096 quae

1479 2103 1513 2136 in
1534 2115 1568 2136 re
1589 2101 1697 2148 fimi,
1718 2100 1995 2148 praetermittam.
2024 2095 2142 2145 potest
2160 2104 2288 2134 tamen
2311 2098 2352 2134 δε
2369 2098 2460 2135 altc-

1479 2163 1563 2189 rum
1593 2149 1751 2199 probari.
1787 2148 1879 2185 Plin.
1907 2148 1953 2184 L.
1973 2160 2025 2185 vr.
2048 2147 2117 2196 Ep.
2151 2160 2181 2186 1.
2216 2146 2398 2199 Quidquid
2422 2150 2460 2186 ἐκ

1473 2201 1582 2249 cauffiz
1595 2231 1605 2245 ‚
1628 2203 1715 2250 eripe
1735 2215 1784 2236 me
1803 2200 1878 2236 huic
1895 2210 2065 2236 tormento.
2096 2198 2142 2235 L.
2156 2211 2226 2236 VII.
2248 2200 2316 2249 Ep.
2339 2213 2370 2243 ς.
2399 2203 2462 2237 In·

1475 2252 1627 2290 credibile
1646 2255 1688 2299 est
1701 2280 1712 2296 ‚
1731 2263 1857 2302 quanto
1878 2249 2034 2298 desiderio
2052 2252 2104 2287 tui
2122 2261 2246 2289 tenear.
2297 2244 2461 2301 In'cauffit

1475 2320 1569 2341 amor
1585 2305 1750 2354 primum.-
1777 2301 1893 2339 deinde
1915 2311 1988 2340 &a

1529 2369 1587 2403 19.
1615 2355 1738 2392 Fabius
1756 2369 1837 2392 vero
1862 2352 2059 2403 Maximus]

1474 2416 1530 2445 ter
1548 2408 1642 2445 haec
1665 2406 1709 2444 de
1718 2405 1833 2444 Fabio
1845 2406 2058 2443 Verrucoso
2072 2433 2082 2449 ,
2095 2404 2159 2454 qui
2177 2403 2341 2443 secundo
2359 2405 2458 2444 bello

1474 2459 1618 2496 Punico
1642 2458 1755 2502 vixit,
1782 2457 1962 2505 intelligit.
2003 2457 2056 2493 At
2079 2456 2208 2493 Livius
2231 2455 2312 2493 Lib.
2333 2469 2387 2494 xv.
2409 2456 2457 2495 de

1477 2510 1616 2548 eodem
1630 2508 1729 2546 bello
1742 2537 1751 2552 ‚
1762 2508 1851 2545 nihil
1869 2508 1956 2546 dicit
1973 2506 2188 2556 hujusmodi
2208 2505 2254 2544 de
2274 2515 2377 2555 patre
2390 2507 2462 2545 Fa·

1476 2561 1540 2599 bio
1562 2562 1599 2599 in
1623 2561 1812 2598 creatione
1831 2559 1895 2597 filii
1915 2560 1988 2603 sui,
2015 2570 2102 2596 cum
2120 2566 2248 2595 tamen
2276 2558 2349 2607 ipse
2372 2558 2459 2596 Cos.

1479 2613 1642 2650 comitiis
1664 2610 1852 2660 praeesset.
1887 2610 2002 2648 Unde
2020 2622 2099 2647 non
2121 2609 2169 2646 est
2190 2608 2343 2646 dubium
2361 2609 2459 2658 apud

1478 2675 1541 2702 me
1554 2664 1749 2702 Valerium
1770 2664 1831 2700 hic
1850 2662 1955 2712 loqui
1978 2661 2023 2699 de
2037 2660 2228 2698 Rutiliano
2243 2688 2253 2703 ‚
2266 2660 2329 2709 qui
2349 2661 2461 2710 quin-

1476 2717 1580 2765 quies
1601 2714 1739 2752 Consul
1761 2714 1854 2758 fuit,
1882 2725 1969 2751 curn
1990 2713 2066 2761 ejus
2086 2711 2178 2749 filius
2199 2710 2337 2748 Consul
2359 2723 2461 2749 crea·
2498 2727 2501 2733 ’

1476 2775 1534 2804 tur
1549 2795 1560 2811 ,
1588 2778 1689 2804 anno
1709 2765 1793 2812 461.
1821 2764 1867 2803 ad
1887 2764 2002 2802 finem
2024 2764 2164 2811 primae
2184 2761 2360 2800 Decados
2374 2762 2458 2807 ,ubi

1477 2825 1606 2855 tamen
1625 2818 1715 2855 nihil
1734 2818 1842 2866 hujus
1862 2816 1915 2853 rei
1935 2813 2106 2852 meminit
2128 2813 2279 2850 Livius:
2309 2812 2370 2850 sed
2388 2826 2458 2862 po—

2092 2352 2279 2391 Oliverius
2294 2353 2463 2393 constan-

1485 2869 1551 2906 test
1568 2870 1642 2906 hoc
1666 2869 1798 2906 Livius
1828 2865 1952 2905 dixisse
1977 2872 2039 2902 aut
2057 2864 2164 2901 initio
2185 2863 2364 2901 secundae
2382 2866 2463 2902 De·
2508 2904 2513 2908 .

1487 2919 1598 2958 cados
1612 2948 1622 2964 ‚
1650 2928 1712 2957 aut
1734 2920 1773 2956 in
1793 2917 1955 2956 secundo
1983 2915 2046 2952 filii
2070 2915 2282 2960 consulatu,
2309 2915 2372 2966 qui
2394 2916 2464 2953 fuit

1487 2981 1588 3009 anno
1613 2983 1702 3018 477.
1740 2982 1819 3021 quo
1846 2978 2019 3018 tempore
2048 2974 2151 3015 pater
2180 2965 2301 3005 adhuc
2337 2977 2465 3004 vivere

2358 3026 2463 3066 pote=
