2516 3509
403 148 509 219 176
684 121 1123 191 VALERII·
1167 113 2164 178 MAXIM’1·L13.11.CA1⁵.VL

400 233 602 307 arripuit.
670 234 801 282 Tum
841 240 879 270 55
907 226 1070 277 defusis
1102 222 1346 272 Mercurio
1377 221 1716 280 delibamentis,
1748 220 2033 268 &invocato
2062 216 2250 266 numine
2280 218 2402 283 ejus,

404 319 448 359 56
476 331 529 364 ut
563 315 604 362 se
634 310 814 376 placido
849 310 1010 357 itinere
1039 306 1087 351 in
1115 300 1352 349 meliorem
1383 298 1494 346 sedis
1515 299 1713 346 infernae
1736 298 1979 344 deduceret
2001 309 2200 362 partem,
2229 297 2408 360 cupido

399 390 561 440 haustu
581 385 863 435 mortiferam
886 385 1026 433 traxit
1044 380 1299 446 potionem.
1369 377 1441 424 Ac
1465 375 1667 424 sermone
1699 375 1979 440 significans,
2015 390 2216 437 quasnam
2231 374 2410 438 ficbinde

390 480 538 535 partes
574 475 615 508 57
640 469 813 527 corporis
825 465 901 527 sui
923 468 1037 527 rigor
1054 468 1301 521 occuparet,
1335 472 1444 502 cum
1467 458 1564 521 jam
1596 453 1835 502 visceribus
1860 470 1995 512 eum,
2030 453 2079 500 &
2102 453 2234 500 cordi
2254 454 2408 501 immi-

399 565 506 599 nere
526 547 634 595 effet
654 545 860 604 elocuta,
897 542 1096 590 filiarum
1117 554 1273 587 manus
1294 535 1350 583 ad
1378 532 1420 573 58
1443 533 1705 598 supremum
1732 534 2141 596 opprimendorum
2165 535 2410 582 oculorum

399 625 609 674 officium
637 624 894 673 advocavit.
974 620 1177 670 Nostros
1214 631 1368 665 autem
1392 650 1409 676 ‚
1458 612 1636 662 tametsi
1665 629 1790 661 novo
1816 612 2072 677 speetaculo
2106 615 2418 681 obstupefasti'

400 720 556 766 erant,
592 704 779 753 suffusos
807 716 960 750 tamen
980 699 1189 764 lacrymis
1208 695 1393 744 dimisit.

471 784 562 833 Sed
591 796 645 832 ut
676 782 732 831 ad
753 779 1097 830 Massiliensium
1125 776 1388 834 civitatem,
1422 771 1545 820 unde
1564 772 1611 819 in
1636 772 1728 818 hoc
1753 768 2089 818 deverticulum
2119 769 2307 831 excelli,
2342 788 2410 819 re-

401 991 537 1030 mentis
549 1020 558 1036 ‚
569 989 698 1042 quibus
709 991 781 1040 ipsa
804 990 878 1028 coli
895 988 1033 1028 solebat
1048 985 1062 1023 ?
1076 994 1116 1024 ut
1133 983 1230 1034 apud
1239 981 1378 1021 Phaed.

402 1044 449 1081 L.
472 1055 524 1080 xv.
543 1056 576 1089 4.
606 1042 663 1079 Sic
683 1043 787 1080 Curt.
806 1042 852 1079 L.
869 1052 905 1078 V.
927 1041 961 1077 6.
983 1040 1017 1078 8.
1043 1040 1146 1075 Cultu
1160 1038 1380 1084 foeminarum

400 1094 560 1141 abstinere
578 1093 682 1141 jzfft.
742 1092 876 1130 Noster
903 1092 998 1129 infra
1029 1101 1086 1126 ex.
1112 1099 1168 1137 13.
1208 1087 1246 1123 &
1274 1086 1380 1133 saepe

402 1145 473 1182 alii.
514 1145 587 1181 Pro
599 1145 704 1191 fizcris
721 1140 898 1190 domesticis
920 1152 1013 1178 unus
1036 1141 1074 1176 &
1091 1137 1181 1175 alter
1203 1147 1289 1173 cum
1312 1135 1379 1172 Ed.

404 1196 513 1242 Nlog.
532 1196 638 1242 ſszcris
669 1192 733 1229 diis
763 1191 952 1241 domesticis.
1028 1187 1178 1229 Deinde
1212 1186 1382 1224 nonnulli

404 1257 557 1281 tlbvoc‘ato
576 1259 705 1280 ηθῃῖίηιθ
725 1258 805 1285 ems.

458 1310 516 1344 55.
545 1297 681 1343 Defiafis
715 1288 884 1331 Mercurio
914 1287 1165 1338 delibamentis]
1204 1284 1384 1326 Potuiffet

407 1347 446 1384 &
470 1348 554 1394 siffis
586 1346 785 1383 libamentis.
863 1342 1027 1392 Simplici
1064 1340 1245 1377 libamenta
1282 1339 1382 1376 enim

407 1398 490 1435 usus
517 1400 555 1434 &
585 1397 687 1444 supra
710 1408 757 1438 11,
788 1408 823 1444 ς,
845 1408 875 1443 5.
904 1395 952 1432 Et
974 1389 1296 1439 Chalcocondyles
1323 1389 1384 1426 hic

407 1459 562 1498 quoque
583 1447 697 1485 edidit
707 1447 908 1483 libamentis.
936 1446 1081 1482 Verum
1094 1442 1240 1480 codices
1252 1439 1383 1477 Brand.

407 1499 515 1536 MSS.
543 1496 677 1547 aliique
699 1497 924 1546 antiquiores
942 1495 1039 1545 typis
1071 1493 1221 1542 expreffi
1246 1491 1384 1528 habent

408 1547 647 1586 delibamentis.
699 1549 788 1585 Erat
818 1555 943 1584 autem
975 1546 1141 1587 libamen,
1168 1543 1384 1579 libamentum

411 1601 451 1638 ὃς
469 1599 718 1636 delibamentum
739 1599 869 1636 vinum
888 1596 1000 1641 istud,
1028 1594 1133 1645 quod
1148 1594 1243 1631 inter
1262 1592 1384 1643 epulas

409 1651 450 1689 in
471 1651 658 1689 honorem
680 1650 830 1698 alicujus
849 1649 924 1686 Dei
950 1647 989 1685 in
1007 1645 1171 1684 mensam
1186 1673 1196 1689 ‚
1223 1653 1286 1682 aut
1311 1652 1386 1681 ter--

414 1712 518 1745 ram3
548 1701 609 1739 vel
630 1701 725 1738 inter
740 1700 837 1737 sacra
858 1700 895 1736 in
915 1710 1017 1736 aram
1038 1695 1288 1734 effundebant.
1328 1695 1384 1733 Ita

414 1763 506 1801 ergo
538 1753 577 1789 ὃ(
606 1752 747 1801 femin-a
778 1750 836 1787 illa
865 1748 1034 1791 Ceenfis,
1070 1759 1156 1785 cum
1185 1747 1385 1794 potionem

414 1811 640 1840 venenatam
669 1803 852 1844 sumeret,
879 1798 1071 1837 Mercurio
1094 1808 1140 1834 ex
1169 1795 1300 1834 eadem
1323 1796 1386 1833 de-

411 1853 658 1892 libamentum
690 1851 845 1890 defudit.
895 1851 969 1888 Pro
999 1847 1251 1885 delibamentum
1272 1845 1387 1893 desun-

414 1904 489 1942 dere
511 1905 637 1943 dicunt
667 1904 706 1941 δε
730 1914 807 1941 uno
831 1901 947 1939 verbo
975 1899 1091 1936 libare.
1152 1898 1326 1946 Virgilius
1357 1910 1388 1936 1.

415 1956 515 1993 Aen.
544 1957 652 1992 Dixit
671 1956 775 1990 &stin
801 1954 909 2000 mensu
927 1953 1062 1988 laticum
1082 1949 1207 1985 libavit
1227 1949 1389 1986 honorem.

417 2006 538 2047 Item:
569 2008 606 2042 ln
634 2007 776 2053 mensam
806 2006 887 2040 laeti
916 2003 1047 2046 libant,
1073 1999 1230 2049 divosque
1252 2010 1391 2049 precan-

416 2068 485 2095 tur.
537 2056 672 2095 Rursus
690 2056 769 2094 Ecl.
790 2067 826 2092 v.
851 2056 932 2090 Duo
949 2056 1014 2090 rite
1033 2067 1118 2089 mero
1134 2051 1242 2087 libans
1264 2050 1391 2087 carche-

407 2109 465 2155 fia
498 2108 616 2145 Baccho
639 2104 756 2154 fundit
783 2106 884 2142 humi.
936 2103 1007 2141 Sed
1038 2102 1233 2140 utebantur
1262 2110 1391 2139 tamen

413 2166 498 2195 tum
516 2159 657 2203 verbo,
683 2165 765 2195 tum
794 2167 947 2206 quoque
972 2154 1151 2197 nomine,
1180 2154 1218 2190 &
1238 2163 1392 2200 genera-

410 2208 504 2253 lius,
531 2209 576 2246 de
599 2219 827 2258 quocunque
843 2205 1043 2244 sacrificio:
1065 2202 1265 2254 quomodo
1288 2203 1393 2252 supra

412 2271 461 2304 11,
475 2273 510 2308 ς,
528 2273 557 2309 ς.
582 2259 849 2297 &libamentum
871 2258 1067 2304 usurpatur.
1096 2253 1292 2291 VORST.
1329 2255 1392 2289 Li-

416 2308 693 2347 hamentisNoss.
707 2311 743 2346 δε
758 2307 864 2345 Leid.
876 2308 961 2356 sept.
974 2317 1066 2343 unus
1076 2316 1144 2341 tum
1164 2302 1393 2351 demumfufis.

469 2361 526 2410 56.
553 2367 595 2397 Ut
621 2363 656 2409 fi>
683 2363 717 2396 in
749 2361 913 2396 meliorem
936 2356 1024 2405 sedis
1055 2359 1200 2402 infernae
1228 2353 1395 2391 deduceret

414 2410 562 2461 partem]
592 2411 799 2448 Mercurius
825 2406 984 2458 praeesse
1008 2406 1222 2445 credebatur
1252 2406 1394 2444 anima-

421 2463 500 2501 bus.
549 2461 743 2510 Virgilius:

838 2511 996 2549 vinimas
1018 2509 1076 2543 ille
1093 2517 1208 2543 evocat
1230 2511 1312 2543 Orco

471 2565 642 2601 Pallentes
657 2591 666 2607 ‚
693 2564 781 2598 alias
797 2560 859 2609 sub
879 2561 989 2607 tristia
1007 2569 1140 2593 tartara
1159 2559 1278 2593 mittit.

422 2614 492 2653 Per
512 2616 674 2651 meliorem
688 2612 775 2661 seclis
795 2614 943 2658 infernae
960 2619 1087 2659 partem
1116 2607 1327 2654 intelligitur
1350 2606 1397 2645 sis:

423 2665 539 2704 dietus
554 2675 688 2714 *campus
707 2663 855 2712 Elyfius,
875 2660 920 2698 de
943 2671 1018 2709 quo
1031 2657 1206 2706 Virgilius
1224 2670 1278 2695 vr.
1298 2659 1395 2695 Aen..

472 2719 648 2753 Devenere
669 2716 749 2751 locos
768 2715 870 2751 laetos
891 2719 935 2748 (9⁹
958 2723 1093 2746 amoena
1113 2719 1224 2744 vireta

474 2770 728 2804 fortunatorum
749 2777 912 2801 nemorum
925 2789 934 2806 ,
956 2759 1108 2810 sedesque
1128 2758 1253 2797 beatas.

426 2816 533 2855 Idem
550 2831 558 2855 :

840 2862 967 2900 Exinde
980 2872 1037 2911 per
1057 2862 1201 2910 amplum

470 2920 653 2954 Mittimur
677 2918 819 2966 Elysium
836 2924 881 2951 (J
899 2918 998 2964 pauci
1017 2916 1106 2949 laem
1127 2926 1214 2950 arva
1241 2922 1396 2948 tenemus.

422 2969 618 3008 VORST.
641 2968 740 3005 Vide
753 2967 922 3014 Magium
936 2965 1038 3002 Misc.
1052 2964 1097 3000 L.
1111 2975 1163 2999 1v.
1175 2975 1219 2999 11.
1232 2962 1395 3000 PERIZ.

472 3032 530 3069 57.
556 3022 709 3071 Corporis
724 3020 779 3068 fiii
800 3028 914 3068 partes
929 3018 1020 3067 rigor
1040 3013 1225 3065 occuparet]
1242 3013 1399 3054 Conve-

2235 860 2384 903 vertar
2395 883 2411 910 ‚

1430 981 1537 1019 niunt
1559 980 1654 1019 haec
1676 978 1819 1029 prorsus
1839 989 1926 1016 curn
1956 977 1996 1014 iis
2018 987 2113 1026 quae
2145 974 2191 1014 de
2213 976 2314 1014 exitu
2341 976 2412 1015 So·

1434 1033 1538 1070 cratis
1557 1039 1678 1070 narrat
1698 1031 1802 1068 Plato
1822 1030 1861 1067 in
1882 1029 1956 1067 fine
1976 1027 2194 1065 Phaedonis.
2241 1027 2411 1075 Septem-

1433 1082 1555 1120 decim
1586 1081 1709 1120 Codd.
1737 1081 1857 1129 scripti
1881 1083 2008 1116 elocuta
2037 1090 2124 1115 cum
2146 1077 2215 1116 Ed.
2245 1079 2411 1129 principe

1432 1134 1548 1171 Periz.
1570 1135 1729 1170 allocuta.
1782 1132 1905 1169 Probo
1931 1133 2069 1166 elocuta.

1488 1184 1545 1232 58.
1564 1189 1754 1234 supremum
1775 1179 2053 1232 opprimendorum
2070 1180 2233 1216 oculorum
2251 1177 2410 1228 ffcium]

1434 1234 1610 1282 Virgilius
1633 1234 1721 1272 dicit
1738 1236 1842 1270 oculos
1854 1244 2007 1283 premere.
2042 1232 2096 1268 Ut
2115 1242 2166 1266 IX.
2186 1230 2284 1267 Aen.
2311 1233 2413 1278 Presa

1427 1285 1503 1332 five
1530 1286 1635 1321 oeulos
1654 1296 1715 1321 aut
1734 1286 1876 1321 ‘vulnera
1900 1286 1986 1320 lavi.
2039 1281 2111 1319 Sed
2132 1282 2170 1318 δί
2191 1280 2264 1328 ipse
2290 1281 2414 1318 noster

1438 1335 1534 1372 infra
1556 1348 1629 1380 VH,
1653 1335 1690 1379 8,
1706 1347 1741 1383 9.
1770 1338 1886 1372 Morte
1901 1333 2010 1384 prffs
2032 1334 2145 1369 oculis.
2191 1331 2275 1367 Nec
2289 1331 2411 1379 placet

1435 1385 1539 1435 quod
1560 1384 1831 1423 Aurelianensis
1861 1386 1900 1423 in
1920 1385 2031 1423 Notis
2051 1383 2100 1421 ad
2120 1381 2243 1421 Tacit.
2269 1392 2338 1429 pro
2357 1393 2413 1431 op-

1431 1435 1675 1486 primendorum
1726 1435 1927 1485 legendum
1984 1434 2106 1472 censet
2161 1430 2414 1482 operiendorum.

1436 1488 1634 1526 VORST.
1664 1489 1826 1524 Filiarum
1847 1501 1962 1524 manus
1984 1485 2029 1521 ad
2044 1487 2230 1534 supremum
2248 1485 2412 1521 oculorum

1435 1537 1714 1588 opprimendorum
1737 1538 1876 1586 officium
1905 1536 2096 1574 advoca-vit.
2124 1534 2206 1572 MS.
2231 1538 2416 1584 occupavit.

1436 1590 1634 1639 Eleganter
1654 1589 1738 1627 sane
1752 1599 1923 1639 :occupare
1943 1588 2044 1624 enim
2064 1599 2180 1622 manus
2200 1586 2339 1621 alterius
2363 1586 2413 1624 est

1435 1642 1628 1690 usurpare,
1657 1651 1840 1678 exercere.
1893 1641 1985 1676 Werk
2008 1651 2128 1688 geven.
2162 1635 2412 1674 PERIZON.

1436 1692 1703 1740 Significantius
1721 1700 1850 1729 tamen
1871 1690 1919 1728 est
1939 1687 2142 1731 advocavit,
2162 1687 2208 1724 ita
2234 1687 2335 1724 enim
2354 1687 2411 1725 in-

1438 1743 1535 1780 dicat
1546 1742 1646 1780 illam
1666 1742 1780 1790 ipsam
1802 1739 1987 1779 mandasse
2009 1738 2167 1783 filiabus,
2180 1746 2220 1776 ut
2238 1736 2301 1775 fibi
2321 1749 2415 1777 ocu-

1436 1794 1492 1832 los
1512 1792 1723 1831 clauderent
1734 1805 1746 1837 5
1775 1795 1813 1831 ὃς
1835 1801 1986 1830 tuentur
2001 1791 2074 1828 hoc
2093 1789 2224 1839 reliqui
2242 1788 2349 1826 MSS.

1491 1857 1549 1893 59.
1578 1846 1630 1880 Ita
1647 1845 1724 1892 ipfis
1741 1858 1870 1895 quoque
1890 1855 1965 1879 tuta
1977 1840 2077 1890 sunt]
2099 1841 2180 1891 Ipfis
2192 1841 2416 1888 interpretor

1439 1905 1518 1932 non
1540 1895 1819 1942 Maffilienfihus,
1845 1893 1908 1931 sed
1929 1893 2114 1942 'hospitibus
2129 1920 2138 1936 ,
2167 1899 2207 1929 ut
2227 1890 2269 1928 fit
2286 1891 2417 1930 sensus.

1440 1945 1676 1983 Massilienses
1705 1957 1785 1984 non
1812 1943 1932 1982 solum
1974 1943 2187 1980 humaniter
2226 1943 2416 1990 excipiunt

1440 1996 1600 2046 hospites
1625 2025 1635 2040 ,
1670 1995 1732 2033 sed
1771 1997 1809 2032 δε
1836 1994 1984 2033 illorum
2013 1993 2200 2041 hospitum
2232 1992 2416 2031 securitati

1442 2048 1677 2096 prospiciunt.
1731 2046 1831 2083 Cum
1863 2045 1989 2088 enim,
2016 2052 2059 2081 ut
2081 2044 2123 2080 *in
2150 2043 2339 2091 hospitiis,
2376 2051 2418 2081 ut

1441 2098 1539 2137 inter
1555 2097 1785 2136 temulentos
1805 2096 1951 2133 crebrae
1972 2096 2212 2142 1·ixae‚atque
2234 2093 2321 2130 inde
2333 2105 2418 2131 cae-

1443 2148 1506 2186 des
1527 2151 1692 2187 oriantur
1705 2175 1715 2192 ,
1727 2148 1915 2197 optimum
1927 2147 2002 2183 hoc
2025 2153 2153 2182 contra
2168 2155 2325 2182 omnem
2336 2145 2415 2183 vim

1444 2200 1483 2237 &
1508 2200 1681 2249 injuriam
1711 2197 1921 2236 remedium
1951 2204 2103 2246 putant,
2141 2193 2166 2231 sl
2195 2195 2354 2244 hospites
2379 2196 2420 2234 in

1444 2259 1574 2299 portae
1597 2246 1755 2297 ingressu
1775 2260 1878 2286 arma
1899 2255 2051 2296 ponant.
2078 2247 2128 2283 V.
2144 2245 2276 2283 Bodin.
2296 2246 2342 2284 L.
2364 2259 2419 2285 1v.

1445 2300 1491 2338 de
1512 2302 1605 2350 Rep.
1628 2301 1673 2337 C.
1698 2311 1731 2346 7.
1756 2300 1822 2347 qui
1837 2299 2017 2346 Justinum
2041 2309 2127 2335 curn
2146 2296 2300 2337 Valerio
2315 2297 2418 2336 idem

1445 2363 1590 2389 narrare
1612 2350 1741 2389 volent
1755 2378 1766 2396 ,
1794 2350 1873 2400 lpsts
1884 2348 2217 2398 interpretabuntur
2236 2348 2259 2385 i.
2272 2359 2303 2385 e.
2314 2350 2418 2398 Mas-

1437 2402 1636 2451 filienfibus.
1688 2402 1795 2439 Tum
1815 2401 1915 2438 enim
1935 2401 2051 2438 sensus
2078 2398 2164 2436 esset
2188 2398 2423 2438 Maffilienses

1445 2455 1530 2492 suae
1552 2453 1757 2502 prospicere
1780 2451 1972 2489 securitati.
2027 2450 2098 2487 Sed
2124 2449 2187 2499 qui
2220 2450 2330 2487 verba
2348 2462 2421 2488 no-

1447 2505 1506 2543 stri
1525 2503 1733 2553 diligentius
1745 2498 1935 2539 excufferit
1955 2512 1997 2538 ac
2015 2500 2133 2538 stilum
2155 2512 2419 2546 communem,

1447 2555 1619 2594 admittet
1653 2553 1762 2602 prius.
1830 2554 1922 2600 Quo
1954 2552 2065 2589 etiam
2094 2550 2243 2588 inclinat
2272 2552 2420 2591 Camer.

1450 2607 1564 2644 Cent.
1596 2618 1627 2644 1.
1658 2615 1719 2651 47.
1761 2603 1810 2641 Et
1840 2603 2025 2641 diversum
2067 2610 2190 2639 narret
2223 2602 2418 2647 Valerius,

1448 2655 1662 2695 dummodo
1674 2665 1753 2692 non
1772 2655 2000 2692 contrarium
2014 2682 2024 2698 ,
2037 2651 2183 2702 possunt
2194 2653 2294 2689 enim
2315 2653 2422 2691 unius

1448 2708 1599 2745 instituti
1630 2705 1750 2755 plures
1779 2702 1849 2742 esse
1877 2702 2039 2748 caussae,
2067 2705 2105 2741 &
2132 2703 2238 2750 hujus
2259 2705 2423 2750 securitas

1447 2758 1537 2794 urbis
1551 2786 1561 2802 ,
1580 2755 1780 2794 secundum
1792 2756 1974 2803 Justinum
1989 2783 1999 2799 ‚
2011 2766 2053 2792 ac
2072 2752 2177 2790 fimul
2181 2755 2343 2800 securitas
2363 2755 2424 2791 ho-

1439 2811 1568 2857 spitum
1582 2836 1592 2852 ‚
1605 2806 1806 2845 secundum
1817 2806 2011 2845 Valerium
2024 2833 2034 2849 ,
2055 2815 2125 2841 nec
2145 2804 2302 2841 alterum
2319 2804 2422 2843 alteri

1449 2859 1599 2896 officiet.
1624 2858 1852 2896 RUPERT.
1904 2857 2027 2904 Ergo,
2054 2853 2079 2891 fi
2102 2853 2167 2892 diis
2192 2856 2336 2903 placet,
2361 2863 2420 2893 tu-

1444 2910 1518 2948 tior
1543 2909 1673 2957 hospes
1694 2910 1742 2947 est
1759 2908 1909 2947 inermis
1929 2906 1974 2944 ad
1992 2905 2175 2953 hospitem
2191 2934 2200 2950 ,
2231 2907 2295 2956 qui
2312 2917 2417 2944 arma

1445 2960 1578 2998 habeat
1600 2961 1806 3005 divertens,
1833 2969 1944 3008 quam
1967 2956 1991 2994 fi
2013 2957 2050 2994 ὃ(
2072 2956 2144 3004 ipse
2162 2956 2315 3000 habeat,
2338 2958 2422 3006 qui⁴¹³

1448 3011 1512 3051 bus
1530 3012 1565 3051 se
1583 3011 1689 3062 possit
1709 3010 1929 3055 defendere,
1951 3007 1976 3046 fi
1999 3008 2050 3047 vis
2070 3015 2225 3057 paretur.
2251 3008 2343 3047 Non
2360 3008 2423 3096 hcif

2408 3070 2428 3096 e
