2516 3509
407 115 519 178 624

668 88 1072 157 VALERII
1149 82 1518 141 MAXIMI
1557 83 2132 151 L12.V11.Cip,.11.

412 208 536 256 solvi,
605 204 669 251 Et
703 200 801 248 sane
836 193 1077 260 negotium
1111 187 1299 236 nomine
1332 184 1600 251 horridum,
1635 186 1831 237 civitatis
1865 191 2040 239 nostrae
2072 207 2218 241 mores
2252 191 2299 239 in
2333 187 2412 240 suo

416 290 529 336 statu
564 280 818 329 continuit:
856 273 1044 322 blandae
1075 267 1389 335 appellationis
1423 265 1548 329 quies
1582 265 1787 330 plurimis
1820 270 1941 317 vitiis
1975 271 2190 334 resperfit.

484 362 643 425 Scipio
677 374 786 405 vero
822 352 1061 401 Africanus
1096 359 1212 407 turpe
1247 345 1322 404 effi
1356 344 1503 408 ajebat
1537 347 1582 391 in
1611 361 1655 391 re
1690 348 1870 393 militari
1904 349 2062 409 dicere,
2105 358 2120 378 ²
2157 354 2260 399 IVon
2284 349 2439 413 puta?

205 423 322 489 ¹82³&-
349 468 395 492 Ἠ·
419 460 538 492 mm:
571 439 784 488 videficet
819 433 924 497 quja
956 427 1196 492 explorato
1222 424 1270 470 &
1293 422 1478 469 excusso
1510 421 1732 483 consilio,
1768 441 1884 486 quae
1917 426 2036 474 ferro
2071 443 2304 494 aguntur,
2338 430 2418 477 ad·

204 503 314 531 rilint
344 503 400 531 Fi-

206 544 267 574 blx).

421 521 658 572 ministrari
702 527 916 581 oportere
961 506 1273 557 arbitrabatur.
1329 510 1345 540 3
1393 501 1564 549 summa
1596 503 1786 549 ratione.
1851 512 1874 542 4
1919 506 2262 557 Inemendabilis
2297 511 2419 557 enim

418 602 482 649 est
513 618 663 660 error,
698 599 776 662 qui
810 592 1052 643 violentiae
1086 587 1251 637 Martis
1286 585 1611 632 committitur.
1672 592 1686 622 5
1725 584 1853 632 Idem
1888 587 2082 650 negabat
2116 587 2137 616 ⁶
2172 593 2294 638 aliter
2327 609 2419 640 cum

422 685 528 747 hoste
561 683 718 743 confligi
751 679 892 724 dehere
916 709 931 734 ,
978 680 994 712 7
1039 687 1163 734 quam
1197 672 1238 731 fi
1272 677 1346 714 aut
1381 670 1526 728 occasto
1561 667 1778 727 obvent‘ffet
1801 700 1816 724 ,
1861 678 1936 713 aut
1972 671 2173 729 neceffitas
2206 675 2418 734 incidfflt.

425 777 565 826 aeque
600 758 858 824 prudenter,

927 753 1056 800 Nam
1093 749 1141 795 ὃς
1175 745 1384 811 prospere
1416 743 1637 808 gerendae
1683 745 1746 790 rei
1782 743 2043 792 facultatem
2078 748 2291 795 omittere
2326 765 2420 796 ma-

427 844 552 890 xima
584 837 811 885 dementia
844 832 944 880 est:
989 831 1037 877 Sc
1071 831 1118 875 in
1152 826 1374 890 angustias
1419 824 1578 887 utique
1612 822 1846 887 pugnandi
1883 823 2168 886 compulsum
2203 826 2421 873 abstinere

429 921 469 968 se
505 921 679 986 proelio
704 953 719 978 ,
768 917 784 945 ⁸
822 912 1084 979 pestiferum
1128 907 1331 973 ignaviae
1364 904 1507 952 adfert
1542 904 1741 950 exitum:
1778 919 2028 967 eorumque
2064 904 2142 965 qui
2176 903 2257 950 ista
2290 920 2420 951 com-

493 1142 527 1167 2.
558 1130 636 1165 Non
650 1123 825 1178 putaram]
855 1122 969 1160 Fabio
997 1119 1071 1158 hoc
1094 1117 1233 1156 Seneca
1257 1115 1405 1159 tribuit,

441 1181 502 1219 sed
523 1188 678 1228 peccato
699 1175 905 1214 memoriae
925 1172 1070 1221 opinor.
1099 1169 1292 1206 COLER.
1320 1169 1407 1203 Tur-

435 1245 476 1283 pe
496 1231 555 1278 eſjb
576 1229 686 1278 ajebat
705 1230 739 1264 in
768 1242 801 1263 re
819 1227 961 1261 militari
980 1223 1105 1263 decere,
1133 1224 1216 1254 IVon
1234 1229 1406 1268 putaram.

447 1284 586 1319 Seneca
618 1295 673 1319 11.
705 1292 760 1328 31.
796 1277 841 1314 de
872 1277 926 1312 Ira
949 1303 957 1318 ‚
1002 1272 1126 1310 tribuit
1161 1270 1235 1306 hoc
1270 1269 1405 1306 Fabio:

383 1343 386 1345 ’
447 1334 483 1370 id
505 1332 607 1382 quod
630 1330 785 1368 Colcrus
815 1328 912 1376 lapsu
934 1323 1139 1362 memoriae
1169 1320 1308 1358 factum
1341 1331 1410 1368 pu-

441 1392 504 1421 tat.
532 1383 725 1420 VORST.

504 1447 535 1484 3.
571 1439 707 1469 Summa
740 1427 886 1477 ratione]
930 1428 1014 1464 Hac
1046 1424 1188 1462 ratione
1223 1420 1409 1459 Auelores

449 1485 609 1522 breviter
633 1482 810 1530 judicium
841 1481 943 1516 suum
970 1478 1231 1524 interponunt,
1256 1471 1407 1520 &quip-

450 1537 550 1584 piam
579 1531 869 1571 subaudiendum
899 1528 1094 1577 reliquunt.
1145 1523 1258 1572 Apud
1280 1524 1410 1570 Nepo-

450 1595 527 1623 tem
548 1598 616 1622 vn.
644 1597 678 1633 9.
711 1597 740 1621 1.
768 1583 875 1619 unica
903 1591 977 1617 vox
993 1580 1082 1625 falso
1102 1574 1298 1624 periodum
1319 1584 1410 1609 con-

450 1636 545 1674 ficit:
574 1635 695 1684 estque
724 1632 839 1682 polita
877 1643 944 1679 pro
977 1633 1046 1668 ,At
1071 1629 1162 1674 falso
1187 1626 1221 1662 td
1240 1625 1408 1674 speravit.

451 1687 645 1725 VORST.
673 1685 742 1722 Bit.
769 1684 875 1731 prim.
902 1692 987 1718 cum
1016 1680 1171 1716 ratione.

498 1752 532 1785 4
561 1734 814 1773 lnemendabilis
834 1734 923 1768 enim
947 1734 993 1778 est
1019 1742 1127 1771 error,
1156 1727 1216 1777 qui
1246 1725 1409 1760 'violentia

447 1791 584 1825 Martis
608 1782 840 1832 committitur]
862 1782 969 1830 Lego
989 1791 1074 1817 cum
1097 1779 1210 1814 MSto
1225 1800 1234 1817 ‚
1260 1777 1320 1825 qui
1337 1777 1410 1812 vio-

446 1842 571 1876 lentiae
599 1838 732 1874 Martis
758 1835 988 1871 committitur.
1049 1830 1139 1866 HOC
1167 1827 1214 1864 est
1237 1854 1247 1870 ,
1279 1826 1342 1875 qui
1371 1826 1408 1862 in

451 1891 549 1928 bello
579 1886 744 1937 gerendo
771 1891 955 1933 patratur,
986 1883 1023 1918 &
1052 1879 1183 1917 Martis
1209 1876 1408 1915 violentiae

448 1940 549 1991 quali
572 1937 821 1987 exsequendus
839 1932 1097 1972 committitur.
1120 1929 1167 1966 fic
1189 1929 1226 1965 &
1248 1926 1409 1964 Ascenfii

452 1992 538 2029 edit.
561 1991 740 2027 violentiae
765 2015 774 2031 ,
810 1994 849 2023 ut
879 1986 974 2022 forte
997 1995 1017 2019 a
1035 1978 1283 2030 Typographi
1313 1978 1405 2015 vitio

450 2043 574 2092 primo
604 2041 644 2077 fit
671 2048 807 2076 ortum.
833 2033 1076 2073 PERIZON.
1106 2031 1314 2071 Woletztiae,
1351 2028 1407 2064 in-

447 2094 562 2130 venio
599 2093 636 2128 in
676 2088 847 2127 omnibus
884 2085 991 2124 MSS.
1032 2092 1113 2120 tum
1165 2081 1277 2118 etiam
1313 2078 1408 2116 Edd.

450 2146 558 2191 Mog.
594 2143 691 2178 Ven.
730 2136 885 2176 Mediol.
929 2136 1010 2173 Asc.
1046 2133 1157 2170 tribus
1194 2130 1293 2168 Aldi.
1337 2129 1409 2167 Sed

450 2195 575 2233 Colin.
605 2191 746 2239 Gryph.
776 2188 871 2226 Rob.
903 2187 1025 2235 Steph.
1061 2185 1250 2224 violentias
1288 2181 1413 2218 omni-

448 2258 500 2283 no
527 2244 633 2281 male.
662 2243 746 2278 Lir.
774 2241 1012 2284 L.xxm.37.
1048 2240 1122 2272 Nec
1139 2230 1414 2284 committiquid-

447 2311 547 2348 quam
568 2296 762 2330 temerariae
787 2291 871 2338 spei.
954 2300 960 2302 ’

500 2361 534 2397 5.
560 2349 650 2381 Idem
667 2341 828 2394 negabat]
857 2341 946 2377 Hoc
964 2338 1047 2375 sane
1066 2336 1255 2374 manifeste
1278 2334 1414 2383 Scipio-

449 2399 489 2436 ni
528 2397 708 2434 Africano
746 2390 982 2442 Numantino
1022 2388 1146 2426 tribuit
1175 2386 1337 2434 Appian.
1374 2385 1411 2421 in

452 2447 554 2496 Hisp.
581 2458 616 2495 p.
644 2458 728 2495 305.
761 2441 851 2486 Ek'ieq
890 2440 908 2488 5
943 2439 1065 2482 ἄλογον
1087 2463 1098 2479 ,
1135 2435 1325 2473 κινὲιωόῖε-ιν
1355 2433 1411 2472 ἐτ’

449 2500 591 2541 ὄλίγοις.
609 2500 641 2546 ’9
671 2492 828 2544 ςρθοῖκγέν
856 2492 963 2528 alumi
988 2488 1013 2525 >i-
1031 2485 1263 2535 ιίγωνιξᾶρᾶμον
1284 2485 1352 2525 a&
1373 2486 1400 2524 13³

447 2549 587 2598 κυρίοις·
626 2545 751 2590 α’γαθᾰν
781 2542 799 2590 5
829 2542 856 2579 ὃ
883 2541 918 2577 ὧν
947 2538 1055 2581 μίνιιις
1092 2535 1407 2586 ῶῷᾳκινὲωυώόνῶι

451 2602 524 2641 ταῖς
554 2596 729 2640 ιῖναίγκακς.
767 2590 984 2631 Observavit
1011 2589 1121 2624 etiam
1155 2588 1337 2634 Rupertus
1355 2587 1408 2624 A·

449 2653 631 2688 fricanum
650 2648 725 2684 hoc
746 2644 884 2682 dictum
903 2635 1078 2687 accepisse
1100 2650 1119 2674 a
1141 2644 1241 2684 patre
1257 2636 1384 2674 Paullo
1399 2666 1410 2682 ‚

448 2711 488 2740 ut
507 2714 551 2738 ex
570 2694 793 2747 Sempronio
814 2692 1001 2731 Asellione
1020 2689 1131 2726 refert
1149 2687 1243 2724 Gell.
1270 2688 1411 2725 L.x111.

449 2765 481 2789 c.
533 2781 539 2788 .

496 2765 532 2839 63.
560 2800 694 2839 Aliter
715 2811 783 2833 cum
801 2795 887 2841 hoste
902 2792 1031 2840 confligi
1050 2787 1178 2837 dehere]
1193 2787 1302 2824 MSS.
1322 2799 1412 2835 qua-

444 2852 654 2894 tuordecim
706 2859 792 2885 cum
837 2843 905 2882 Ed.
957 2843 1063 2888 Mog.
1107 2840 1207 2875 Ven.
1254 2837 1412 2874 Mediol.

442 2919 513 2941 cum
540 2903 623 2949 hoste
649 2901 819 2948 confligere
844 2894 966 2932 debere.
980 2893 1174 2929 Praeterea
1195 2887 1302 2926 Leid.
1329 2895 1412 2925 tert.

448 2957 486 2992 δί
503 2961 620 3004 quart.
648 2948 816 3000 confligere
835 2958 1032 2998 quemquam
1057 2940 1181 2977 debere.
1221 2939 1279 2976 Sic
1308 2939 1411 2987 supra

448 3006 493 3043 L,
526 3017 580 3043 11,
608 3002 641 3040 6.
689 2998 773 3038 Ext.
809 3011 841 3046 7.
885 3008 953 3046 pro
998 2991 1136 3041 rescindi
1179 2991 1411 3042 permittunt,

2316 984 2423 1032 mit-

1459 1113 1612 1169 aliquot·
1630 1113 1737 1150 MSS.
1772 1111 1949 1160 rescindere
1974 1112 2195 1161 permittunt,
2240 1112 2422 1164 suppresso

1459 1164 1668 1202 accusativo
1695 1164 1878 1201 exhibent.

1512 1226 1545 1259 7.
1573 1216 1681 1262 Quam
1703 1216 1736 1260 fi
1764 1226 1824 1250 aut
1851 1214 1968 1260 occafio
1992 1212 2184 1263 obveniffet]
2238 1209 2293 1252 Ita
2331 1227 2423 1253 unus

1461 1267 1545 1303 cod.
1572 1265 1704 1303 Brund.
1731 1265 1847 1302 Aldus
1874 1264 2010 1308 edidit,
2041 1268 2156 1310 Quam
2183 1266 2291 1312 autfi
2308 1268 2424 1312 occasio

1459 1316 1656 1363 obvemffet:
1679 1316 1783 1365 quod
1810 1316 1980 1363 Pighius,
2007 1315 2162 1352 Colerus
2190 1326 2231 1352 ac
2263 1315 2425 1364 Thyfius

1463 1369 1500 1405 &
1526 1368 1766 1405 retinuerunt.
1829 1365 1898 1403 Sed
1924 1363 2124 1403 necessario
2145 1366 2177 1409 fi
2204 1366 2423 1415 ponendum

1463 1419 1511 1457 est
1531 1427 1616 1456 ante
1635 1430 1696 1455 aut
1709 1433 1718 1461 3
1733 1426 1772 1456 ut
1790 1416 1891 1467 quod
1910 1429 1987 1454 non
1998 1416 2110 1454 semel
2127 1416 2186 1453 sed
2197 1417 2248 1454 bis
2266 1418 2423 1467 insequi-

1457 1478 1527 1508 tur.
1550 1469 1744 1507 VORST.
1769 1474 1860 1509 ⁴2Aut
1880 1468 2019 1505 omittit
2039 1467 2170 1516 Ultraj.
2194 1469 2301 1516 prim.
2323 1473 2425 1505 Occa-

1450 1521 1503 1568 fio
1531 1520 1716 1568 advemffet
1742 1519 1802 1557 alii
1822 1527 1994 1568 quatuor.
2027 1518 2154 1555 Postea
2168 1519 2292 1567 plures
2313 1519 2418 1558 MSS.

1463 1583 1550 1609 cum
1578 1571 1647 1609 Ed.
1688 1572 1794 1619 Mog.
1828 1569 1917 1607 Aldi
1946 1570 1984 1606 δε
2014 1569 2113 1606 hunc
2140 1569 2268 1607 secutis
2290 1568 2424 1618 prospe-

1460 1637 1544 1659 ram.
1573 1621 1690 1670 Quod
1705 1621 1853 1671 Pighius
1874 1620 1999 1657 denuo
2019 1620 2178 1657 mutavit
2196 1621 2234 1658 in
2250 1623 2423 1670 prospere,

1460 1672 1564 1722 quod
1585 1672 1717 1710 rectius
1738 1670 1907 1710 nonnulli
1924 1682 2076 1720 quoque
2101 1670 2288 1710 servarunt
2308 1671 2416 1710 MSS.

1459 1731 1539 1760 tum
1562 1731 1655 1766 tres,
1682 1725 1850 1759 maximae
1865 1722 2048 1758 dementiae
2065 1723 2122 1766 est.

1512 1774 1545 1811 8.
1572 1774 1925 1824 Pestiferaeignaviae
1943 1771 2053 1818 adfert
2073 1769 2233 1820 exitium]
2257 1772 2299 1809 In
2312 1772 2427 1813 Cam-

1458 1823 1558 1871 penfi
1578 1824 1746 1873 aliisque,
1766 1825 1960 1871 Pestiferum
1978 1822 2138 1872 ignaviae
2157 1821 2266 1868 adfert
2285 1827 2426 1864 exitum.

1460 1875 1551 1912 Non
1580 1875 1700 1912 minus
1727 1874 1837 1913 redte.
1863 1873 2003 1910 PIGH.
2039 1874 2232 1918 Pestiferam
2262 1876 2425 1923 ignaviae

1457 1924 1568 1969 adfert
1587 1927 1726 1963 exitum'.
1780 1925 1835 1962 Ita
1854 1923 2001 1972 Pighius
2023 1922 2042 1960 ὲ
2062 1923 2260 1971 Campenfi
2277 1925 2424 1975 aliisque

1460 1976 1570 2014 codd.
1596 1987 1716 2025 neque
1742 1974 1777 2013 id
1806 1974 1879 2012 fine
1910 1973 2025 2012 causa.
2082 1973 2220 2016 Aldus.
2251 1978 2425 2023 pestiferae

1459 2028 1621 2076 ignaviae
1646 2024 1749 2076 affert
1776 2027 1930 2062 exitium.
1982 2024 2053 2062 Sed
2073 2023 2148 2061 fine
2166 2024 2279 2063 dublo
2296 2026 2424 2076 legen-

1461 2078 1551 2115 dum
1581 2078 1721 2114 exitum,
1768 2076 1880 2114 Foret
1911 2076 2011 2112 enim
2043 2075 2251 2120 κοκκυσμδς,
2278 2070 2303 2114 si
2327 2081 2428 2127 pesti-

1455 2131 1552 2173 ferae
1573 2129 1611 2166 ὃς
1630 2124 1772 2164 exitium
1795 2127 1856 2164 hic
1882 2128 2205 2175 conjungerentur.
2227 2127 2277 2164 Et
2292 2128 2429 2168 habent

1463 2191 1617 2229 quoque
1654 2179 1704 2215 ita
1735 2178 1882 2215 codices
1919 2176 2051 2214 Brand.
2087 2177 2204 2215 Porro
2238 2181 2427 2226 pestiferum

1463 2232 1625 2282 ignaviae
1648 2231 1776 2266 exitum
1801 2227 1931 2266 itidem
1956 2227 2103 2264 videtur
2131 2227 2285 2273 rectius,
2313 2242 2429 2279 quam

1459 2283 1635 2331 pestiferae
1663 2281 1733 2331 ign.
1759 2282 1898 2316 exitum.
1924 2278 2119 2316 VORST.
2142 2279 2248 2315 MSS.
2275 2280 2431 2319 Plurimi

1463 2340 1616 2370 tuentur
1639 2333 1834 2379 pestiferae,
1868 2328 1928 2366 sed
1956 2329 2070 2367 iidem
2101 2329 2258 2377 probant
2289 2334 2432 2370 exitum.

1463 2383 1596 2432 Ultraj.
1624 2382 1705 2432 sec.
1725 2382 1763 2419 δε
1790 2382 1897 2429 Mog.
1923 2379 1992 2418 Ed.
2018 2381 2197 2426 Pestifer0‚
2233 2380 2332 2430 quafi
2363 2394 2430 2420 co-

1462 2434 1629 2472 haereret
1660 2444 1746 2470 cum
1767 2433 1905 2481 proelio.
1956 2430 2143 2481 Equidem
2168 2434 2341 2481 pestiferae
2369 2432 2432 2471 da-

1462 2497 1591 2523 mnare
1619 2496 1699 2521 non
1721 2482 1848 2521 ausim.

1509 2549 1546 2585 9.
1584 2536 1626 2584 Ω.
1661 2548 1790 2584 quoque
1818 2530 1979 2581 Metelli]
2009 2532 2072 2569 An
2102 2542 2181 2569 non
2207 2533 2267 2570 hic
2294 2534 2435 2584 liquet,'

1465 2599 1578 2635 quam
1600 2585 1690 2623 nihil
1710 2583 1811 2634 penfi
1831 2584 1957 2622 habuit
1977 2582 2144 2620 Valerius
2158 2610 2169 2626 ,
2197 2583 2286 2632 quid
2307 2585 2429 2634 poste-

1463 2638 1492 2674 ri
1513 2638 1559 2675 de
1582 2636 1718 2685 scriptis
1737 2636 1803 2673 suis
1816 2632 2054 2685 judicarent?
2083 2644 2168 2670 cum
2191 2647 2238 2672 ne
2255 2635 2330 2673 hoc
2349 2635 2431 2684 qui-

1465 2687 1551 2726 dem
1580 2687 1670 2725 loco
1698 2686 1867 2734 dignetur
1887 2684 2022 2722 addere
2051 2684 2110 2721 vel
2140 2695 2217 2722 uno
2247 2686 2362 2723 verbo
2383 2685 2430 2723 de

1464 2750 1632 2787 quonam
1663 2736 1823 2774 Metello
1858 2735 2043 2785 loquatur.
2096 2734 2282 2784 Loquitur
2302 2744 2430 2773 autem

1463 2789 1563 2826 haud
1591 2787 1699 2826 dubie
1727 2787 1774 2825 de
1801 2789 1851 2835 Q.
1879 2785 2037 2824 Metello
2058 2813 2068 2829 ,
2103 2787 2167 2835 qui
2194 2785 2431 2824 Macedonici

1465 2848 1567 2887 pater
1595 2840 1698 2883 fuit,
1737 2838 1822 2875 Cos.
1856 2845 1897 2875 ut
1922 2839 2002 2885 jam
2031 2836 2191 2873 diximus
2216 2848 2314 2874 anno
2346 2836 2432 2885 548.

1465 2897 1631 2945 ceterum
1659 2902 1715 2938 13.
1743 2901 1842 2926 anno
1864 2888 2088 2926 belliPunici
2105 2886 2250 2923 secundi
2275 2898 2360 2924 cum
2382 2888 2430 2924 L.

1465 2940 1627 2976 Veturio
1656 2939 1824 2977 Philone.
1868 2938 2136 2978 Macedonicus
2170 2943 2292 2975 autem
2331 2949 2432 2975 anno

1465 2990 1550 3029 661.
1575 2990 1847 3029 GLAREAN.

2263 3049 2321 3078 ΞΟ.
2341 3039 2435 3076 Dor.
