2387 3421
509 123 1765 208 DssochTIO.

46 301 114 347 ut
143 279 342 348 Vobis
374 326 388 353 ‚
440 294 591 360 quos
637 288 763 332 tam
807 263 1015 329 faciles
1048 272 1105 326 &
1141 259 1441 346 benignos
1475 256 1700 322 laboris
1734 307 1750 336 ‚
1802 279 1985 349 quem
2032 256 2241 322 adole-

46 376 302 436 {centiae
335 361 700 428 erudiendae
734 354 1062 445 impendo,
1115 349 1555 440 approbatores
1592 352 1876 436 experior
1904 395 1920 424 ‚
1973 345 2052 411 fic
2084 372 2242 437 quo-

48 485 166 549 que
211 461 320 519 otii
367 456 484 515 mei
538 497 552 524 ,
616 447 1029 538 quamtumvis
1078 442 1226 505 licet
1271 442 1476 523 exigui
1525 486 1541 515 ‚
1607 439 1874 527 aliquam
1919 438 2242 502 redderem

50 552 387 612 rationem?

137 634 462 698 Patiamini
509 634 713 717 itaque
751 675 764 703 ‚
818 623 1040 715 quaeso
1072 671 1088 698 ,
1160 625 1554 684 Maecenates
1597 619 1867 702 optimi,
1918 637 1987 680 ut
2018 620 2081 680 in
2115 614 2243 680 sinu

45 722 245 788 vestro
279 723 599 789 Valerium
652 739 851 778 meum
887 717 1192 799 deponam
1227 757 1241 783 ,
1295 717 1353 769 &
1388 706 1568 768 hilari
1601 704 1780 767 illum
1814 707 1989 768 vultu
2021 708 2246 770 admit-

49 819 184 879 tite.
285 811 478 901 Quod
516 806 792 896 profecto
825 801 1060 865 facietis
1095 797 1200 860 nifi
1234 819 1329 858 me
1360 794 1583 858 fallunt
1613 798 1841 860 omnia.

144 909 288 967 Hoc
335 905 495 963 enim
543 896 775 986 sperare
823 916 919 954 me
964 888 1138 977 jubet
1171 936 1187 964 ‚
1263 884 1386 949 hoc
1442 881 1759 949 confidere
1802 932 1819 962 ,
1888 880 2249 969 Illustm'ffime

49 991 228 1079 Bergi
260 1040 275 1067 ‚
340 1008 664 1078 perpetuus
716 984 819 1046 ille
854 981 1060 1056 favor,
1112 1002 1239 1069 quo
1273 997 1506 1066 patrem
1544 998 1786 1050 meum,
1838 999 1965 1062 quo
1997 998 2248 1040 omnem

52 1106 248 1148 meam
290 1079 582 1142 familiam
619 1125 634 1153 ,
685 1074 782 1137 sed
817 1096 913 1135 me
945 1068 1140 1160 ipsum
1173 1070 1487 1155 inprimis,
1529 1069 1652 1152 jam
1695 1088 1803 1154 per
1843 1066 2250 1155 quadraginta

53 1197 239 1237 annos
289 1191 596 1259 nunquam
638 1169 986 1251 interrupto
1031 1179 1243 1223 tenore
1287 1154 1452 1220 fuisti
1486 1152 1836 1245 prosecutus
1873 1203 1889 1231 ,
1941 1156 2096 1220 adeo
2143 1177 2247 1233 ut,

51 1263 96 1328 s1
143 1266 316 1324 unius
381 1260 612 1321 nomini
660 1255 950 1316 volumen
998 1249 1121 1312 hoc
1170 1249 1453 1312 dedicare
1500 1243 1883 1309 destinaffem
1915 1295 1931 1324 ‚
1985 1270 2111 1309 non
2149 1247 2253 1310 alii

53 1350 264 1439 justius
298 1348 658 1420 deberetur,
711 1367 894 1434 quam
926 1338 1102 1404 Tibi.
1181 1336 1557 1402 Obversatur
1588 1339 1774 1401 etiam
1808 1361 1969 1400 nunc
2000 1334 2254 1423 saepiff-

53 1465 153 1505 me
187 1445 392 1503 animo
426 1460 565 1501 meo
593 1484 607 1512 ,
660 1435 957 1520 benignus
998 1432 1101 1493 ille
1134 1428 1334 1491 vultus
1369 1476 1388 1505 ‚
1438 1437 1498 1491 δε
1531 1424 1794 1490 mirifica
1821 1425 2113 1490 sermonis
2148 1450 2255 1490 co-

55 1535 235 1594 mitas
273 1577 287 1605 ‚
338 1553 455 1618 qua
497 1550 591 1589 me
640 1547 893 1615 puerum
941 1521 1014 1585 ad
1065 1518 1258 1582 studia
1305 1516 1457 1582 haec
1501 1517 1786 1581 alacriter
1827 1517 2255 1603 amplectenda

58 1620 278 1684 crebro
311 1615 602 1681 excitasti.
707 1620 846 1677 Nec
894 1615 1088 1674 minus
1131 1630 1303 1696 grata
1334 1613 1398 1670 in
1439 1611 1738 1671 memoria
1778 1628 1960 1670 teneo
1993 1655 2009 1683 ‚
2060 1630 2255 1697 quan-

60 1732 128 1774 to
190 1708 388 1771 studio
449 1703 730 1769 omnibus
788 1698 1208 1766 occasionibus
1263 1697 1499 1786 semper
1545 1696 1732 1761 fueris
1782 1701 2053 1760 intentus
2102 1745 2118 1774 ‚
2181 1717 2251 1760 ut

61 1799 392 1863 commoda
434 1821 565 1859 mea
598 1844 628 1871 ‚‚
665 1814 961 1883 quantum
1011 1787 1143 1853 fieri
1192 1809 1433 1877 poterat
1463 1837 1478 1866 ‚
1532 1809 1951 1877 promoveres,
2052 1788 2253 1876 Quod

60 1909 130 1952 ut
164 1886 316 1951 mihi
352 1883 876 1975 perhonorificum
916 1880 1139 1946 accidit
1173 1928 1189 1956 ‚
1241 1883 1325 1943 ita
1373 1901 1484 1966 pro
1530 1900 1653 1942 tam
1701 1876 1919 1965 insigni
1962 1896 2066 1941 tua
2111 1900 2257 1964 erga

60 2003 160 2042 me
204 1977 631 2040 benevolentia
676 1977 897 2061 gratias
954 1994 1115 2034 nunc
1172 1967 1286 2033 tibi
1338 1992 1455 2056 ago
1515 1970 1806 2033 maximas
1853 2016 1869 2046 ‚
1937 1967 2003 2031 ὃς
2041 1990 2253 2054 agam,

62 2069 212 2133 dum
257 2071 452 2130 vivam
490 2114 504 2139 ,
556 2064 809 2152 semper.

155 2161 300 2222 Nec
349 2179 558 2243 parum
606 2160 790 2217 etiam
836 2150 992 2216 Tibi
1035 2148 1235 2214 debeo
1269 2198 1284 2224 ,
1337 2147 1696 2240 Ampliffime
1742 2145 2034 2235 Willegeni
2065 2196 2080 2223 ,
2133 2171 2258 2211 non

63 2246 261 2312 solum
302 2270 373 2308 eo
414 2247 659 2307 nomine
702 2292 717 2319 ,
787 2242 955 2332 quod
996 2262 1134 2303 ante
1173 2239 1285 2303 hos
1333 2241 1549 2303 decem
1582 2262 1770 2302 annos
1803 2263 1836 2303 a
1868 2258 1928 2300 te
1975 2237 2258 2316 consule,

69 2338 143 2400 ad
195 2335 347 2399 hanc
395 2337 770 2422 provinciam
812 2332 1148 2395 ornandam
1190 2327 1608 2392 humanissime
1651 2348 1901 2391 vocatus
1932 2327 2058 2390 sum
2091 2375 2106 2402 ,
2161 2352 2264 2390 ve-

72 2450 205 2488 rum
235 2430 419 2488 etiam
453 2423 616 2514 quod
653 2447 723 2485 ex
755 2445 830 2484 eo
860 2440 1138 2508 tempore
1171 2467 1188 2496 ‚
1239 2421 1772 2507 opportunitatem
1817 2417 2051 2480 nullam
2094 2440 2267 2506 prae-

76 2514 376 2579 termisisti
425 2526 626 2601 ,‘qua
683 2510 905 2575 favoris
965 2512 1055 2572 tui
1114 2505 1517 2571 constantiam
1574 2505 1730 2569 mihi
1776 2504 2262 2572 manifestiffimis

76 2606 316 2668 indiciis
363 2602 719 2667 declarareS.
819 2603 975 2665 Non
1016 2596 1347 2685 denegabis
1393 2600 1601 2685 itaque
1650 2644 1668 2673 ‚
1731 2601 1953 2686 opinor
1996 2646 2014 2675 ‚
2078 2601 2265 2662 etiam
2360 2643 2361 2651 η

80 2692 185 2757 hic
218 2697 624 2783 patrocinium
671 2712 845 2755 tuum
877 2738 894 2766 ,
945 2712 1142 2779 neque
1188 2686 1444 2776 repelles
1486 2710 1628 2750 eum
1659 2734 1677 2765 ,
1728 2691 1834 2776 qui
1874 2692 1938 2751 in
1981 2707 2085 2750 tua
2113 2709 2275 2776 quo..

86 2807 204 2871 que
262 2782 696 2847 benevolentia
753 2803 1045 2869 magnum
1101 2776 1212 2842 fibi
1270 2774 1636 2867 praefidium
1691 2775 2025 2868 repositum
2066 2776 2272 2842 existi-

92 2892 238 2936 mat.

189 2966 282 3025 De
325 2986 397 3025 eo
439 2959 720 3031 dubitare
763 2984 1013 3053 quoque
1039 3007 1058 3039 ‚
1104 2956 1425 3051 Clariffime
1454 2956 1729 3039 Fabrici,
1776 2981 1877 3026 me
1919 2977 2089 3024 vetat
2128 2977 2279 3024 nota
2356 2983 2357 2986 ¹

2175 3050 2282 3117 illa
