2516 3509
435 74 585 139 ,DE
653 71 1074 130 PIETATE
1139 74 1248 134 IN
1312 76 1836 140 PARENTES.
1894 31 1897 34 *

2040 104 2175 161 477·

149 178 357 230 nobilior.
444 176 680 240 Siquidem
723 175 971 223 admodum
1018 177 1210 225 humiles
1256 179 1304 226 in
1352 179 1571 244 Hispania
1611 183 1742 242 nati,
1793 191 1836 223 54
1870 201 1956 250 pro
1990 202 2163 251 parem,

151 274 250 309 tum
284 257 506 304 alimentis
540 255 747 321 spiritum
782 257 1013 320 erogando
1036 291 1052 317 ,
1100 257 1300 322 specioso
1345 259 1476 305 exitu
1510 261 1629 308 vitae
1662 262 1943 312 inclaruistis.

2012 267 2148 315 Duo—

150 337 299 384 decim
345 336 464 382 enim
513 335 653 381 millia
695 335 938 382 nummum
959 370 974 395 ‚
1033 354 1145 400 quae
1190 337 1293 402 post
1335 350 1533 400 mortem
1572 339 1761 387 vestram
1798 341 1870 395 his,
1901 343 2149 409 darentur,

155 425 193 457 55
233 416 258 463 ἒ.
291 415 516 462 Paciaecis
552 413 670 479 pasti
689 447 705 473 ‚
749 427 802 462 ut
836 431 994 462 eorum
1030 417 1167 480 patris
1195 416 1542 477 ,interfee'torem
1578 418 1829 482 Epastum3
1867 425 2014 487 gentis
2048 425 2146 474 suae

154 509 396 561 tyrannum
417 525 432 551 ,
477 492 781 541 occideretis:
826 511 910 542 nec
943 495 1033 543 ausi
1068 496 1213 543 solum
1245 497 1421 561 insigne
1454 497 1628 544 facinus
1662 499 1792 559 estis,
1833 498 1875 538 5⁶
1909 502 1980 550 sed
2014 507 2151 553 etiam

154 577 334 624 strenuo
371 592 421 622 ac
456 573 566 621 forti
600 577 728 622 exitu
762 575 988 624 clausistis.
1057 576 1221 624 Iisdem
1256 578 1376 625 enim
1411 576 1617 624 manibus
1651 579 1875 626 Paciaecis
1907 583 2157 646 ultionem,

157 668 197 702 57
235 646 404 723 Epasto
440 672 634 720 poenam
657 692 672 716 ,
708 659 993 722 genitoribus
1028 661 1305 708 nutrimenta
1325 694 1340 720 ,
1387 660 1518 708 vobis
1556 657 1598 698 58
1634 661 1827 726 gloriosa
1858 662 1946 710 fata
1980 669 2156 729 peperi-

156 743 242 790 stis.

312 741 472 803 Itaque
507 741 695 786 tumulis
738 742 1000 788 etiamnunc
1046 742 1200 789 vivitis
1223 775 1239 801 ,
1290 743 1396 806 quia
1427 756 1669 808 parentum
1705 745 1980 794 senectutem
2016 752 2155 810 tueri,

158 840 293 891 quam
328 821 518 868 vestram
552 821 816 884 expediam,
850 821 982 868 satius
1015 822 1100 868 effe
1133 822 1336 869 duxistis.

224 903 431 949 Notiora
465 900 564 948 sunt
596 901 785 948 flatrum
820 902 941 964 paria
963 935 978 960 ‚
1024 909 1066 939 59
1102 901 1290 950 Cleobis
1332 901 1381 948 ἃ·
1416 904 1558 951 Biton
1593 938 1608 963 ‚
1649 902 1695 931 ⁶0
1733 905 2074 971 Amphinomus
2110 913 2158 961 ἃ

163 1130 208 1166 cis
224 1129 330 1179 pac‘ii,
355 1129 429 1166 Pro
455 1127 616 1164 Paciaecis
639 1127 790 1177 quidam
823 1126 994 1172 Codices,
1021 1128 1134 1166 inter·

167 1193 240 1230 que
261 1181 329 1217 lios
350 1191 443 1217 unus
462 1179 593 1216 Bi-and.
619 1179 730 1216 habet
750 1181 918 1215 Patiacis:
948 1191 1061 1228 quam
1082 1179 1135 1216 le-

171 1231 333 1269 c'lionem
359 1243 402 1268 ex
424 1230 620 1268 Plutarcho
641 1231 678 1267 ὃς
698 1230 882 1267 Cicerone
908 1230 1039 1277 probat
1060 1230 1136 1267 Mi—

164 1282 321 1320 talei-ius.
350 1282 484 1319 Cicero
514 1281 573 1318 lib.
602 1293 662 1318 VI.
699 1292 757 1328 ep.
788 1293 844 1329 19.
880 1280 1028 1328 alicujus
1068 1283 1136 1318 Pa-

163 1336 260 1370 ciaeci
283 1333 513 1370 mentionem
541 1332 650 1376 facit,
672 1333 734 1379 qui
757 1331 876 1368 literas
896 1332 1071 1380 scripserit
1090 1333 1137 1370 ad

171 1385 390 1429 Caesarem,
415 1383 543 1432 quibus
575 1382 781 1429 significarit
803 1409 813 1426 ‚
848 1390 942 1432 quot
971 1383 1135 1431 legiones

164 1435 368 1483 Pompejus
400 1434 561 1471 haberet.
597 1433 791 1470 VORST.
838 1434 974 1482 Longe
1015 1435 1136 1482 major

166 1486 274 1523 MSS.
302 1492 382 1534 pars
403 1485 511 1522 habet
531 1486 674 1520 Patietis
704 1483 764 1520 vel
776 1486 913 1532 patietis
929 1511 938 1528 ,
966 1485 1055 1522 item
1072 1496 1136 1535 pa-

166 1538 295 1573 ciaetis.
323 1535 430 1573 Leid.
457 1535 573 1585 quint.
596 1536 751 1584 pacincis.
784 1535 822 1571 in
850 1535 957 1573 MSS.
992 1548 1135 1575 novem

166 1588 342 1625 retinetur
369 1587 470 1633 filiis.
516 1585 582 1622 Ed.
620 1587 726 1633 Nlog.
772 1587 934 1633 eAfiliis
963 1590 1135 1636 pacinetis.

168 1647 267 1675 certe
286 1639 447 1684 curfiliis
466 1636 597 1684 expelli
618 1635 782 1673 debuerit
803 1647 880 1674 non
902 1637 1013 1674 video
1028 1665 1038 1681 ‚
1071 1638 1135 1675 nisi

171 1690 270 1726 forte
297 1688 378 1737 quis
406 1687 536 1724 dixerit
559 1714 569 1731 ,
604 1687 818 1735 subintelligi
850 1687 937 1724 illud
967 1687 1046 1725 satis
1072 1701 1137 1737 per

171 1740 218 1777 se.
246 1741 331 1787 Estis
355 1739 466 1776 etiam
496 1739 533 1774 in
553 1737 696 1786 aliquot
721 1738 847 1775 nostris
875 1746 1048 1787 apparet,
1076 1739 1137 1778 sed

168 1792 206 1828 in
225 1790 384 1839 pluribus
407 1789 601 1826 omittitur.
799 1806 802 1808 v

219 1841 276 1883 <6.
303 1839 368 1877 Sed
398 1842 498 1876 etiam
519 1843 652 1887 strenuo
681 1854 718 1875 ar
740 1842 826 1886 forti
848 1843 940 1876 exitu
960 1842 1136 1888 claruistis.

168 1885 297 1940 Eisdem
325 1893 409 1928 enim
448 1890 595 1927 manibus
632 1892 772 1927 Patietis
810 1892 998 1936 ultionem,
1027 1896 1138 1942 Epasti

152 1952 322 1990 janam,
352 1942 556 1991 genitoribus
590 1942 809 1991 nnn-immta]
851 1944 957 1980 Haec
985 1944 1033 1980 ita
1065 1944 1139 1980 ele-

168 1993 311 2038 gantius
352 2001 461 2041 atque
502 1992 710 2029 correctius.
774 1993 816 2030 In
847 1994 1134 2038 wint-heliano,

172 2042 323 2080 Susiano
339 2071 348 2085 ,
375 2042 604 2079 Atrebatenfi
626 2045 662 2079 ὃς
676 2043 771 2084 aliis;
801 2043 866 2079 Sed
887 2046 986 2079 etiam
1000 2047 1133 2090 strenuo

168 2101 213 2129 U·
246 2096 331 2139 forti
359 2096 451 2128 exim
479 2094 578 2141 claust
601 2096 647 2130 ·is.
705 2092 845 2142 siquem
873 2097 956 2130 enim
982 2094 1134 2132 manibus

166 2146 328 2180 Patiaecis
358 2145 515 2179 ultionem
538 2171 547 2186 ‚
586 2146 699 2191 Epasto
726 2154 865 2192 poenam
887 2173 895 2187 ,
928 2146 1132 2193 genitoribus

165 2197 324 2230 alimenta.
348 2223 357 2238 ‚
393 2193 485 2229 ‘vobis
509 2195 655 2243 gloriosa
676 2197 753 2239 fata
776 2197 953 2243 peperistis.
989 2195 1130 2233 PIGH.

168 2245 231 2281 Sed
249 2250 347 2282 etiam
362 2247 495 2291 strenuo
520 2258 556 2278 a:
574 2246 658 2289 forti
679 2246 771 2279 exitu
796 2247 965 2292 clausistis.
993 2246 1048 2282 Ita
1078 2246 1132 2283 le-

166 2297 332 2344 gendum
352 2295 471 2332 censet
489 2294 634 2341 Pighius
662 2292 681 2329 ὲ
702 2294 913 2342 quibusdam
944 2296 1052 2333 codd.
1081 2297 1130 2334 Et

165 2348 274 2384 habet
294 2358 445 2395 quoque
465 2347 512 2382 ita
535 2356 628 2381 unus
649 2344 732 2380 cod.
760 2345 890 2382 Brand.
913 2346 1030 2384 Aldus
1058 2360 1126 2395 pro

165 2398 274 2444 (lausij
294 2401 321 2433 is
350 2397 458 2432 habet
488 2397 661 2441 clamastis.
724 2396 839 2442 Quod
874 2397 994 2434 minus
1024 2410 1134 2436 Com-

168 2448 326 2485 modum
348 2447 513 2489 videtui}
543 2447 626 2495 quia
649 2446 834 2493 praecedit
853 2448 1064 2494 inclarus'stis.
1080 2450 1132 2488 At

166 2500 323 2546 clausistis
342 2499 629 2534 consentaneum
653 2497 706 2540 ei,
721 2497 822 2545 quod
844 2499 1048 2545 praecedit,
1059 2503 1131 2550 spi-

164 2552 265 2585 ritu-m
287 2547 456 2599 negando.
492 2548 679 2584 Nimirum
701 2559 787 2584 cum
809 2548 982 2596 Epastum
1007 2551 1131 2589 fratres

165 2601 214 2637 isti
237 2597 517 2643 interfecissent,
547 2600 582 2635 ὅ(
602 2597 665 2646 ipfi
695 2598 826 2635 deinde
858 2601 1012 2648 oppressi
1039 2602 1132 2641 sunt.

165 2654 287 2689 Exims
316 2652 375 2688 hic
403 2662 470 2698 pro
504 2657 626 2686 morte
659 2648 737 2692 est3
777 2657 816 2686 ut
846 2652 952 2688 variis
977 2664 1130 2702 quoque

167 2702 242 2739 aliis
268 2702 369 2738 locis.
420 2700 519 2737 Vide
548 2713 582 2737 v.
615 2713 644 2738 1.
674 2714 706 2748 ς.
734 2701 927 2739 VORST.
955 2705 1129 2752 Clarus'stis

164 2753 299 2790 habent
340 2753 436 2800 Cop.
472 2750 602 2799 Ultraj.
638 2751 705 2787 sec.
740 2751 856 2789 Periz.
887 2753 996 2792 Lem:
1022 2756 1129 2803 prim.

161 2803 249 2840 sext.
286 2803 372 2851 sept.
402 2801 506 2839 Med.
543 2800 618 2838 duo
654 2803 691 2838 &
717 2813 848 2839 omnes
887 2803 1006 2850 editi,
1045 2816 1128 2845 ante

164 2854 348 2902 Pighium.
376 2853 505 2900 Ultraj.
534 2852 640 2899 prim.
668 2852 775 2890 Leid.
803 2854 915 2903 quint,
945 2856 984 2893 &
1017 2860 1128 2896 ceteri

164 2905 283 2953 scripti
307 2905 476 2951 claafistis.
504 2903 607 2952 quod
629 2903 720 2940 mihi
738 2916 889 2955 quoque
918 2907 1031 2955 magis
1053 2909 1128 2957 pla-

166 2964 235 2994 cet.
262 2955 392 2992 Badius
411 2957 503 2991 exitu
531 2955 682 3004 exponit
703 2954 848 2998 effthu.
875 2957 1011 3007 inepte.
1026 2960 1126 3000 Vide

160 3009 263 3057 supra
291 3007 335 3046 L.
368 3020 397 3047 1.
427 3007 460 3045 6.
492 3018 547 3044 to.
1027 3009 1061 3013 ”“

2039 991 2159 1038 Ana·

1237 1139 1295 1176 57.
1323 1131 1440 1178 Epasto
1452 1137 1612 1178 poenam,
1627 1128 1834 1179 genitoribus
1853 1134 2067 1173 nutrimenta.
2079 1135 2162 1175 Ma-

1185 1177 1219 1215 le
1239 1178 1379 1223 Aldus,
1408 1182 1681 1230 qusiipoenam.
1736 1184 1852 1230 Epasto
1883 1195 1974 1222 unus
2006 1197 2158 1237 quoque

1188 1228 1270 1266 cod.
1298 1230 1431 1268 Brand.
1458 1231 1580 1269 habet.
1616 1232 1689 1269 Pro
1723 1235 1924 1271 nutrimenta
1962 1236 2109 1284 Pighius
2137 1239 2158 1276 e

1187 1280 1403 1330 quibusdam
1439 1282 1548 1320 codd.
1596 1282 1757 1331 reposuit
1789 1286 1958 1322 alimenta.
2011 1289 2157 1327 Verum

1186 1335 1389 1369 nutrimenta
1426 1341 1584 1383 uterque
1619 1334 1730 1370 ctiam
1771 1334 1854 1372 cod.
1880 1336 2010 1374 Brand.
2036 1339 2160 1380 habet.

1188 1383 1237 1420 Et
1255 1383 1401 1421 videtur
1421 1384 1550 1422 aucftor
1577 1384 1790 1422 orationem
1822 1386 1961 1423 variare
1983 1389 2156 1430 voluiffe:

1188 1433 1291 1484 quod
1307 1436 1477 1472 alimentis
1491 1436 1572 1485 jam
1593 1435 1791 1483 praecessit.
1804 1437 1998 1476 VORST.
2027 1441 2158 1490 Ultraj.

1187 1486 1327 1533 primus
1357 1489 1485 1535 Epasto.
1522 1485 1670 1535 Reliqui
1702 1489 1813 1535 Epastb'
1837 1487 1989 1526 servant.
2058 1494 2160 1541 quod

1188 1537 1273 1574 inde
1302 1544 1426 1574 ortum
1453 1536 1629 1581 videtur,
1675 1538 1760 1586 quia
1788 1541 1929 1588 pacietis
1967 1551 2159 1590 acceptum

1190 1588 1301 1624 etiam
1326 1588 1394 1625 fuit
1412 1600 1481 1636 pro
1499 1587 1661 1626 secundo
1682 1587 1784 1632 casu,
1812 1591 1850 1626 &
1871 1592 2026 1629 nomine
2059 1595 2134 1642 ejus
2149 1624 2158 1640 ,

1188 1640 1252 1688 qui
1284 1638 1328 1674 ab
1356 1639 1490 1686 Epasto
1519 1640 1637 1677 fuerat
1666 1639 1880 1678 interfectus
1902 1669 1912 1685 ,
1959 1646 2157 1691 quomodo

1190 1689 1445 1737 explicuerunt
1466 1691 1578 1727 etiam
1604 1690 1791 1727 oliverius
1824 1692 1861 1728 &
1891 1692 2033 1731 Badius
2085 1697 2158 1733 Re—

1190 1738 1247 1776 &e
1276 1751 1429 1788 quoque
1455 1740 1622 1778 Vorstius
1661 1740 1828 1777 defendit
1868 1742 1902 1777 τὲ
1935 1747 2135 1783 nutrimenta
2147 1763 2157 1790 ;

1189 1790 1293 1839 quod
1321 1791 1358 1826 in
1396 1790 1575 1828 tredecim
1609 1791 1736 1829 inveni
1768 1791 1905 1838 MStis,
1930 1795 1966 1832 δε
1989 1798 2160 1836 omnibus

1189 1841 1446 1886 Edstionibus,
1469 1852 1580 1891 atque
1602 1842 1686 1879 ideo
1709 1845 1896 1881 revocavi.

1241 1893 1298 1940 58.
1329 1894 1484 1942 Gloriosa
1506 1893 1604 1943 fata]
1635 1893 1742 1930 Leid.
1770 1903 1888 1942 quart.
1917 1897 2070 1945 Gloriosiz
2101 1914 2160 1935 no-

1188 1945 1290 1980 mina.
1330 1944 1433 1981 Harl.
1469 1944 1574 1982 Med.
1606 1944 1675 1982 seC.
1711 1944 1819 1982 Leid-
1856 1946 1963 1994 prim.
2001 1951 2157 1988 Sanflius

1189 1993 1247 2041 esse
1273 1993 1427 2041 duxishs.

1237 2059 1296 2093 59.
1323 2045 1450 2082 Cleobis
1484 2055 1528 2083 (φ
1550 2046 1663 2097 Biton]
1690 2042 1824 2096 'Argivi
1854 2050 2025 2088 natione:
2064 2063 2158 2100 quos

1189 2095 1305 2134 Solon
1325 2096 1422 2146 apud
1441 2097 1622 2136 Croesum
1656 2111 1734 2136 non
1759 2111 1835 2136 uno
1854 2101 2011 2138 nomine
2030 2101 2156 2140 beatos

1184 2147 1410 2194 praedicavit
1419 2164 1430 2191 ;
1459 2158 1500 2186 ut
1522 2150 1570 2186 est
1590 2150 1687 2198 apud
1709 2150 1966 2189 Herodotum.
1994 2152 2045 2190 Hi
2067 2164 2153 2191 cum

1186 2198 1283 2245 apud
1305 2199 1467 2246 Argivos
1497 2200 1605 2236 festus
1629 2200 1703 2236 dies
1732 2202 1881 2241 lunonis
1904 2200 2014 2247 effer,
2043 2205 2153 2252 opor-

1184 2255 1353 2296 teretque
1366 2258 1524 2286 matrem
1539 2261 1669 2286 eorum
1689 2250 1915 2289 sacerdotem
1937 2252 2052 2291 bobus
2071 2257 2151 2303 jun-

1185 2297 1248 2334 c'tis
1269 2298 1314 2335 ad
1335 2299 1517 2347 templum
1542 2300 1650 2342 vehi;
1673 2300 1789 2338 boves
1810 2314 1900 2340 vero
1924 2315 1968 2340 ex
1986 2316 2074 2353 agro
2097 2308 2149 2350 iu-

1183 2348 1237 2386 sto
1267 2357 1438 2398 tempore
1465 2350 1607 2399 praesto
1633 2351 1732 2389 haud
1761 2349 1874 2391 effent
1895 2382 1905 2398 ‚
1928 2355 1992 2403 ipsi
2018 2350 2147 2403 jugum

1185 2399 1377 2439 subeuntes
1399 2413 1463 2449 per
1484 2402 1608 2439 XLV,
1635 2402 1744 2439 stadia
1772 2403 1967 2451 plaustrum
1998 2415 2146 2442 traxere.

1184 2449 1376 2490 VORST.
1405 2452 1504 2490 Vide
1525 2454 1563 2489 ὃς
1582 2452 1726 2502 Hygin.
1756 2454 1841 2492 Fab.
1870 2468 1950 2503 254.
1974 2455 2070 2492 Serv.
2099 2455 2144 2493 ad

1183 2500 1288 2550 Virg.
1325 2502 1371 2539 L.
1410 2516 1472 2541 111.
1509 2503 1646 2553 Georg.
1685 2517 1720 2541 v.
1760 2517 1843 2555 532.
1879 2506 2003 2543 Claud.
2040 2505 2144 2553 Epig,

1185 2563 1243 2600 35.
1280 2552 1362 2590 Sen.
1402 2554 1448 2592 L.
1485 2567 1548 2591 111.
1579 2555 1624 2592 de
1660 2555 1749 2592 Ben.
1778 2569 1836 2606 37.
1878 2556 1976 2594 Stob.
2004 2566 2146 2595 Lxxvn.

1181 2602 1286 2652 Frag.
1310 2603 1468 2642 Aeliani.
1494 2605 1738 2644 PERIZON.

1231 2655 1291 2693 60.
1315 2656 1570 2706 tAmphinomus
1598 2666 1644 2693 ω’
1673 2655 1847 2704 eAnapus]
1876 2654 1973 2692 Vide
2003 2665 2144 2704 praeter

1181 2705 1401 2744 Strabonem
1425 2709 1462 2745 &
1481 2707 1693 2745 Pausaniam
1722 2706 1918 2743 Aelianum
1948 2706 1986 2742 in
2015 2709 2141 2752 variis,

1179 2757 1243 2805 qui
1264 2765 1392 2795 tamen
1412 2757 1590 2795 Φιλόνοαον
1611 2760 1648 2796 &
1668 2757 1813 2795 Kanum
1848 2763 1980 2800 vocat,
2008 2759 2142 2796 citame

1181 2808 1292 2845 etiam
1316 2808 1488 2846 Stobaeo.
1544 2808 1686 2846 Solinus
1713 2806 1828 2854 capite
1860 2819 1902 2843 11.
1929 2807 2046 2845 scribit
2068 2809 2140 2846 Ca-

1179 2860 1344 2896 tanenses
1365 2860 1528 2898 adserere
1551 2858 1758 2905 Anaphium
1774 2856 2138 2905 &Amphinomumt

1178 2909 1444 2956 Syracusanos,
1472 2909 1708 2947 Aemathiam
1742 2908 1779 2943 &
1799 2907 2005 2947 Critonem.
2058 2910 2140 2957 Ego

1177 2959 1278 3001 illam
1295 2961 1400 3002 litem
1418 2960 1647 3002 ambitiosam
1668 2958 1828 3048 pgxidere
1847 2958 1936 2999 sino.
1988 2960 2029 2998 In
2053 2961 2141 3049 σξη.

1360 3021 1366 3029 ·
1730 3020 1789 3048 00
1818 3021 1836 3060 3
2085 3022 2144 3048 c
