2516 3509
325 80 428 132 882

926 51 1723 117 EPITOME

327 170 513 220 nomine
546 165 739 213 Titurio
775 160 937 209 fluxit:
977 165 1017 196 32
1061 155 1242 222 Appius
1264 188 1280 214 9
1315 152 1371 200 ab
1407 151 1526 197 Atto
1562 146 1761 212 ejusdem
1795 144 1994 211 regionis
2029 147 2338 212 praenomine,

329 244 552 296 Kaesones
587 241 800 306 appellati
835 238 968 297 sunt,
1003 237 1083 300 qui
1118 232 1144 281 ἐ
1177 230 1369 279 mortuis
1403 225 1624 274 matribus
1657 225 1804 273 exetffi
1840 239 1979 272 erant.
2030 227 2237 285 Servius,
2263 227 2344 290 qui

331 334 514 369 mortua
548 331 691 366 matre
726 320 772 364 in
807 331 940 364 utero
975 314 1170 362 servatus
1204 310 1280 358 est.
1313 307 1499 373 Spurii,
1531 319 1660 371 patre
1695 307 1872 352 incerto
1908 307 2092 370 geniti,
2142 314 2182 345 33
2234 325 2342 372 qua-

334 400 366 446 si
401 399 552 462 σπόξοι.
622 397 844 445 Numerii
876 395 967 442 sola
1001 393 1192 458 patricia
1225 388 1394 436 familia
1437 385 1512 432 usa
1557 386 1620 432 est
1653 385 1789 432 Fabia
1811 407 1828 441 3
1884 385 2059 431 idcirco
2093 389 2345 458 quthre-

335 477 480 523 centis
518 475 591 522 sex
625 474 747 538 apud
783 472 1047 519 Cremeram
1086 470 1259 516 flumen
1293 463 1456 522 caes13‚
1497 463 1575 526 qui
1610 479 1724 508 unus
1759 479 1816 508 ex
1852 478 1902 508 ea
1937 463 2071 526 stirpe
2103 466 2342 527 extiterat,

341 562 386 595 34
420 555 557 603 ducffta
590 556 636 600 in
669 552 1013 599 matrimonium
1050 564 1195 605 uxore
1231 544 1323 591 filia

343 707 461 746 latum
477 736 486 751 ‚
515 707 601 745 inde
623 715 749 746 ortum
772 704 842 743 esse
868 704 958 743 illud
985 715 1242 752 praenomen,
1261 700 1322 739 vel

281 797 285 800 ,
346 769 386 796 ut
420 771 505 796 cum
529 760 663 797 Verrio
693 758 917 801 conveniat,
946 755 1049 805 quod
1076 755 1180 803 saepe
1210 754 1320 796 facit,

350 812 450 846 Titus
476 826 492 845 e
513 811 636 847 Sahmo
665 813 795 847 nomine
825 810 937 845 Titulo
956 810 1079 855 fluxtt.
1117 806 1202 843 Vide
1228 805 1319 841 Fest.

349 862 387 898 in
419 873 514 898 voce
542 864 652 898 Tuus.
693 863 731 898 ὃ(
767 861 850 898 sane
879 858 967 896 illud
994 857 1114 894 multo
1145 855 1319 894 verifimi-

346 912 415 949 lius
444 912 512 954 est,
541 925 653 961 quam
679 922 911 960 praenomen
933 912 1027 945 Titus
1056 917 1181 945 ortum
1211 919 1230 944 a
1250 919 1319 944 no-

349 963 450 1000 mine
481 964 684 1000 Gentilicio
716 964 870 999 Titarius
908 969 946 998 ut
987 961 1113 1007 inepte
1151 959 1229 996 vult
1266 959 1320 996 Pi-

348 1015 474 1063 ghius,
504 1015 607 1064 quod
638 1014 758 1062 potius
787 1025 806 1049 e
833 1015 910 1048 Tito
940 1010 1147 1052 descendit,
1181 1018 1221 1046 ut
1242 1011 1320 1046 Cal-

345 1067 486 1115 purnius
520 1079 538 1102 a
572 1068 695 1115 Calpo,
726 1065 887 1100 Pinarius
914 1074 934 1099 a
956 1063 1050 1098 Pino.
1077 1061 1284 1098 PERIZOi
1312 1090 1319 1098 .

350 1117 471 1153 Sabino
501 1118 631 1152 nomine
659 1119 735 1152 Ttto
754 1143 762 1159 ,
786 1118 930 1152 servant
954 1113 1062 1150 MSS.
1090 1112 1213 1149 nostri.

406 1179 463 1216 32.
494 1171 636 1216 ²Appius
668 1167 711 1204 ab
733 1165 872 1215 Λέῗεο]
904 1164 1077 1203 Sambuci
1107 1163 1228 1200 codex
1258 1162 1321 1199 ha-

352 1217 434 1262 bet,
469 1218 511 1252 ab
540 1224 654 1256 Atto.
694 1219 803 1265 Quae
836 1229 912 1255 vox
939 1216 1123 1263 majorem
1154 1215 1320 1251 formam

349 1271 604 1317 praenominis
633 1269 816 1318 praefert,
846 1267 943 1306 unde
963 1267 1090 1314 Atteja
1106 1277 1194 1313 gens
1225 1264 1321 1302 dista

352 1319 424 1356 esse
454 1319 624 1364 videtur,
663 1323 700 1358 ὃς
729 1320 853 1357 Attia:
886 1330 980 1368 quae
1008 1317 1142 1354 deinde
1168 1315 1323 1364 simplici

350 1372 581 1408 consonante
610 1371 712 1409 scribi
742 1378 957 1419 coeperunt.
984 1369 1126 1405 PIGH.
1153 1369 1261 1405 Unus
1280 1366 1323 1403 ab

351 1424 457 1460 amo
485 1422 594 1460 Leid.
622 1432 702 1460 tert.
725 1423 768 1458 ab
783 1427 900 1462 Acco.
920 1420 1054 1468 Ultraj.
1083 1419 1325 1467 sec.&Mog.

351 1474 428 1513 „Ab
456 1477 588 1515 essfl'eo.

402 1537 460 1574 33.
490 1525 598 1574 Quasi
620 1522 765 1572 Epopae]
796 1523 837 1560 In
862 1520 1084 1570 Campensi;
1108 1523 1217 1571 Epopa
1238 1521 1323 1556 alii:

349 1575 387 1611 in
419 1576 591 1612 Sambuci
619 1575 736 1617 libro,
767 1575 967 1620 Etl›iopani;
997 1581 1108 1622 atque
1139 1574 1187 1609 ita
1217 1571 1255 1608 in
1282 1584 1324 1608 o-

352 1626 498 1663 mnibus
533 1627 609 1664 aliis
646 1625 834 1663 codicibus
869 1625 929 1662 hic
969 1623 1074 1662 locus
1111 1621 1320 1660 admodum

352 1677 556 1714 monstrose
588 1686 779 1725 corruptus
810 1676 858 1713 est
878 1704 888 1719 ‚
936 1683 974 1712 ut
1000 1675 1176 1712 hatf'tenus
1206 1685 1323 1711 nemo

356 1740 442 1764 eum
474 1728 658 1776 corrigere
686 1728 858 1774 potuerit.
889 1726 985 1762 Mihi
1007 1734 1131 1763 autem
1164 1725 1200 1761 in
1222 1737 1327 1761 men-

356 1788 437 1815 tem
470 1779 571 1815 venit
603 1778 770 1826 opinari,
804 1777 969 1814 librarios
995 1776 1188 1824 imperitos
1212 1775 1261 1811 ibi
1290 1775 1327 1812 in

359 1830 544 1866 Graecam
557 1841 695 1866 vocem
710 1829 907 1869 ςπΟῬΟῘ,
921 1826 958 1863 id
976 1827 1041 1870 est,
1055 1826 1191 1862 semina
1211 1825 1312 1872 impe

359 1879 467 1928 gille:
499 1881 666 1929 Ideoque
687 1879 829 1916 Latinis
850 1877 1113 1914 characieribus
1143 1876 1329 1914 imitando

361 1936 402 1968 Σ.
430 1933 467 1968 in
498 1932 539 1968 E.
570 1933 606 1968 ὅ(
626 1931 664 1968 P.
692 1931 728 1966 in
761 1943 796 1979 p.
821 1930 911 1966 item
943 1930 992 1965 oi.
1020 1929 1058 1965 in
1086 1939 1156 1971 oe,
1185 1928 1243 1963 vel
1271 1940 1326 1964 ae.

359 1993 553 2030 perperam
586 1980 752 2019 mutaffe.
807 1979 960 2017 Constat
990 1981 1090 2016 enim
1127 1978 1328 2026 antiquitus

360 2036 497 2080 spurios
527 2034 652 2070 vocari
680 2033 818 2075 solere,
848 2031 907 2067 vel
926 2030 1040 2078 vulgo
1060 2028 1117 2067 vel
1146 2029 1327 2068 adulterio

361 2093 595 2132 conceptos;
644 2085 681 2120 ὃς
712 2082 823 2120 veluti
852 2090 995 2119 temere
1026 2081 1138 2129 sparsa
1167 2081 1331 2125 semina,

361 2145 464 2183 patre
495 2137 637 2171 incerto
669 2142 785 2171 natos,
841 2134 967 2182 Atque
999 2132 1153 2180 idipsum
1191 2140 1331 2169 veteres

361 2184 637 2234 jurisconsultos
659 2185 767 2221 etiam
790 2181 981 2221 affirmasse
997 2182 1228 2226 ,Plutarchus
1248 2184 1329 2220 scri-

363 2237 414 2274 bit
443 2238 479 2274 in
499 2236 810 2278 Problematibus;
834 2247 921 2271 nam
953 2234 1083 2272 volunt
1110 2234 1158 2270 ita
1187 2234 1279 2270 natis
1311 2233 1331 2272 a

366 2300 458 2325 vero
483 2288 694 2335 &genuino
720 2295 822 2333 patre
845 2293 988 2334 praeter
1009 2285 1134 2322 semen
1153 2285 1242 2322 nihil
1262 2283 1332 2322 effe

354 2339 567 2388 reliquum.
620 2337 776 2386 Adjecfta
811 2347 934 2374 autem
971 2348 1074 2379 vox,
1108 2338 1239 2380 aliter,
1274 2336 1334 2374 vel

364 2393 423 2425 ani
443 2419 452 2433 ,
474 2391 556 2427 sane
584 2388 728 2425 videtur
756 2400 800 2424 ex
821 2388 1002 2424 variarum
1029 2386 1235 2424 leftionum
1265 2399 1336 2425 no-

366 2443 410 2478 tis
432 2442 451 2478 e
472 2440 637 2488 margine
662 2438 799 2476 fluxisse
826 2439 863 2475 in
894 2445 1140 2481 contextum„
1171 2439 1208 2475 &
1231 2450 1332 2486 pror-

366 2493 422 2528 sus
450 2492 553 2528 nihili
581 2489 663 2527 effe.
716 2490 861 2526 Verum
891 2500 985 2537 quae
1015 2489 1236 2538 sequuntur,
1275 2501 1337 2526 va-

367 2545 420 2580 rie
441 2544 573 2591 partim
599 2540 901 2579 annotationibus
923 2538 1182 2586 conspurcata,
1203 2540 1335 2587 partim

370 2594 500 2631 mutila
519 2595 619 2631 sunt:
641 2603 737 2642 quae
757 2591 804 2628 fic
822 2591 860 2627 in
881 2588 1034 2637 vulgatis
1051 2590 1244 2637 leguntur,
1262 2593 1338 2627 Nu-

370 2647 474 2688 meri,
494 2647 570 2692 sola
600 2645 744 2691 patricia
757 2642 899 2687 familia
918 2642 977 2688 usa
1000 2642 1044 2686 est
1066 2640 1183 2677 Fabia.
1219 2641 1267 2678 Et
1291 2642 1340 2680 ita

370 2697 408 2733 in
429 2695 645 2745 quibusdam
665 2693 917 2741 manuscriptis
930 2691 991 2736 ‚in
1009 2690 1084 2728 aliis
1103 2700 1227 2729 autem
1248 2705 1343 2738 vox,

365 2749 527 2792 familia,
557 2745 664 2784 deest.
718 2745 762 2782 In
782 2744 841 2792 Jo.
863 2742 1035 2780 Sambuci
1062 2742 1156 2779 libro
1179 2742 1246 2779 fic.-
1265 2748 1341 2779 Na-

372 2800 453 2832 meri
476 2800 553 2844 sola
574 2798 721 2844 patricia
740 2793 967 2832 tantummodo
985 2795 1044 2842 usa
1063 2797 1107 2842 est
1129 2793 1240 2830 Fabia.
1268 2795 1345 2832 Ubi

373 2847 554 2885 redundat
582 2860 659 2885 vox
681 2876 690 2891 ‚
726 2844 981 2888 tantummodo,
1017 2856 1063 2881 ex
1092 2846 1343 2883 annotationi-

373 2898 460 2941 bus,
490 2906 528 2934 ut
559 2908 731 2946 apparet,
765 2898 921 2940 inserta,
951 2896 989 2933 &
1015 2895 1106 2933 aliae
1136 2895 1273 2934 desunt.
1301 2897 1340 2935 in

376 2947 576 2996 Campenfi
607 2958 732 2986 autem
765 2949 893 2986 clarius
931 2947 1079 2984 elucent
1107 2946 1196 2984 tales
1224 2960 1342 2985 anno-

373 2999 610 3039 tatiunculae.
646 3012 734 3039 nam
763 2999 812 3038 fic
846 2999 1030 3038 habetur:
1078 2998 1242 3036 Numeris
1265 3001 1343 3048 sola

1360 549 1401 580 35
1435 541 1655 588 Numerii
1692 540 1883 586 Otacilii
1918 541 2230 589 Maleventani
2265 544 2346 591 sub

2288 639 2346 670 CO

1368 696 1515 746 patribia
1540 710 1623 748 gens
1647 696 1790 741 familia
1819 696 1863 741 est
1897 695 1956 742 usa
1992 693 2116 731 Fabiae
2153 707 2351 743 praenomen

1375 752 1430 794 est.
1445 749 1498 785 Ibi
1521 759 1658 795 nempe
1681 745 1903 783 monstratur
1925 745 1992 782 alia
2012 746 2236 794 supposititia
2257 762 2351 795 vox,

1374 801 1544 843 Familia,
1575 810 1670 848 quae
1692 797 1851 834 omnino
1871 797 2071 846 rejicienda
2093 797 2151 835 est.
2202 800 2347 851 Loqui—

1375 859 1433 887 tur
1463 852 1566 887 enim
1594 850 1654 886 hic
1687 848 1816 886 austor
1847 847 1893 885 de
1925 856 2004 886 tota
2033 857 2145 897 gente
2175 851 2276 888 Fabia
2300 852 2345 890 ad

1377 903 1597 939 Cremeram
1630 901 1729 937 caesa
1751 928 1760 943 ,
1805 911 1884 936 non
1911 898 1956 936 de
1987 909 2058 936 una
2091 900 2262 937 Fabiorum
2290 903 2347 941 fa-

1377 953 1477 990 milia
1493 981 1502 997 ,
1531 964 1693 1002 quorum
1716 951 1840 1000 postea
1860 949 1978 999 plures
2002 951 2166 988 familiae
2189 965 2349 1001 praeno-

1375 1015 1463 1041 men
1482 1004 1641 1040 Numerii
1664 1010 1925 1050 acceptarunt:
1953 1000 2044 1039 ficut
2063 1003 2227 1051 primum
2253 1005 2351 1042 Wha-

1374 1057 1471 1099 lani,
1510 1054 1644 1092 deinde
1674 1054 1864 1096 QAmlmsli,
1904 1054 2074 1097 pavores,
2111 1055 2149 1091 δε
2180 1058 2351 1096 Buteones.

1372 1105 1495 1144 Poffet
1512 1107 1619 1155 igitur
1641 1104 1684 1142 ab
1700 1105 1755 1142 his
1777 1103 1956 1141 erroribus
1977 1104 2026 1141 ita
2043 1104 2221 1143 vindicari
2242 1107 2347 1146 locus

1373 1158 1458 1200 iste,
1497 1159 1534 1195 &
1561 1156 1660 1194 reffi'oe
1692 1155 1876 1205 suppleri,
1913 1158 2074 1191 Numerii
2097 1158 2174 1202 sola
2199 1161 2350 1207 patricia

1368 1223 1452 1259 gens
1487 1211 1546 1256 usa
1576 1208 1683 1243 Fabia
1713 1211 1757 1251 eli
1784 1209 2006 1255 praenomine.
2059 1207 2246 1245 Videlicet
2283 1221 2348 1247 au·

1376 1259 1533 1297 ferendo
1568 1270 1680 1295 voces
1709 1258 1797 1295 duas
1828 1256 2043 1305 superfluam
2082 1259 2120 1295 &
2142 1260 2351 1306 mutando,

1376 1313 1536 1348 Numeris
1550 1337 1558 1353 ,
1588 1310 1626 1346 in
1648 1311 1804 1345 Numerii
1819 1327 1828 1352 3
1846 1309 1884 1345 ὅζ
1898 1333 1908 1350 ,
1927 1309 2053 1344 Fabiae
2067 1321 2263 1356 praenomen
2282 1315 2326 1357 est
2339 1340 2353 1357 ‚

1375 1365 1412 1399 in
1443 1363 1545 1399 Fabia
1562 1363 1787 1409 praenomine.
1814 1358 1952 1395 Fabiam
1972 1372 2063 1397 vero
2080 1371 2229 1409 gentem
2252 1363 2349 1401 inter

1377 1414 1543 1462 patricias
1564 1414 1721 1461 primam
1743 1409 1871 1454 fuisse,
1893 1423 1988 1460 quae
2007 1415 2166 1448 Numerii
2192 1425 2352 1461 praeno-

1379 1477 1467 1502 men
1496 1465 1646 1502 adscivit
1671 1492 1681 1507 ,
1717 1464 1828 1500 etiam
1858 1463 1941 1500 Sex.
1976 1463 2179 1511 Pompejus
2206 1464 2350 1508 scribit,

1377 1518 1416 1554 ὃ(
1451 1516 1609 1553 eandem
1639 1515 1756 1552 adfert
1786 1515 1983 1551 rationem.
2017 1513 2158 1552 PIGH.
2195 1517 2354 1553 Nummi

1367 1569 1445 1616 sola
1471 1568 1615 1616 patricia
1634 1580 1719 1617 gens
1749 1567 1808 1612 usa
1836 1568 1879 1611 est
1900 1564 2006 1601 Fabia
2021 1567 2245 1614 praenomine.
2270 1567 2352 1604 MS.

1378 1619 1520 1656 omittit
1541 1632 1624 1667 gens
1649 1619 1685 1654 &
1703 1618 1937 1666 praenomine,
1970 1616 2169 1666 quomodo
2188 1618 2226 1654 &
2245 1617 2350 1655 Sam-

1377 1671 1461 1708 buci
1489 1669 1573 1707 cod.
1611 1670 1649 1706 &
1680 1669 1762 1705 sane
1790 1666 1959 1705 ultimam
1991 1679 2126 1704 vocem
2154 1680 2350 1712 praenomen

1378 1721 1482 1770 quod
1501 1722 1538 1758 in
1559 1732 1635 1757 uno
1659 1717 1856 1768 Campenfi
1879 1718 1960 1756 cod.
1989 1719 2167 1755 formavit
2186 1719 2333 1766 Pighius
2350 1748 2361 1765 ,

1379 1784 1466 1808 cum
1503 1774 1539 1808 ὃς
1569 1772 1606 1807 in
1637 1771 1793 1820 Antiqq.
1815 1769 1916 1807 Edd.
1953 1769 2158 1806 omittatur.
2196 1769 2235 1806 F.
2270 1776 2352 1806 Na-

1379 1824 1491 1857 meriis
1511 1824 1588 1870 sola
1614 1825 1756 1869 patmia
1790 1824 1850 1859 usa
1881 1823 1924 1867 est
1954 1821 2102 1856 Familia
2127 1820 2244 1856 fabia.
2276 1822 2354 1870 ple-

1379 1885 1494 1922 raque
1523 1873 1623 1909 enim
1652 1872 1896 1920 praenomina
1926 1870 2028 1918 supra
2061 1871 2098 1907 in
2126 1871 2254 1918 plurali
2282 1885 2353 1920 po-

1379 1925 1457 1961 suit.
1491 1931 1530 1960 ut
1557 1924 1682 1966 stuli,
1712 1924 1855 1966 Marci,
1883 1922 2017 1965 Publii,
2046 1921 2193 1965 Tiberii,
2223 1925 2354 1970 Kaeso-

1379 1991 1458 2017 nes,
1486 1976 1613 2022 spurii.
1641 1975 1741 2011 Nam
1768 1985 1831 2010 cur
1853 1973 2018 2017 familia,
2049 1973 2188 2021 rejiciat
2207 1968 2355 2022 Pighius

1382 2026 1479 2063 nulla
1498 2023 1617 2062 cauffa
1638 2026 1685 2061 est
1701 2053 1710 2066 ,
1741 2036 1826 2060 cum
1847 2022 2016 2060 &Festus
2040 2023 2076 2060 in
2098 2024 2173 2060 hoc
2198 2026 2356 2073 negotio

1383 2077 1480 2114 (licat
1514 2078 1656 2111 Familia
1690 2075 1803 2111 Fabia.
1832 2074 2078 2111 PERIZON.
2115 2077 2251 2111 Numen
2273 2079 2351 2124 sola

1379 2129 1523 2178 patritia
1540 2128 1681 2172 familia
1704 2129 1763 2173 κβ
1783 2129 1825 2172 est
1843 2125 1962 2162 Fabia.
1990 2124 2035 2162 fic
2051 2126 2156 2162 MSS.
2181 2127 2303 2164 nostri.

1438 2192 1493 2228 34.
1526 2179 1642 2214 Dubia
1665 2181 1701 2213 in
1727 2178 1975 2212 matrimonium
1994 2179 2356 2223 uxorefilia‚Nume-

1385 2233 1430 2267 rii
1456 2232 1595 2267 Otacilii
1622 2227 1888 2276 Maleventam']
1927 2227 2011 2265 MS.
2035 2231 2149 2263 Dubia
2179 2231 2214 2264 in
2243 2233 2360 2265 matri-

1386 2284 1494 2317 monio
1523 2283 1625 2326 thyn
1658 2295 1761 2315 uxore
1792 2280 1897 2326 filia,
1920 2280 2025 2324 Nuyn
2053 2279 2216 2324 Jotacilii
2238 2283 2359 2316 Male-

1385 2335 1539 2369 wentani.
1568 2332 1624 2368 Ex
1652 2343 1730 2381 quo
1759 2330 1905 2368 videtur
1929 2330 2042 2366 etiam
2070 2330 2141 2367 filia
2174 2331 2233 2367 illa
2263 2331 2360 2370 diftz

1388 2383 1460 2421 esse
1490 2385 1668 2419 Numeria.
1715 2386 1824 2429 Nuyn
1855 2381 1903 2418 est
1935 2380 2109 2429 scriptum
2149 2393 2216 2428 pto
2253 2384 2361 2421 Num.

1389 2436 1491 2473 Solet
1518 2435 1617 2471 enim
1647 2433 1707 2470 hic
1738 2432 1901 2469 librarius
1928 2432 2100 2468 vocalem
2123 2434 2134 2466 i
2160 2433 2269 2470 initio
2290 2447 2360 2471 vo-

1388 2488 1437 2524 cis
1467 2485 1527 2523 vel
1562 2484 1642 2533 post
1678 2483 1783 2520 aliam
1824 2481 1998 2520 vocalem
2038 2482 2192 2518 scribere
2228 2496 2291 2531 per
2321 2500 2359 2534 J·

1391 2539 1489 2574 Nuin
1526 2548 1617 2573 vero
1643 2542 1745 2584 patet
1773 2532 1843 2571 esse
1873 2533 2048 2581 scriptum
2082 2545 2149 2581 pro
2178 2538 2287 2573 Num.
2326 2537 2367 2574 id

1392 2590 1440 2626 est
1472 2589 1676 2628 Numerius,
1718 2585 1776 2622 vel
1802 2587 1978 2621 Numeria.
2031 2583 2090 2621 Eo
2123 2597 2215 2622 vero
2246 2588 2366 2636 magis

1391 2638 1502 2677 credo
1527 2639 1724 2674 Numeriam
1746 2633 1816 2673 effe
1842 2635 1978 2673 dietam
1997 2663 2007 2679 ,
2030 2643 2141 2684 atque
2169 2636 2257 2675 illud
2281 2639 2366 2676 scri-

1391 2689 1494 2740 psisse
1523 2691 1623 2727 hunc
1643 2687 1850 2726 Aud‘corem
1867 2715 1876 2731 ‚
1897 2686 2000 2735 quod
2020 2687 2145 2735 postea
2171 2687 2267 2725 inter
2293 2701 2365 2728 no-

1394 2743 1496 2780 mina
1526 2741 1778 2778 foeminarum
1807 2746 1925 2787 ponet
1951 2740 2165 2775 Numeriam.
2201 2740 2264 2776 ubi
2286 2752 2367 2778 ma-

1392 2794 1426 2831 le
1450 2793 1597 2841 Pighius
1628 2790 1755 2828 mallet
1789 2792 1974 2826 Maniam.
2001 2789 2088 2839 quia
2107 2790 2230 2827 Varro
2255 2800 2366 2840 negat

1396 2845 1596 2881 Numeriam
1623 2842 1708 2880 dici.
1736 2853 1820 2879 cum
1852 2848 1976 2890 aperte
2003 2837 2278 2888 codex'Copes.
2304 2843 2364 2880 ha-

1391 2895 1475 2933 beat
1500 2898 1667 2930 Manena
1689 2905 1756 2941 pro
1782 2894 1959 2929 Numen-ia.
1985 2891 2234 2929 PERIZON.

1447 2959 1505 2995 35.
1534 2947 1678 2982 Numeri
1697 2945 1859 2988 Jotalicii
1883 2941 2122 2992 Malemitani]
2147 2943 2196 2980 V.
2220 2954 2253 2979 c.
2283 2952 2367 2978 cor-

1395 2998 1494 3035 reete
1509 3025 1520 3043 ‚
1555 2997 1716 3035 Numerii
1735 2995 1876 3033 Otacilii
1895 2995 2154 3034 Male-rennui.
2191 2992 2250 3030 Sic
2269 3003 2367 3041 quo-

2288 3054 2367 3092 que
