2516 3509
523 105 662 160 DE
749 105 1063 161 OTIO
1156 105 1790 164 LAUDATO.

135 207 156 239 8
189 208 263 267 Q
289 204 527 264 Scaevola,
563 205 642 268 qui
677 220 813 269 gener
848 206 993 253 Laelii
1028 205 1148 265 fuit,

2035 124 2141 180 743

1182 204 1347 252 audiffe
1379 206 1696 270 saepenumero
1732 210 2021 273 praedicavit.

199 294 220 324 9
248 283 466 333 Scaevola
499 296 651 330 autem
686 286 863 348 quietae
897 284 1159 333 remiffionis
1191 299 1351 330 eorum
1375 286 1640 333 certissimus
1675 288 1823 346 testis,
1859 289 2035 350 optimc
2060 289 2129 351 pi-

133 367 175 413 la
208 364 353 412 lusiffe
384 363 602 410 traditur:
639 365 744 427 quia
777 363 994 411 videlicet
1029 365 1084 411 ad
1105 365 1196 410 hoc
1227 369 1270 390 ¹0
1301 362 1625 410 diverticulum
1661 368 1860 412 animum
1897 368 2023 414 suum
2059 368 2128 414 fo-

136 442 336 490 rensibus
375 441 630 488 ministeriis
670 441 939 506 fatigatum,
975 441 1209 489 transferre
1242 440 1423 487 solebat.
1451 448 1484 466 ¹¹
1505 441 1653 488 Alvco
1688 460 1871 506 quoque
1907 445 1953 490 δε
1978 446 2128 492 calcu-

134 520 188 567 lis
221 520 389 567 vacaffe
423 521 654 567 interdum
689 520 885 577 dicitur3
924 538 1030 567 cum
1067 520 1182 566 bene
1216 536 1268 565 ac
1304 519 1384 566 diu
1414 522 1515 583 jura
1547 522 1743 580 civium,
1766 523 1814 568 ὃς
1839 525 2129 570 caerimonias

138 600 350 647 Deorum
387 599 640 646 ordinasset.
682 605 790 645 ¹²ut
826 600 947 645 enirn
983 601 1030 645 in
1062 599 1191 645 rebus
1225 597 1341 644 seriis
1375 599 1668 660 Scaevolam,
1704 604 1766 648 ita
1798 604 1844 648 in
1877 603 2132 650 scurrilibus

137 675 305 724 lusibus
340 677 576 726 hominem
610 679 809 742 agebat:
857 695 991 743 quem
1039 695 1188 726 rerum
1234 692 1392 726 natura
1434 681 1642 727 continui
1690 682 1852 730 laboris
1887 685 2131 747 patientem

141 755 227 802 effe
261 772 355 802 non
390 755 507 804 finit.

145 952 193 989 Et
222 951 306 989 alibi
334 951 459 1000 paffim
489 950 624 989 Plinius
655 952 716 989 ubi
747 951 793 989 de
820 952 1044 1000 margaritis:
1073 955 1117 988 Et

143 1004 226 1038 aliis
251 1005 403 1038 convenit
432 1017 496 1038 non
524 1014 668 1051 oportere
703 1005 871 1052 perforare
909 1017 1046 1052 quorum
1072 1002 1116 1044 lit

143 1052 297 1101 absoluta
323 1053 480 1095 bonitas,
506 1052 672 1089 umbilicis
694 1056 814 1098 statim
839 1067 880 1088 ex
905 1067 985 1089 auro
1006 1055 1118 1102 capita

143 1103 359 1152 capientibus.
388 1103 581 1141 COLER.
621 1107 760 1146 Caietae
796 1112 841 1139 (θ’
868 1106 1027 1140 Laurenti
1056 1117 1120 1138 ‘va-

140 1167 208 1203 gas
245 1153 416 1190 littoribus
456 1155 626 1190 combulas
663 1163 708 1190 (7
738 1155 906 1191 umbtlicos
944 1153 1117 1202 lec‘litaffe.

147 1204 393 1253 Antiquiores
431 1204 613 1242 editiones
650 1216 719 1253 pro
767 1205 892 1241 umbili.
904 1219 937 1240 os
982 1205 1119 1242 habent

149 1256 300 1292 calculos.
356 1253 427 1292 Sed
449 1255 594 1303 Pighius
614 1267 682 1303 pro
702 1257 842 1291 calculos
860 1254 995 1304 scripfit
1014 1254 1120 1291 umbi-

148 1306 250 1348 lic0s3
280 1306 383 1355 quod
411 1305 447 1341 in
470 1306 552 1343 cod.
579 1306 842 1344 Wincheliano
869 1306 906 1343 id
926 1304 1120 1355 reperisset.

151 1356 200 1392 Et
230 1356 470 1393 confirmatur
495 1356 606 1394 lectio
628 1358 721 1394 haec
748 1369 820 1401 eo,
855 1357 959 1406 quod
987 1357 1121 1394 Cicero

149 1406 211 1443 lib.
241 1420 296 1445 11.
326 1407 371 1445 de
402 1407 507 1445 Orat.
533 1408 667 1445 eadem
699 1407 744 1445 de
776 1420 814 1445 re
844 1419 953 1457 agens
984 1408 1122 1445 scribit:

150 1460 210 1493 Ita
230 1459 318 1506 solet
348 1471 487 1494 narrare
513 1461 695 1502 Scaevola,
722 1459 855 1494 conchas
887 1474 937 1495 eos
955 1467 1000 1495 (θ’
1021 1458 1124 1494 umbi-

154 1509 235 1543 licos
267 1508 312 1544 ad
342 1514 494 1557 Cajetam
516 1518 560 1544 <9⁴
587 1512 758 1545 Lucrinum
788 1512 893 1558 legere
919 1509 1125 1557 consuevisse.

154 1558 333 1596 Ceterum
361 1559 531 1596 umbilicos
559 1560 705 1608 Pighius
741 1562 778 1598 ὅ(
808 1561 964 1598 Colerus
998 1568 1127 1609 putant

108 1611 109 1614 ’
155 1620 289 1656 parvos
312 1609 546 1647 &rotundos
574 1610 732 1647 calculos
764 1609 857 1654 effe,
885 1611 904 1648 a
927 1612 1048 1648 forma
1076 1612 1126 1648 ita

153 1659 284 1697 dictos.
324 1661 376 1697 At
396 1661 568 1697 Schottus
595 1661 654 1698 lib.
672 1674 733 1697 111.
763 1662 914 1698 Observ.
944 1673 976 1698 c.
1000 1674 1058 1699 21.
1089 1663 1126 1699 &

152 1709 366 1747 Buchnerus
391 1711 434 1747 ad
452 1711 622 1747 Lexicon
642 1712 746 1748 Fabri
767 1712 942 1748 cochleae
964 1713 1127 1748 marinae

152 1760 310 1809 speciem
335 1758 404 1797 esse
426 1762 644 1799 existimant.
659 1762 853 1800 VORST.
878 1764 1014 1805 Constat
1033 1776 1125 1797 nam-

155 1825 219 1860 que
237 1825 287 1846 eos
309 1814 446 1854 Caietae
464 1820 507 1846 (θ’
522 1814 687 1848 Laurenti
719 1826 829 1863 vagas
856 1811 1026 1848 littoribus
1052 1827 1125 1848 con·

150 1862 265 1898 clmlas
286 1862 454 1910 IeHitaffe.
469 1863 686 1900 Conchulae
702 1863 873 1911 jacebant
892 1863 929 1899 in
946 1861 1043 1900 ficco
1064 1862 1125 1899 lit·

150 1920 234 1950 tore
249 1940 259 1956 ‚
287 1924 356 1949 nec
377 1914 477 1950 enim
499 1913 795 1961 ingrediebantur
816 1926 950 1962 aquam
965 1931 988 1956 ,·
1006 1922 1044 1950 ut
1063 1925 1123 1951 eas

150 1962 368 2001 lectitarent.
401 1964 616 2012 Quomodo
645 1976 734 2012 ergo
763 1965 934 2000 conchulae
953 1972 1124 2012 poterant

148 2027 260 2063 vagae
287 2014 369 2050 dici.
392 2015 496 2062 Lege
516 2015 674 2052 omnino
695 2027 780 2052 cum
803 2014 886 2052 cod.
905 2014 1038 2062 Copes.
1057 2029 1123 2050 va-

146 2076 231 2114 gos:
260 2063 323 2110 ipfi
343 2065 442 2101 enim
472 2065 696 2112 vagabantur
717 2076 780 2113 per
802 2065 924 2102 littora
943 2076 1122 2113 quaeren-

153 2114 204 2152 do
227 2114 438 2156 conchulas.
464 2115 711 2152 PERIZON.
738 2115 906 2152 Primum
932 2119 1046 2165 Vagos
1067 2116 1123 2152 in-

154 2165 270 2203 venio
296 2165 334 2202 in
362 2165 532 2202 omnibus
552 2165 644 2202 Edd.
672 2167 710 2203 &
732 2165 840 2202 MSS.
865 2166 1015 2213 septem.
1041 2173 1122 2203 tum

152 2217 191 2253 in
218 2215 295 2253 solo
317 2215 426 2251 Leid.
454 2216 586 2264 quinto
614 2215 661 2252 est
681 2215 862 2252 umbilicos.
895 2216 1008 2252 ceteri
1034 2227 1121 2253 curn

154 2267 327 2304 omnibus
346 2265 440 2302 Edd.
460 2266 596 2305 habent
625 2274 670 2302 (φ
689 2268 840 2302 calculos.

206 2329 239 2363 7.
277 2319 316 2352 P.
346 2316 497 2365 Craffits]
545 2317 634 2354 Non
666 2316 704 2353 P.
741 2316 799 2353 sed
833 2318 868 2352 L.
905 2318 1037 2364 Craffias

154 2366 357 2404 Scaevolae
383 2379 496 2415 gener
527 2367 617 2406 fuir.
645 2376 686 2404 ut
704 2379 749 2403 ex
772 2366 965 2404 Ciceronis
986 2367 1071 2404 Lib.
1087 2381 1118 2406 1.

153 2419 201 2455 de
233 2420 415 2461 Oratore,
444 2419 482 2455 ὃ(
503 2429 548 2454 ex
578 2417 671 2454 libro
703 2417 749 2454 de
777 2417 884 2454 clarisv
911 2417 1118 2456 oratoribus

153 2468 262 2517 plane
293 2467 487 2516 colligitur.
509 2469 785 2507 GLAREAN.
815 2471 855 2504 P.
875 2468 1004 2515 Craffiss
1019 2497 1028 2511 ‚
1049 2473 1118 2505 Lu.

151 2522 220 2555 cius
248 2519 434 2556 dicebatur
460 2531 539 2556 non
565 2518 711 2556 Publius.
733 2519 971 2558 CORRAD.
996 2520 1114 2558 Nem-

153 2581 201 2618 pe
219 2569 312 2606 Edd.
339 2571 521 2619 antiquae.
549 2573 585 2606 P.
613 2569 807 2613 exhibent,
830 2571 867 2607 δε
887 2569 935 2607 fic
951 2569 1058 2608 MSS.

203 2620 238 2657 8.
266 2621 307 2666 Ω.
334 2619 533 2669 Scaevolae]
577 2621 722 2657 Vereor
748 2632 797 2657 ne
825 2629 941 2669 ponat
969 2622 1019 2670 Q.
1047 2633 1114 2670 pro

151 2671 193 2709 P.
221 2672 285 2719 qui
315 2670 353 2707 id
383 2669 504 2708 fecisse
526 2670 658 2708 dicitur
684 2670 743 2708 lib.
770 2684 800 2708 r.
828 2671 874 2707 de
894 2672 1000 2710 Orat.
1026 2683 1112 2710 cum

154 2724 204 2771 Q.
234 2720 275 2758 fit
294 2721 388 2757 testis
409 2722 637 2759 remissionis.
665 2721 903 2759 CORRAD.

203 2785 239 2820 9.
273 2771 451 2820 scaevola]
498 2772 709 2810 Confundit
741 2772 803 2809 hic
842 2771 987 2810 Auflor
1025 2773 1117 2812 duos

155 2821 362 2860 Scaevolas.
422 2822 507 2859 Fuit
536 2824 637 2860 enim
672 2823 733 2859 hic
760 2823 935 2860 Pontifex
956 2851 967 2868 ‚
1009 2832 1049 2862 ut
1078 2827 1117 2863 &

152 2882 254 2925 'patet
282 2884 365 2910 cum
396 2872 483 2910 dicit
505 2902 515 2917 ‚
558 2887 631 2908 eum
649 2875 840 2909 cerimonias
863 2877 1004 2910 Deorum
1031 2874 1117 2911 ordi-

156 2925 243 2971 nasse
263 2951 273 2968 ,
320 2925 358 2961 &
384 2932 511 2960 tamen
546 2923 647 2960 hunc
673 2928 859 2969 dugurem
890 2925 976 2963 facit
1012 2927 1119 2962 Laelii

144 2989 305 3028 generum
319 2999 330 3019 ,
357 2978 397 3012 L.
424 2972 691 3023 Craffifivcetum.
715 2974 801 3015 vide
821 2975 902 3016 Cic„
927 2975 973 3018 de
991 2977 1119 3017 Amic.

1162 2418 1251 2468 fibus
1274 2445 1284 2461 ‚
1320 2419 1359 2456 id
1389 2419 1437 2456 est
1457 2448 1470 2462 ‚
1504 2431 1582 2456 non
1613 2420 1719 2456 seriis.

2037 843 2133 888 Ex-

1169 963 1247 1001 cap.
1279 965 1309 990 1.
1337 952 1398 989 De
1424 951 1602 991 Scaevola
1632 955 1669 992 δε
1687 955 1764 1001 ejus
1785 957 1969 994 memoria
1999 957 2036 994 in
2060 958 2137 996 lusu

1170 1003 1372 1041 duodecim
1412 1003 1627 1051 scruporum
1665 1005 1750 1042 vide
1784 1007 1943 1054 Quintil.
1996 1008 2041 1046 L.
2076 1022 2136 1047 xi.

1170 1066 1248 1142 {ap
1277 1067 1311 1091 2.
1340 1054 1377 1091 ὅ(
1397 1053 1497 1091 Paul.
1528 1055 1786 1093 Colomefium
1817 1069 1851 1105 p.
1884 1069 1969 1100 272.
2003 1059 2139 1097 PERI-

1206 1106 1294 1142 ΟΝ.

1226 1168 1281 1193 10.
1309 1153 1580 1202 Divereiculum]
1619 1158 1902 1194 Avocamentum
1933 1158 2022 1196 dicit
2048 1160 2141 1197 Plin.

1170 1206 1208 1241 in
1228 1206 1363 1254 Paneg.
1391 1217 1422 1242 c.
1448 1206 1506 1242 82.
1542 1206 1785 1244 PERIZON.

1226 1270 1280 1294 11.
1308 1258 1435 1296 „Aleae
1454 1270 1583 1306 quoque
1603 1265 1647 1292 ω’
1664 1259 1798 1292 calculis
1827 1260 1953 1306 “vacaffe
1979 1259 2145 1296 interdum

1172 1305 1312 1356 dicitur]
1346 1308 1388 1344 In
1410 1306 1632 1354 Campenfi,
1658 1307 1937 1354 Gemblacenfi,
1966 1311 2147 1348 Winche-

1174 1357 1299 1400 liano,
1338 1359 1377 1395 δε
1406 1357 1636 1395 Atrebatenfi
1664 1358 1814 1401 melius;
1861 1363 1988 1399 alveo
2016 1376 2144 1411 quoque

1176 1417 1220 1444 (9²
1250 1409 1397 1445 calculis.
1451 1409 1551 1445 Nam
1584 1407 1662 1444 alea
1693 1409 1879 1446 inhonesta
1911 1411 1969 1448 est.
2004 1412 2146 1450 PIGH.

1175 1460 1307 1497 „Alveo
1331 1473 1461 1509 quoque
1481 1467 1526 1494 (θ’
1545 1460 1678 1494 calculis
1697 1464 1834 1507 vacaffe.
1857 1463 1985 1497 ..arluco
2012 1462 2145 1510 scripsit

1176 1510 1323 1557 Pighius
1346 1509 1365 1547 e
1386 1518 1546 1559 quatuor
1567 1509 1674 1548 codd.
1699 1522 1784 1547 cuin
1805 1510 1919 1547 Aldus
1942 1513 1978 1548 ἃ
1998 1512 2055 1549 alii
2075 1513 2151 1550 edi-

1179 1559 1308 1598 diffent
1330 1562 1436 1598 aleae.
1490 1560 1648 1597 Codices
1668 1560 1799 1598 Brand.
1825 1560 1862 1597 id
1882 1562 1984 1610 quod
2001 1563 2147 1610 Pighius

1179 1610 1353 1660 rescripsit
1371 1610 1615 1658 confirmant.
1638 1611 1834 1649 VORST.
1860 1612 1966 1648 MSS.
1996 1613 2145 1662 Septem

1178 1664 1262 1697 aleis
1298 1676 1438 1710 quoque.
1489 1661 1621 1709 Ultraj.
1657 1663 1725 1699 sec.
1762 1662 1871 1699 Leld.
1905 1671 1987 1700 tert.
2022 1673 2140 1713 quart.

1178 1712 1286 1759 Nlog.
1312 1714 1417 1749 aleae.
1446 1711 1553 1748 Leid.
1580 1712 1666 1749 sext.
1701 1713 1829 1749 balneo.
1862 1712 1929 1749 sec.
1965 1715 2051 1750 alea.
2086 1715 2146 1752 sed

1180 1763 1296 1810 quint.
1324 1764 1466 1800 Alveo.
1490 1763 1569 1798 Cic.
1593 1762 1639 1799 de
1667 1762 1811 1800 Sene&
1839 1774 1918 1811 cap.
1951 1764 2006 1801 16.
2038 1765 2152 1801 Nobis

1170 1813 1307 1860 senibus
1333 1827 1373 1848 ex
1404 1813 1583 1859 lusionibus
1613 1815 1729 1849 multis
1760 1815 1846 1849 talos
1877 1816 2069 1864 relinquant
2101 1825 2145 1852 ω’

1177 1863 1322 1910 tesseras.
1360 1863 1478 1910 Quod
1498 1871 1679 1912 quantum
1702 1864 1802 1901 distat
1823 1864 1866 1901 ab
1885 1867 1991 1902 alea?
2015 1866 2148 1903 Sueto-

1177 1915 1257 1951 nius
1288 1922 1387 1950 certe
1418 1915 1455 1950 in
1487 1915 1669 1962 Augusto.
1705 1927 1782 1962 cap.
1816 1927 1872 1960 72.
1909 1917 2031 1963 jungit
2058 1920 2143 1952 talos

1175 1970 1281 2008 jacere
1307 1973 1347 1999 <9¹
1366 1967 1478 2010 farum
1495 1967 1695 2002 aleatorium
1716 1967 1883 2012 calfacere.
1911 1968 2036 2015 Quare
2052 1969 2146 2003 aleae

1177 2015 1353 2052 damnare
1384 2015 1447 2052 vix
1473 2014 1599 2052 aufim.

1230 2078 1283 2102 12.
1313 2074 1356 2101 Ut
1375 2067 1460 2101 enim
1491 2067 1526 2102 in
1546 2066 1640 2102 rebus
1657 2066 1758 2112 seriis
1778 2067 1995 2107 Scan-ulam
2024 2069 2074 2102 ita
2095 2076 2145 2103 U*

1174 2116 1211 2151 in
1230 2116 1429 2163 fiurrilibus
1458 2116 1582 2164 lusibus
1607 2117 1768 2152 hommem
1797 2115 1936 2165 agebat]
1968 2119 2146 2165 Quomo-

1176 2165 1262 2203 do?
1295 2166 1492 2214 fiurrilibus
1521 2178 1569 2203 ne
1604 2167 1727 2213 lusibus
1759 2166 2004 2204 delectabatur
2038 2170 2144 2205 Scae-

1176 2217 1259 2254 vula
1290 2217 1346 2253 vir
1370 2217 1634 2264 graviffimus?
1673 2218 1766 2254 Sane
1797 2217 1976 2264 suspectus
2006 2219 2052 2255 est
2084 2220 2140 2256 lo-

1175 2278 1248 2304 cus.
1301 2267 1431 2314 Scripti
1458 2267 1536 2304 libri
1559 2269 1723 2316 quinque
1743 2269 1779 2302 in
1793 2269 1896 2316 scenis
1915 2270 2036 2314 lufilus
2058 2282 2136 2316 pro-

1067 2319 1118 2366 Q.
1173 2317 1274 2355 dunt.
1328 2318 1636 2361 Pulmannianus,
1668 2319 1802 2365 insenis.
1838 2319 1994 2367 Conjice
2024 2319 2137 2356 lec‘tor

1168 2368 1256 2416 quid
1282 2366 1353 2404 esse
1381 2368 1481 2405 velit.
1534 2369 1645 2406 Forte
1674 2368 1874 2417 legendum
1893 2397 1901 2412 ‚
1929 2372 2056 2416 inferiis
2086 2371 2138 2404 lu-

1780 2419 1913 2457 Adfuit
1941 2420 2110 2466 interpres
2126 2448 2135 2457 .

1168 2469 1233 2518 qui
1253 2468 1436 2520 puerilibus
1464 2470 1696 2518 explanavit,
1726 2470 1830 2519 quod
1858 2470 1988 2506 deinde
2016 2478 2136 2505 niuta-

1167 2527 1248 2557 tum
1277 2520 1335 2563 in,
1363 2521 1572 2567 scurrilibus.
1602 2520 1740 2558 PIGH.
1782 2519 1986 2555 scurrilibus.
2023 2519 2134 2555 Liber

1168 2571 1266 2608 Dan.
1295 2573 1414 2606 Sceais.
1442 2570 1529 2609 alii:
1567 2573 1675 2619 scenis
1700 2570 1830 2617 lufibus.
1885 2569 2016 2604 Nescio
2044 2570 2138 2615 quid

1166 2621 1253 2658 inde
1276 2621 1495 2669 exsculpam.
1523 2623 1715 2660 COLER.
1749 2625 1785 2655 ln
1796 2618 1987 2666 scurrilibus
2007 2619 2132 2660 lusibus

1165 2672 1327 2708 bominem
1352 2673 1486 2724 agebat.
1541 2674 1593 2710 Ita
1619 2681 1757 2709 veteres
1781 2669 1874 2716 typis
1895 2669 2063 2716 expreffi,
2092 2671 2132 2707 δε

1169 2735 1262 2760 unus
1293 2723 1382 2760 item
1403 2724 1485 2761 MS.
1511 2723 1688 2761 Brandeb.
1717 2720 1821 2756 Alter
1850 2730 1916 2765 pro
1945 2722 1979 2754 in
2000 2723 2127 2765 scurri-

1167 2774 1256 2810 libus
1282 2773 1392 2810 habet
1416 2776 1453 2810 in
1471 2776 1603 2822 sceni53
1640 2771 1697 2807 sed
1726 2771 1773 2806 ita
1803 2776 1841 2805 ut
1867 2769 1973 2806 initio
2005 2770 2133 2807 videa-

1167 2832 1227 2863 tur
1250 2824 1423 2872 scriptu-m
1452 2823 1554 2861 fuisse
1574 2826 1610 2857 in
1628 2819 1788 2868 fienibus.
1840 2818 1908 2856 Sed
1929 2821 1967 2856 δε
1984 2819 2132 2868 Pighius

1168 2874 1207 2912 in
1234 2875 1376 2924 aliquot
1402 2875 1511 2912 COdd.
1539 2873 1678 2910 invenit
1707 2872 1742 2904 in
1767 2870 1867 2913 sienis
1898 2870 2052 2915 lufibus;
2091 2872 2129 2907 &

1169 2926 1205 2962 in
1236 2938 1312 2963 uno
1342 2928 1476 2971 insenis.
1529 2923 1639 2960 Unde
1671 2921 1728 2957 ille
1749 2920 1902 2968 conjicit
1928 2920 2132 2968 legendum·

1169 2974 1242 3015 effe
1267 2978 1398 3026 insenius
1429 2974 1575 3022 lufibus;
1609 2981 1646 3011 ut
1674 2972 1803 3020 inferiis
1833 2969 1874 3008 sit
1902 2983 2051 3020 pronon
2072 2978 2131 3016 Je-

2059 3033 2141 3058 mas..
