<?xml version="1.0" encoding="UTF-8"?>
<!DOCTYPE html PUBLIC "-//W3C//DTD XHTML 1.0 Transitional//EN"
    "http://www.w3.org/TR/xhtml1/DTD/xhtml1-transitional.dtd">
<html xmlns="http://www.w3.org/1999/xhtml" xml:lang="en" lang="en">
 <head>
  <title>
</title>
<meta http-equiv="Content-Type" content="text/html;charset=utf-8" />
  <meta name='ocr-system' content='tesseract 3.04.00' />
  <meta name='ocr-capabilities' content='ocr_page ocr_carea ocr_par ocr_line ocrx_word'/>
</head>
<body>
  <div class='ocr_page' id='page_1' title='image "./librinovemfactor00valeuoft_0522.png"; bbox 0 0 2516 3509; ppageno 0'>
   <div class='ocr_carea' id='block_1_1' title="bbox 254 291 287 328">
    <p class='ocr_par' dir='ltr' id='par_1_1' title="bbox 254 291 287 328">
     <span class='ocr_line' id='line_1_1' title="bbox 254 291 287 328; baseline 0 -14"><span class='ocrx_word' id='word_1_1' title='bbox 254 291 287 328; x_wconf 70' lang='lat'><strong>3.</strong></span> 
     </span>
    </p>
   </div>
   <div class='ocr_carea' id='block_1_2' title="bbox 171 326 357 406">
    <p class='ocr_par' dir='ltr' id='par_1_2' title="bbox 171 326 357 406">
     <span class='ocr_line' id='line_1_2' title="bbox 177 326 343 361; baseline -0.03 0"><span class='ocrx_word' id='word_1_2' title='bbox 177 334 259 361; x_wconf 76' lang='grc'><strong>111111.</strong></span> <span class='ocrx_word' id='word_1_3' title='bbox 277 326 343 358; x_wconf 83' lang='lat' dir='ltr'><strong>urb.</strong></span> 
     </span>
     <span class='ocr_line' id='line_1_3' title="bbox 171 370 357 406; baseline -0.032 -4"><span class='ocrx_word' id='word_1_4' title='bbox 171 381 237 406; x_wconf 79' lang='lat'><strong>391.</strong></span> <span class='ocrx_word' id='word_1_5' title='bbox 252 370 357 400; x_wconf 76' lang='lat' dir='ltr'><strong>Livius</strong></span> 
     </span>
    </p>
   </div>
   <div class='ocr_carea' id='block_1_3' title="bbox 172 411 336 441">
    <p class='ocr_par' dir='ltr' id='par_1_3' title="bbox 172 411 336 441">
     <span class='ocr_line' id='line_1_4' title="bbox 172 411 336 441; baseline -0.012 0"><span class='ocrx_word' id='word_1_6' title='bbox 172 422 240 441; x_wconf 80' lang='lat' dir='ltr'><strong>vir.</strong></span> <span class='ocrx_word' id='word_1_7' title='bbox 263 411 336 441; x_wconf 76' lang='lat' dir='ltr'><strong>Cic,</strong></span> 
     </span>
    </p>
   </div>
   <div class='ocr_carea' id='block_1_4' title="bbox 171 451 356 483">
    <p class='ocr_par' dir='ltr' id='par_1_4' title="bbox 171 451 356 483">
     <span class='ocr_line' id='line_1_5' title="bbox 171 451 356 483; baseline -0.011 0"><span class='ocrx_word' id='word_1_8' title='bbox 171 451 263 483; x_wconf 77' lang='lat' dir='ltr'><strong>Offie.</strong></span> <span class='ocrx_word' id='word_1_9' title='bbox 291 462 301 481; x_wconf 88' lang='lat'>1</span> <span class='ocrx_word' id='word_1_10' title='bbox 312 461 356 482; x_wconf 83' lang='grc'><strong>11.</strong></span> 
     </span>
    </p>
   </div>
   <div class='ocr_carea' id='block_1_5' title="bbox 168 497 336 602">
    <p class='ocr_par' dir='ltr' id='par_1_5' title="bbox 168 497 336 602">
     <span class='ocr_line' id='line_1_6' title="bbox 169 497 333 525; baseline -0.012 0"><span class='ocrx_word' id='word_1_11' title='bbox 169 497 239 525; x_wconf 83' lang='grc' dir='ltr'><strong>5οη.</strong></span> <span class='ocrx_word' id='word_1_12' title='bbox 267 503 333 523; x_wconf 79' lang='grc'><strong>111.</strong></span> 
     </span>
     <span class='ocr_line' id='line_1_7' title="bbox 168 533 336 567; baseline 0.006 -2"><span class='ocrx_word' id='word_1_13' title='bbox 168 535 207 565; x_wconf 82' lang='lat' dir='ltr'><strong>de</strong></span> <span class='ocrx_word' id='word_1_14' title='bbox 226 533 336 567; x_wconf 72' lang='lat' dir='ltr'><strong>Renes.</strong></span> 
     </span>
     <span class='ocr_line' id='line_1_8' title="bbox 174 587 209 602; baseline 0.029 -1"><span class='ocrx_word' id='word_1_15' title='bbox 174 588 184 601; x_wconf 65' lang='grc' dir='ltr'><strong><em>Ξ</em></strong></span> <span class='ocrx_word' id='word_1_16' title='bbox 196 587 209 602; x_wconf 67' lang='lat'><strong>7</strong></span> 
     </span>
    </p>
   </div>
   <div class='ocr_carea' id='block_1_6' title="bbox 365 38 2100 154">
    <p class='ocr_par' dir='ltr' id='par_1_6' title="bbox 365 38 2100 154">
     <span class='ocr_line' id='line_1_9' title="bbox 365 38 2100 154; baseline -0.004 -19"><span class='ocrx_word' id='word_1_17' title='bbox 365 79 476 154; x_wconf 67' lang='lat'>4&#39;7‘0</span> <span class='ocrx_word' id='word_1_18' title='bbox 601 74 1018 138; x_wconf 75' lang='lat' dir='ltr'><strong>VALEnu</strong></span> <span class='ocrx_word' id='word_1_19' title='bbox 1094 38 2100 131; x_wconf 61' lang='lat' dir='ltr'><strong>MAX1M1L13.V.‹:A1›.W.</strong></span> 
     </span>
    </p>
   </div>
   <div class='ocr_carea' id='block_1_7' title="bbox 380 181 2387 331">
    <p class='ocr_par' dir='ltr' id='par_1_7' title="bbox 380 181 2387 331">
     <span class='ocr_line' id='line_1_10' title="bbox 380 181 1845 251; baseline -0.003 -18"><span class='ocrx_word' id='word_1_20' title='bbox 380 198 525 233; x_wconf 72' lang='lat' dir='ltr'><strong>satore</strong></span> <span class='ocrx_word' id='word_1_21' title='bbox 562 184 693 232; x_wconf 78' lang='lat' dir='ltr'><strong>simul</strong></span> <span class='ocrx_word' id='word_1_22' title='bbox 726 184 774 232; x_wconf 61' lang='grc' dir='ltr'><strong>ὃς</strong></span> <span class='ocrx_word' id='word_1_23' title='bbox 809 197 937 251; x_wconf 83' lang='lat' dir='ltr'><strong>patre</strong></span> <span class='ocrx_word' id='word_1_24' title='bbox 970 200 1027 232; x_wconf 84' lang='lat' dir='ltr'><strong>ex</strong></span> <span class='ocrx_word' id='word_1_25' title='bbox 1061 181 1153 248; x_wconf 82' lang='lat' dir='ltr'><strong>ipsa</strong></span> <span class='ocrx_word' id='word_1_26' title='bbox 1185 192 1337 229; x_wconf 85' lang='lat' dir='ltr'><strong>morte</strong></span> <span class='ocrx_word' id='word_1_27' title='bbox 1368 192 1499 244; x_wconf 86' lang='lat' dir='ltr'><strong>rapto</strong></span> <span class='ocrx_word' id='word_1_28' title='bbox 1520 214 1537 240; x_wconf 82' lang='lat'>‚</span> <span class='ocrx_word' id='word_1_29' title='bbox 1584 191 1845 228; x_wconf 88' lang='lat' dir='ltr'><strong>mereretur.</strong></span> 
     </span>
     <span class='ocr_line' id='line_1_11' title="bbox 442 259 2387 331; baseline 0.001 -20"><span class='ocrx_word' id='word_1_30' title='bbox 442 263 485 292; x_wconf 79' lang='lat'><strong>¹⁶</strong></span> <span class='ocrx_word' id='word_1_31' title='bbox 512 266 711 313; x_wconf 84' lang='lat' dir='ltr'><strong>Auribus</strong></span> <span class='ocrx_word' id='word_1_32' title='bbox 733 265 813 313; x_wconf 83' lang='lat' dir='ltr'><strong>ista</strong></span> <span class='ocrx_word' id='word_1_33' title='bbox 846 280 939 313; x_wconf 79' lang='lat' dir='ltr'><strong>tam</strong></span> <span class='ocrx_word' id='word_1_34' title='bbox 974 264 1197 331; x_wconf 81' lang='lat' dir='ltr'><strong>praeclara</strong></span> <span class='ocrx_word' id='word_1_35' title='bbox 1230 261 1440 326; x_wconf 84' lang='lat' dir='ltr'><strong>exempla</strong></span> <span class='ocrx_word' id='word_1_36' title='bbox 1471 263 1686 310; x_wconf 82' lang='lat' dir='ltr'><strong>Romana</strong></span> <span class='ocrx_word' id='word_1_37' title='bbox 1721 262 1879 311; x_wconf 76' lang='lat' dir='ltr'><strong>civitas</strong></span> <span class='ocrx_word' id='word_1_38' title='bbox 1912 261 2115 327; x_wconf 86' lang='lat' dir='ltr'><strong>accepit:</strong></span> <span class='ocrx_word' id='word_1_39' title='bbox 2163 259 2238 310; x_wconf 86' lang='lat' dir='ltr'><strong>illa</strong></span> <span class='ocrx_word' id='word_1_40' title='bbox 2271 263 2387 313; x_wconf 80' lang='lat' dir='ltr'><strong>vidit</strong></span> 
     </span>
    </p>
   </div>
   <div class='ocr_carea' id='block_1_8' title="bbox 381 341 539 389">
    <p class='ocr_par' dir='ltr' id='par_1_8' title="bbox 381 341 539 389">
     <span class='ocr_line' id='line_1_12' title="bbox 381 341 539 389; baseline 0.006 -2"><span class='ocrx_word' id='word_1_41' title='bbox 381 341 539 389; x_wconf 80' lang='lat' dir='ltr'><strong>oculis.</strong></span> 
     </span>
    </p>
   </div>
   <div class='ocr_carea' id='block_1_9' title="bbox 612 339 2388 407">
    <p class='ocr_par' dir='ltr' id='par_1_9' title="bbox 612 339 2388 407">
     <span class='ocr_line' id='line_1_13' title="bbox 612 339 2388 407; baseline 0 -17"><span class='ocrx_word' id='word_1_42' title='bbox 612 349 652 381; x_wconf 88' lang='lat'><strong>¹7</strong></span> <span class='ocrx_word' id='word_1_43' title='bbox 687 343 939 391; x_wconf 84' lang='lat' dir='ltr'><strong>L.Manlio</strong></span> <span class='ocrx_word' id='word_1_44' title='bbox 975 343 1221 405; x_wconf 84' lang='lat' dir='ltr'>Torquato</span> <span class='ocrx_word' id='word_1_45' title='bbox 1256 339 1377 387; x_wconf 88' lang='lat' dir='ltr'><strong>diem</strong></span> <span class='ocrx_word' id='word_1_46' title='bbox 1412 339 1468 388; x_wconf 83' lang='lat' dir='ltr'><strong>ad</strong></span> <span class='ocrx_word' id='word_1_47' title='bbox 1501 341 1729 406; x_wconf 89' lang='lat' dir='ltr'><strong>populum</strong></span> <span class='ocrx_word' id='word_1_48' title='bbox 1763 341 2047 404; x_wconf 84' lang='lat' dir='ltr'>Pomponius</span> <span class='ocrx_word' id='word_1_49' title='bbox 2081 339 2289 390; x_wconf 82' lang='lat' dir='ltr'><strong>tribunus</strong></span> <span class='ocrx_word' id='word_1_50' title='bbox 2324 343 2388 407; x_wconf 82' lang='lat' dir='ltr'><strong>pl.</strong></span> 
     </span>
    </p>
   </div>
   <div class='ocr_carea' id='block_1_10' title="bbox 380 413 2384 484">
    <p class='ocr_par' dir='ltr' id='par_1_10' title="bbox 380 413 2384 484">
     <span class='ocr_line' id='line_1_14' title="bbox 380 413 2384 484; baseline 0.002 -21"><span class='ocrx_word' id='word_1_51' title='bbox 380 416 553 464; x_wconf 77' lang='lat' dir='ltr'>dixerat</span> <span class='ocrx_word' id='word_1_52' title='bbox 578 451 593 477; x_wconf 84' lang='lat'>‚</span> <span class='ocrx_word' id='word_1_53' title='bbox 643 413 683 444; x_wconf 76' lang='lat'><strong>¹8</strong></span> <span class='ocrx_word' id='word_1_54' title='bbox 721 419 845 484; x_wconf 90' lang='lat' dir='ltr'><strong>quod</strong></span> <span class='ocrx_word' id='word_1_55' title='bbox 891 418 1131 467; x_wconf 83' lang='lat' dir='ltr'><strong>occasione</strong></span> <span class='ocrx_word' id='word_1_56' title='bbox 1173 419 1290 467; x_wconf 85' lang='lat' dir='ltr'><strong>bene</strong></span> <span class='ocrx_word' id='word_1_57' title='bbox 1332 417 1520 467; x_wconf 84' lang='lat' dir='ltr'><strong>finiendi</strong></span> <span class='ocrx_word' id='word_1_58' title='bbox 1569 425 1612 458; x_wconf 89' lang='lat'><strong>¹9</strong></span> <span class='ocrx_word' id='word_1_59' title='bbox 1655 418 1762 467; x_wconf 91' lang='lat' dir='ltr'><strong>belli</strong></span> <span class='ocrx_word' id='word_1_60' title='bbox 1797 417 1959 467; x_wconf 70' lang='lat' dir='ltr'><strong>duetus</strong></span> <span class='ocrx_word' id='word_1_61' title='bbox 1981 452 1997 480; x_wconf 86' lang='lat'>‚</span> <span class='ocrx_word' id='word_1_62' title='bbox 2042 426 2086 447; x_wconf 83' lang='lat'><strong>²0</strong></span> <span class='ocrx_word' id='word_1_63' title='bbox 2121 419 2384 484; x_wconf 84' lang='lat' dir='ltr'><strong>legitimum</strong></span> 
     </span>
    </p>
   </div>
   <div class='ocr_carea' id='block_1_11' title="bbox 383 639 1374 2825">
    <p class='ocr_par' dir='ltr' id='par_1_11' title="bbox 384 639 1356 1242">
     <span class='ocr_line' id='line_1_15' title="bbox 385 639 1355 695; baseline 0.006 -17"><span class='ocrx_word' id='word_1_64' title='bbox 385 639 495 678; x_wconf 78' lang='lat' dir='ltr'><strong>habet</strong></span> <span class='ocrx_word' id='word_1_65' title='bbox 512 644 719 694; x_wconf 78' lang='lat' dir='ltr'><strong>conspicuus,</strong></span> <span class='ocrx_word' id='word_1_66' title='bbox 743 645 780 682; x_wconf 85' lang='lat'>&amp;</span> <span class='ocrx_word' id='word_1_67' title='bbox 800 655 932 683; x_wconf 88' lang='lat' dir='ltr'><strong>omnes</strong></span> <span class='ocrx_word' id='word_1_68' title='bbox 960 646 1052 684; x_wconf 86' lang='lat' dir='ltr'><strong>item</strong></span> <span class='ocrx_word' id='word_1_69' title='bbox 1085 654 1228 684; x_wconf 81' lang='lat' dir='ltr'><strong>veteres</strong></span> <span class='ocrx_word' id='word_1_70' title='bbox 1256 647 1355 695; x_wconf 85' lang='lat' dir='ltr'><strong>typis</strong></span> 
     </span>
     <span class='ocr_line' id='line_1_16' title="bbox 387 693 1354 751; baseline 0.006 -22"><span class='ocrx_word' id='word_1_71' title='bbox 387 694 549 751; x_wconf 75' lang='lat' dir='ltr'><strong>expreffi.</strong></span> <span class='ocrx_word' id='word_1_72' title='bbox 603 693 780 732; x_wconf 76' lang='lat' dir='ltr'><strong>Ceterum</strong></span> <span class='ocrx_word' id='word_1_73' title='bbox 813 707 993 735; x_wconf 83' lang='lat' dir='ltr'><strong>coronam</strong></span> <span class='ocrx_word' id='word_1_74' title='bbox 1014 727 1025 741; x_wconf 89' lang='lat'><strong>,</strong></span> <span class='ocrx_word' id='word_1_75' title='bbox 1059 709 1173 747; x_wconf 87' lang='lat' dir='ltr'><strong>quam</strong></span> <span class='ocrx_word' id='word_1_76' title='bbox 1202 697 1354 747; x_wconf 78' lang='lat' dir='ltr'><strong>adeptus</strong></span> 
     </span>
     <span class='ocr_line' id='line_1_17' title="bbox 384 746 1355 798; baseline 0.007 -18"><span class='ocrx_word' id='word_1_77' title='bbox 384 748 509 798; x_wconf 55' lang='lat' dir='ltr'><strong>scipio</strong></span> <span class='ocrx_word' id='word_1_78' title='bbox 538 754 617 783; x_wconf 87' lang='lat' dir='ltr'><strong>tum</strong></span> <span class='ocrx_word' id='word_1_79' title='bbox 641 746 731 796; x_wconf 59' lang='lat' dir='ltr'><strong>tsuit,</strong></span> <span class='ocrx_word' id='word_1_80' title='bbox 759 756 908 795; x_wconf 88' lang='lat' dir='ltr'><strong>oportet</strong></span> <span class='ocrx_word' id='word_1_81' title='bbox 938 760 1118 798; x_wconf 83' lang='lat' dir='ltr'><strong>quernam</strong></span> <span class='ocrx_word' id='word_1_82' title='bbox 1148 746 1275 793; x_wconf 74' lang='lat' dir='ltr'><strong>fuisse,</strong></span> <span class='ocrx_word' id='word_1_83' title='bbox 1304 750 1355 786; x_wconf 86' lang='lat' dir='ltr'><strong>ci·</strong></span> 
     </span>
     <span class='ocr_line' id='line_1_18' title="bbox 386 797 1355 846; baseline 0.007 -16"><span class='ocrx_word' id='word_1_84' title='bbox 386 805 587 846; x_wconf 79' lang='lat' dir='ltr'><strong>vicamque</strong></span> <span class='ocrx_word' id='word_1_85' title='bbox 630 797 862 846; x_wconf 85' lang='lat' dir='ltr'><strong>appellatam.</strong></span> <span class='ocrx_word' id='word_1_86' title='bbox 918 800 1018 837; x_wconf 81' lang='lat' dir='ltr'><strong>Nam</strong></span> <span class='ocrx_word' id='word_1_87' title='bbox 1042 828 1051 843; x_wconf 95' lang='lat'><strong>,</strong></span> <span class='ocrx_word' id='word_1_88' title='bbox 1089 808 1129 837; x_wconf 83' lang='lat' dir='ltr'><strong>ut</strong></span> <span class='ocrx_word' id='word_1_89' title='bbox 1167 811 1211 837; x_wconf 86' lang='lat' dir='ltr'><strong>ex</strong></span> <span class='ocrx_word' id='word_1_90' title='bbox 1245 799 1355 838; x_wconf 89' lang='lat' dir='ltr'><strong>Gellii</strong></span> 
     </span>
     <span class='ocr_line' id='line_1_19' title="bbox 385 843 1355 901; baseline 0.007 -20"><span class='ocrx_word' id='word_1_91' title='bbox 385 843 408 881; x_wconf 90' lang='grc'><strong>1.</strong></span> <span class='ocrx_word' id='word_1_92' title='bbox 438 857 471 882; x_wconf 92' lang='lat' dir='ltr'><strong>v.</strong></span> <span class='ocrx_word' id='word_1_93' title='bbox 494 858 524 883; x_wconf 92' lang='lat' dir='ltr'><strong>c.</strong></span> <span class='ocrx_word' id='word_1_94' title='bbox 548 847 582 885; x_wconf 88' lang='lat'><strong>6.</strong></span> <span class='ocrx_word' id='word_1_95' title='bbox 610 849 774 893; x_wconf 81' lang='lat' dir='ltr'><strong>constat,</strong></span> <span class='ocrx_word' id='word_1_96' title='bbox 796 851 900 885; x_wconf 72' lang='lat' dir='ltr'><strong>civica</strong></span> <span class='ocrx_word' id='word_1_97' title='bbox 928 851 1134 895; x_wconf 78' lang='lat' dir='ltr'>dicebatur,</span> <span class='ocrx_word' id='word_1_98' title='bbox 1163 852 1202 888; x_wconf 87' lang='lat'>&amp;</span> <span class='ocrx_word' id='word_1_99' title='bbox 1230 865 1355 901; x_wconf 72' lang='lat' dir='ltr'><strong>querna</strong></span> 
     </span>
     <span class='ocr_line' id='line_1_20' title="bbox 387 899 1356 950; baseline 0.007 -18"><span class='ocrx_word' id='word_1_100' title='bbox 387 904 487 949; x_wconf 83' lang='lat' dir='ltr'><strong>erat,</strong></span> <span class='ocrx_word' id='word_1_101' title='bbox 515 909 627 946; x_wconf 85' lang='lat' dir='ltr'><strong>quam</strong></span> <span class='ocrx_word' id='word_1_102' title='bbox 650 899 737 936; x_wconf 87' lang='lat' dir='ltr'><strong>civis</strong></span> <span class='ocrx_word' id='word_1_103' title='bbox 756 900 828 936; x_wconf 87' lang='lat' dir='ltr'><strong>civi</strong></span> <span class='ocrx_word' id='word_1_104' title='bbox 848 900 867 938; x_wconf 72' lang='lat' dir='ltr'><strong>a</strong></span> <span class='ocrx_word' id='word_1_105' title='bbox 889 913 967 950; x_wconf 87' lang='lat' dir='ltr'><strong>quo</strong></span> <span class='ocrx_word' id='word_1_106' title='bbox 994 902 1154 939; x_wconf 82' lang='lat' dir='ltr'><strong>servatus</strong></span> <span class='ocrx_word' id='word_1_107' title='bbox 1183 902 1222 938; x_wconf 91' lang='grc'><strong>111</strong></span> <span class='ocrx_word' id='word_1_108' title='bbox 1246 914 1356 950; x_wconf 88' lang='lat' dir='ltr'><strong>proe-</strong></span> 
     </span>
     <span class='ocr_line' id='line_1_21' title="bbox 386 946 1356 1002; baseline 0.006 -19"><span class='ocrx_word' id='word_1_109' title='bbox 386 946 438 983; x_wconf 81' lang='lat' dir='ltr'><strong>lio</strong></span> <span class='ocrx_word' id='word_1_110' title='bbox 459 956 535 985; x_wconf 79' lang='lat' dir='ltr'><strong>erat</strong></span> <span class='ocrx_word' id='word_1_111' title='bbox 552 977 562 991; x_wconf 93' lang='lat'>‚</span> <span class='ocrx_word' id='word_1_112' title='bbox 590 949 718 986; x_wconf 86' lang='lat' dir='ltr'><strong>testem</strong></span> <span class='ocrx_word' id='word_1_113' title='bbox 740 950 835 987; x_wconf 80' lang='lat' dir='ltr'><strong>vitae</strong></span> <span class='ocrx_word' id='word_1_114' title='bbox 860 951 1051 1002; x_wconf 80' lang='lat' dir='ltr'><strong>salutisque</strong></span> <span class='ocrx_word' id='word_1_115' title='bbox 1076 960 1272 1000; x_wconf 75' lang='lat' dir='ltr'><strong>perceptae</strong></span> <span class='ocrx_word' id='word_1_116' title='bbox 1294 952 1356 990; x_wconf 87' lang='lat' dir='ltr'><strong>da-</strong></span> 
     </span>
     <span class='ocr_line' id='line_1_22' title="bbox 388 996 1356 1049; baseline 0.007 -16"><span class='ocrx_word' id='word_1_117' title='bbox 388 996 458 1034; x_wconf 84' lang='lat' dir='ltr'><strong>bat.</strong></span> <span class='ocrx_word' id='word_1_118' title='bbox 491 999 682 1038; x_wconf 77' lang='lat' dir='ltr'><strong>VORST.</strong></span> <span class='ocrx_word' id='word_1_119' title='bbox 703 1003 888 1049; x_wconf 75' lang='lat' dir='ltr'><strong>conspicuus</strong></span> <span class='ocrx_word' id='word_1_120' title='bbox 914 1003 1056 1040; x_wconf 85' lang='lat' dir='ltr'><strong>servant</strong></span> <span class='ocrx_word' id='word_1_121' title='bbox 1078 1003 1191 1040; x_wconf 83' lang='lat' dir='ltr'><strong>etiam</strong></span> <span class='ocrx_word' id='word_1_122' title='bbox 1222 1015 1356 1041; x_wconf 90' lang='lat' dir='ltr'><strong>omnes</strong></span> 
     </span>
     <span class='ocr_line' id='line_1_23' title="bbox 387 1048 1355 1100; baseline 0.008 -16"><span class='ocrx_word' id='word_1_123' title='bbox 387 1048 497 1086; x_wconf 81' lang='lat' dir='ltr'><strong>nostri</strong></span> <span class='ocrx_word' id='word_1_124' title='bbox 519 1050 627 1086; x_wconf 85' lang='lat' dir='ltr'><strong>MSS.</strong></span> <span class='ocrx_word' id='word_1_125' title='bbox 655 1052 764 1088; x_wconf 78' lang='lat' dir='ltr'><strong>etiam</strong></span> <span class='ocrx_word' id='word_1_126' title='bbox 785 1052 853 1088; x_wconf 90' lang='lat' dir='ltr'><strong>Ed.</strong></span> <span class='ocrx_word' id='word_1_127' title='bbox 876 1054 983 1100; x_wconf 82' lang='lat' dir='ltr'><strong>Mog.</strong></span> <span class='ocrx_word' id='word_1_128' title='bbox 1015 1053 1131 1091; x_wconf 70' lang='lat' dir='ltr'><strong>Reete</strong></span> <span class='ocrx_word' id='word_1_129' title='bbox 1150 1062 1297 1098; x_wconf 89' lang='lat' dir='ltr'><strong>autem,</strong></span> <span class='ocrx_word' id='word_1_130' title='bbox 1317 1055 1355 1092; x_wconf 88' lang='lat'>&amp;</span> 
     </span>
     <span class='ocr_line' id='line_1_24' title="bbox 389 1100 1352 1145; baseline 0.007 -11"><span class='ocrx_word' id='word_1_131' title='bbox 389 1100 649 1145; x_wconf 62' lang='lat' dir='ltr'><strong>Circumspefte</strong></span> <span class='ocrx_word' id='word_1_132' title='bbox 672 1129 681 1143; x_wconf 94' lang='lat'><strong><em>‚</em></strong></span> <span class='ocrx_word' id='word_1_133' title='bbox 718 1101 817 1139; x_wconf 82' lang='lat' dir='ltr'>addit</span> <span class='ocrx_word' id='word_1_134' title='bbox 845 1103 967 1140; x_wconf 79' lang='lat' dir='ltr'><strong>noster</strong></span> <span class='ocrx_word' id='word_1_135' title='bbox 996 1114 1173 1139; x_wconf 80' lang='lat' dir='ltr'><strong>mereretur</strong></span> <span class='ocrx_word' id='word_1_136' title='bbox 1191 1118 1352 1141; x_wconf 77' lang='lat' dir='ltr'><strong>coronam.</strong></span> 
     </span>
     <span class='ocr_line' id='line_1_25' title="bbox 387 1151 1352 1203; baseline 0.006 -17"><span class='ocrx_word' id='word_1_137' title='bbox 387 1151 580 1198; x_wconf 78' lang='lat' dir='ltr'>Quoniam</span> <span class='ocrx_word' id='word_1_138' title='bbox 603 1151 802 1189; x_wconf 85' lang='lat' dir='ltr'><strong>Africanus</strong></span> <span class='ocrx_word' id='word_1_139' title='bbox 824 1152 869 1190; x_wconf 90' lang='lat' dir='ltr'><strong>de</strong></span> <span class='ocrx_word' id='word_1_140' title='bbox 893 1162 992 1202; x_wconf 87' lang='lat' dir='ltr'><strong>patre</strong></span> <span class='ocrx_word' id='word_1_141' title='bbox 1016 1155 1182 1203; x_wconf 88' lang='lat' dir='ltr'><strong>accipere</strong></span> <span class='ocrx_word' id='word_1_142' title='bbox 1211 1154 1352 1199; x_wconf 85' lang='lat' dir='ltr'><strong>noluit,</strong></span> 
     </span>
     <span class='ocr_line' id='line_1_26' title="bbox 388 1200 1155 1242; baseline 0.007 -6"><span class='ocrx_word' id='word_1_143' title='bbox 388 1200 475 1237; x_wconf 82' lang='lat' dir='ltr'><strong>teste</strong></span> <span class='ocrx_word' id='word_1_144' title='bbox 492 1201 611 1239; x_wconf 88' lang='lat' dir='ltr'><strong>Plinio</strong></span> <span class='ocrx_word' id='word_1_145' title='bbox 629 1201 716 1239; x_wconf 87' lang='lat' dir='ltr'><strong>Ioco</strong></span> <span class='ocrx_word' id='word_1_146' title='bbox 737 1203 860 1242; x_wconf 88' lang='lat' dir='ltr'><strong>citato.</strong></span> <span class='ocrx_word' id='word_1_147' title='bbox 1150 1214 1155 1219; x_wconf 62' lang='lat'>‘</span> 
     </span>
    </p>

    <p class='ocr_par' dir='ltr' id='par_1_12' title="bbox 383 1254 1357 1645">
     <span class='ocr_line' id='line_1_27' title="bbox 439 1254 1354 1305; baseline 0.003 -16"><span class='ocrx_word' id='word_1_148' title='bbox 439 1264 495 1299; x_wconf 77' lang='lat'><strong>15.</strong></span> <span class='ocrx_word' id='word_1_149' title='bbox 523 1255 720 1301; x_wconf 77' lang='lat' dir='ltr'><strong>Imperatore</strong></span> <span class='ocrx_word' id='word_1_150' title='bbox 731 1254 835 1301; x_wconf 75' lang='lat' dir='ltr'><strong>simul</strong></span> <span class='ocrx_word' id='word_1_151' title='bbox 854 1262 1004 1303; x_wconf 61' lang='lat' dir='ltr'><strong>&amp;patre</strong></span> <span class='ocrx_word' id='word_1_152' title='bbox 1024 1270 1064 1292; x_wconf 84' lang='lat' dir='ltr'><strong>ex</strong></span> <span class='ocrx_word' id='word_1_153' title='bbox 1086 1257 1156 1305; x_wconf 71' lang='lat' dir='ltr'><strong>ipsa</strong></span> <span class='ocrx_word' id='word_1_154' title='bbox 1177 1266 1277 1292; x_wconf 77' lang='lat' dir='ltr'><strong>morte</strong></span> <span class='ocrx_word' id='word_1_155' title='bbox 1298 1270 1354 1292; x_wconf 85' lang='lat' dir='ltr'><strong>ra-</strong></span> 
     </span>
     <span class='ocr_line' id='line_1_28' title="bbox 383 1301 1354 1356; baseline 0.003 -17"><span class='ocrx_word' id='word_1_156' title='bbox 383 1301 460 1350; x_wconf 74' lang='lat' dir='ltr'><strong>pto]</strong></span> <span class='ocrx_word' id='word_1_157' title='bbox 490 1303 650 1352; x_wconf 81' lang='lat' dir='ltr'>Aliquot</span> <span class='ocrx_word' id='word_1_158' title='bbox 671 1305 778 1341; x_wconf 83' lang='lat' dir='ltr'><strong>MSS.</strong></span> <span class='ocrx_word' id='word_1_159' title='bbox 806 1308 939 1353; x_wconf 79' lang='lat' dir='ltr'><strong>Imperii</strong></span> <span class='ocrx_word' id='word_1_160' title='bbox 950 1307 1054 1352; x_wconf 69' lang='lat' dir='ltr'><strong>fimul</strong></span> <span class='ocrx_word' id='word_1_161' title='bbox 1072 1315 1241 1344; x_wconf 63' lang='lat' dir='ltr'><strong>&amp;nomen</strong></span> <span class='ocrx_word' id='word_1_162' title='bbox 1256 1316 1354 1356; x_wconf 78' lang='lat' dir='ltr'><strong>patre</strong></span> 
     </span>
     <span class='ocr_line' id='line_1_29' title="bbox 384 1355 1356 1404; baseline 0.007 -17"><span class='ocrx_word' id='word_1_163' title='bbox 384 1366 425 1386; x_wconf 72' lang='lat' dir='ltr'><strong>ex</strong></span> <span class='ocrx_word' id='word_1_164' title='bbox 447 1356 516 1401; x_wconf 78' lang='lat' dir='ltr'><strong>ipsa</strong></span> <span class='ocrx_word' id='word_1_165' title='bbox 539 1365 641 1390; x_wconf 82' lang='lat' dir='ltr'><strong>morte</strong></span> <span class='ocrx_word' id='word_1_166' title='bbox 660 1365 766 1402; x_wconf 82' lang='lat' dir='ltr'><strong>rapto.</strong></span> <span class='ocrx_word' id='word_1_167' title='bbox 793 1356 842 1393; x_wconf 88' lang='lat' dir='ltr'><strong>Et</strong></span> <span class='ocrx_word' id='word_1_168' title='bbox 863 1355 910 1392; x_wconf 84' lang='lat' dir='ltr'><strong>fic</strong></span> <span class='ocrx_word' id='word_1_169' title='bbox 932 1357 1040 1404; x_wconf 81' lang='lat' dir='ltr'><strong>MOg.</strong></span> <span class='ocrx_word' id='word_1_170' title='bbox 1053 1357 1120 1394; x_wconf 82' lang='lat' dir='ltr'><strong>Ed.</strong></span> <span class='ocrx_word' id='word_1_171' title='bbox 1134 1360 1223 1397; x_wconf 86' lang='lat' dir='ltr'><strong>Duo</strong></span> <span class='ocrx_word' id='word_1_172' title='bbox 1247 1357 1356 1395; x_wconf 82' lang='lat' dir='ltr'><strong>Leid.</strong></span> 
     </span>
     <span class='ocr_line' id='line_1_30' title="bbox 384 1405 1355 1455; baseline 0.006 -16"><span class='ocrx_word' id='word_1_173' title='bbox 384 1405 523 1451; x_wconf 80' lang='lat' dir='ltr'><strong>Imperio</strong></span> <span class='ocrx_word' id='word_1_174' title='bbox 535 1405 639 1451; x_wconf 81' lang='lat' dir='ltr'><strong>fimul</strong></span> <span class='ocrx_word' id='word_1_175' title='bbox 656 1413 700 1440; x_wconf 58' lang='lat' dir='ltr'><strong>ev*</strong></span> <span class='ocrx_word' id='word_1_176' title='bbox 717 1415 827 1455; x_wconf 75' lang='lat' dir='ltr'><strong>patre.</strong></span> <span class='ocrx_word' id='word_1_177' title='bbox 848 1406 961 1455; x_wconf 88' lang='lat' dir='ltr'><strong>Quafi</strong></span> <span class='ocrx_word' id='word_1_178' title='bbox 983 1407 1116 1445; x_wconf 86' lang='lat' dir='ltr'><strong>librarii</strong></span> <span class='ocrx_word' id='word_1_179' title='bbox 1147 1409 1355 1447; x_wconf 86' lang='lat' dir='ltr'><strong>caecutien-</strong></span> 
     </span>
     <span class='ocr_line' id='line_1_31' title="bbox 386 1455 1354 1506; baseline 0.007 -17"><span class='ocrx_word' id='word_1_180' title='bbox 386 1460 439 1490; x_wconf 87' lang='lat' dir='ltr'><strong>tes</strong></span> <span class='ocrx_word' id='word_1_181' title='bbox 458 1455 703 1493; x_wconf 80' lang='lat' dir='ltr'><strong>intellexerint</strong></span> <span class='ocrx_word' id='word_1_182' title='bbox 717 1485 726 1501; x_wconf 88' lang='lat'><strong>,</strong></span> <span class='ocrx_word' id='word_1_183' title='bbox 753 1457 867 1506; x_wconf 87' lang='lat' dir='ltr'><strong>ipsum</strong></span> <span class='ocrx_word' id='word_1_184' title='bbox 888 1456 993 1495; x_wconf 87' lang='lat' dir='ltr'><strong>fimul</strong></span> <span class='ocrx_word' id='word_1_185' title='bbox 1013 1473 1164 1497; x_wconf 76' lang='lat' dir='ltr'><strong>coronam</strong></span> <span class='ocrx_word' id='word_1_186' title='bbox 1184 1462 1221 1498; x_wconf 87' lang='lat'>&amp;</span> <span class='ocrx_word' id='word_1_187' title='bbox 1239 1474 1354 1496; x_wconf 80' lang='lat' dir='ltr'><strong>nomen</strong></span> 
     </span>
     <span class='ocr_line' id='line_1_32' title="bbox 384 1506 1356 1558; baseline 0.009 -19"><span class='ocrx_word' id='word_1_188' title='bbox 384 1506 512 1552; x_wconf 70' lang='lat' dir='ltr'><strong>imperiti</strong></span> <span class='ocrx_word' id='word_1_189' title='bbox 547 1506 741 1552; x_wconf 74' lang='lat' dir='ltr'><strong>meruisse,</strong></span> <span class='ocrx_word' id='word_1_190' title='bbox 773 1517 875 1556; x_wconf 80' lang='lat' dir='ltr'><strong>patre</strong></span> <span class='ocrx_word' id='word_1_191' title='bbox 905 1520 951 1546; x_wconf 87' lang='lat' dir='ltr'><strong>ex</strong></span> <span class='ocrx_word' id='word_1_192' title='bbox 980 1510 1052 1557; x_wconf 86' lang='lat' dir='ltr'><strong>ipsa</strong></span> <span class='ocrx_word' id='word_1_193' title='bbox 1084 1519 1207 1549; x_wconf 87' lang='lat' dir='ltr'><strong>morte</strong></span> <span class='ocrx_word' id='word_1_194' title='bbox 1238 1518 1356 1558; x_wconf 85' lang='lat' dir='ltr'><strong>rapto.</strong></span> 
     </span>
     <span class='ocr_line' id='line_1_33' title="bbox 386 1554 1357 1609; baseline 0.008 -18"><span class='ocrx_word' id='word_1_195' title='bbox 386 1554 493 1593; x_wconf 82' lang='lat' dir='ltr'><strong>Leid.</strong></span> <span class='ocrx_word' id='word_1_196' title='bbox 521 1557 607 1594; x_wconf 84' lang='lat' dir='ltr'><strong>sext.</strong></span> <span class='ocrx_word' id='word_1_197' title='bbox 633 1573 747 1595; x_wconf 78' lang='lat' dir='ltr'><strong>nomen</strong></span> <span class='ocrx_word' id='word_1_198' title='bbox 758 1562 903 1609; x_wconf 76' lang='lat' dir='ltr'><strong>patriae.</strong></span> <span class='ocrx_word' id='word_1_199' title='bbox 931 1560 1033 1597; x_wconf 83' lang='lat' dir='ltr'><strong>idem</strong></span> <span class='ocrx_word' id='word_1_200' title='bbox 1062 1562 1124 1608; x_wconf 75' lang='lat' dir='ltr'><strong>ista</strong></span> <span class='ocrx_word' id='word_1_201' title='bbox 1153 1560 1268 1605; x_wconf 57' lang='lat' dir='ltr'><strong>vidit,</strong></span> <span class='ocrx_word' id='word_1_202' title='bbox 1294 1561 1357 1599; x_wconf 77' lang='lat' dir='ltr'><strong>de-</strong></span> 
     </span>
     <span class='ocr_line' id='line_1_34' title="bbox 384 1605 608 1645; baseline 0.018 -4"><span class='ocrx_word' id='word_1_203' title='bbox 384 1605 462 1643; x_wconf 87' lang='lat' dir='ltr'><strong>leto</strong></span> <span class='ocrx_word' id='word_1_204' title='bbox 483 1607 608 1645; x_wconf 88' lang='lat' dir='ltr'><strong>oculis.</strong></span> 
     </span>
    </p>

    <p class='ocr_par' dir='ltr' id='par_1_13' title="bbox 388 1657 1358 1758">
     <span class='ocr_line' id='line_1_35' title="bbox 429 1657 1358 1712; baseline 0.006 -18"><span class='ocrx_word' id='word_1_205' title='bbox 429 1658 495 1712; x_wconf 28' lang='lat'><strong>¹16.</strong></span> <span class='ocrx_word' id='word_1_206' title='bbox 529 1657 699 1697; x_wconf 55' lang='lat' dir='ltr'><strong>,duribus</strong></span> <span class='ocrx_word' id='word_1_207' title='bbox 726 1658 806 1707; x_wconf 83' lang='lat' dir='ltr'><strong>ista]</strong></span> <span class='ocrx_word' id='word_1_208' title='bbox 847 1660 899 1696; x_wconf 84' lang='lat' dir='ltr'><strong>At</strong></span> <span class='ocrx_word' id='word_1_209' title='bbox 932 1661 976 1699; x_wconf 88' lang='lat' dir='ltr'><strong>de</strong></span> <span class='ocrx_word' id='word_1_210' title='bbox 998 1662 1203 1700; x_wconf 85' lang='lat' dir='ltr'><strong>Coriolano</strong></span> <span class='ocrx_word' id='word_1_211' title='bbox 1230 1661 1358 1700; x_wconf 82' lang='lat' dir='ltr'><strong>videre</strong></span> 
     </span>
     <span class='ocr_line' id='line_1_36' title="bbox 388 1709 924 1758; baseline 0.007 -15"><span class='ocrx_word' id='word_1_212' title='bbox 388 1714 498 1745; x_wconf 78' lang='lat' dir='ltr'><strong>etiam</strong></span> <span class='ocrx_word' id='word_1_213' title='bbox 522 1709 654 1758; x_wconf 87' lang='lat' dir='ltr'><strong>potuit.</strong></span> <span class='ocrx_word' id='word_1_214' title='bbox 681 1709 924 1747; x_wconf 86' lang='lat' dir='ltr'><strong>PERIZON.</strong></span> 
     </span>
    </p>

    <p class='ocr_par' dir='ltr' id='par_1_14' title="bbox 391 1759 1368 2064">
     <span class='ocr_line' id='line_1_37' title="bbox 443 1759 1360 1809; baseline 0.001 -13"><span class='ocrx_word' id='word_1_215' title='bbox 443 1771 498 1805; x_wconf 87' lang='lat'><strong>17.</strong></span> <span class='ocrx_word' id='word_1_216' title='bbox 525 1765 566 1796; x_wconf 86' lang='lat' dir='ltr'><strong>L.</strong></span> <span class='ocrx_word' id='word_1_217' title='bbox 596 1761 758 1796; x_wconf 79' lang='lat' dir='ltr'><strong>Manlius</strong></span> <span class='ocrx_word' id='word_1_218' title='bbox 781 1760 987 1809; x_wconf 70' lang='lat' dir='ltr'><em>Torquatus]</em></span> <span class='ocrx_word' id='word_1_219' title='bbox 1016 1761 1116 1808; x_wconf 81' lang='lat' dir='ltr'><strong>Quia</strong></span> <span class='ocrx_word' id='word_1_220' title='bbox 1149 1759 1195 1798; x_wconf 77' lang='lat' dir='ltr'><strong>de</strong></span> <span class='ocrx_word' id='word_1_221' title='bbox 1224 1761 1360 1809; x_wconf 77' lang='lat' dir='ltr'><strong>pietate</strong></span> 
     </span>
     <span class='ocr_line' id='line_1_38' title="bbox 391 1808 1362 1859; baseline 0.003 -14"><span class='ocrx_word' id='word_1_222' title='bbox 391 1808 554 1848; x_wconf 84' lang='lat' dir='ltr'><strong>filiorum</strong></span> <span class='ocrx_word' id='word_1_223' title='bbox 582 1822 668 1859; x_wconf 86' lang='lat' dir='ltr'><strong>erga</strong></span> <span class='ocrx_word' id='word_1_224' title='bbox 696 1819 864 1859; x_wconf 84' lang='lat' dir='ltr'><strong>parentes</strong></span> <span class='ocrx_word' id='word_1_225' title='bbox 889 1811 949 1848; x_wconf 86' lang='lat' dir='ltr'><strong>hic</strong></span> <span class='ocrx_word' id='word_1_226' title='bbox 980 1811 1105 1849; x_wconf 84' lang='lat' dir='ltr'><strong>titulus</strong></span> <span class='ocrx_word' id='word_1_227' title='bbox 1135 1811 1180 1848; x_wconf 84' lang='lat' dir='ltr'><strong>ab</strong></span> <span class='ocrx_word' id='word_1_228' title='bbox 1210 1810 1362 1848; x_wconf 66' lang='lat' dir='ltr'><strong>auetore</strong></span> 
     </span>
     <span class='ocr_line' id='line_1_39' title="bbox 398 1859 1363 1910; baseline 0.003 -14"><span class='ocrx_word' id='word_1_229' title='bbox 398 1859 575 1899; x_wconf 82' lang='lat' dir='ltr'><strong>institutus</strong></span> <span class='ocrx_word' id='word_1_230' title='bbox 596 1862 666 1905; x_wconf 92' lang='lat' dir='ltr'><strong>est,</strong></span> <span class='ocrx_word' id='word_1_231' title='bbox 694 1864 729 1896; x_wconf 93' lang='lat' dir='ltr'><em>T</em></span> <span class='ocrx_word' id='word_1_232' title='bbox 750 1873 818 1910; x_wconf 92' lang='lat' dir='ltr'><strong>pro</strong></span> <span class='ocrx_word' id='word_1_233' title='bbox 838 1866 868 1909; x_wconf 64' lang='lat' dir='ltr'><em>L</em></span> <span class='ocrx_word' id='word_1_234' title='bbox 895 1861 1093 1910; x_wconf 87' lang='lat' dir='ltr'><strong>legendum</strong></span> <span class='ocrx_word' id='word_1_235' title='bbox 1111 1888 1120 1904; x_wconf 94' lang='lat'><strong>,</strong></span> <span class='ocrx_word' id='word_1_236' title='bbox 1147 1860 1271 1899; x_wconf 83' lang='lat' dir='ltr'><strong>saltem</strong></span> <span class='ocrx_word' id='word_1_237' title='bbox 1294 1873 1363 1910; x_wconf 92' lang='lat' dir='ltr'><strong>pro</strong></span> 
     </span>
     <span class='ocr_line' id='line_1_40' title="bbox 399 1912 1367 1961; baseline 0.002 -14"><span class='ocrx_word' id='word_1_238' title='bbox 399 1913 559 1961; x_wconf 84' lang='lat' dir='ltr'><strong>exempli</strong></span> <span class='ocrx_word' id='word_1_239' title='bbox 581 1912 816 1960; x_wconf 79' lang='lat' dir='ltr'><strong>inscriptione</strong></span> <span class='ocrx_word' id='word_1_240' title='bbox 836 1919 940 1961; x_wconf 87' lang='lat' dir='ltr'><strong>puto.</strong></span> <span class='ocrx_word' id='word_1_241' title='bbox 993 1914 1045 1951; x_wconf 83' lang='lat' dir='ltr'><strong>At</strong></span> <span class='ocrx_word' id='word_1_242' title='bbox 1066 1912 1175 1950; x_wconf 88' lang='lat' dir='ltr'><strong>initio</strong></span> <span class='ocrx_word' id='word_1_243' title='bbox 1203 1912 1367 1960; x_wconf 82' lang='lat' dir='ltr'><strong>exempli</strong></span> 
     </span>
     <span class='ocr_line' id='line_1_41' title="bbox 398 1963 1368 2012; baseline 0.003 -15"><span class='ocrx_word' id='word_1_244' title='bbox 398 1965 441 2001; x_wconf 71' lang='lat' dir='ltr'><strong>L.</strong></span> <span class='ocrx_word' id='word_1_245' title='bbox 472 1964 608 1999; x_wconf 74' lang='lat' dir='ltr'><strong>Manlio</strong></span> <span class='ocrx_word' id='word_1_246' title='bbox 637 1965 807 2012; x_wconf 75' lang='lat' dir='ltr'><strong>Imperiofh</strong></span> <span class='ocrx_word' id='word_1_247' title='bbox 835 1963 1061 2012; x_wconf 84' lang='lat' dir='ltr'><strong>legendum,</strong></span> <span class='ocrx_word' id='word_1_248' title='bbox 1089 1975 1166 2000; x_wconf 92' lang='lat' dir='ltr'><strong>non</strong></span> <span class='ocrx_word' id='word_1_249' title='bbox 1188 1967 1229 2000; x_wconf 89' lang='lat' dir='ltr'><strong>L.</strong></span> <span class='ocrx_word' id='word_1_250' title='bbox 1258 1968 1368 2000; x_wconf 77' lang='lat' dir='ltr'><strong>Man-</strong></span> 
     </span>
     <span class='ocr_line' id='line_1_42' title="bbox 398 2013 1368 2064; baseline 0.006 -18"><span class='ocrx_word' id='word_1_251' title='bbox 398 2013 444 2047; x_wconf 76' lang='lat' dir='ltr'><strong>lio</strong></span> <span class='ocrx_word' id='word_1_252' title='bbox 465 2016 642 2064; x_wconf 75' lang='lat' dir='ltr'><em>Torquato.</em></span> <span class='ocrx_word' id='word_1_253' title='bbox 694 2014 776 2051; x_wconf 89' lang='lat' dir='ltr'><strong>Fuit</strong></span> <span class='ocrx_word' id='word_1_254' title='bbox 798 2021 860 2055; x_wconf 71' lang='lat' dir='ltr'><strong>&lt;A-</strong></span> <span class='ocrx_word' id='word_1_255' title='bbox 886 2017 1049 2050; x_wconf 67' lang='lat' dir='ltr'><strong>Manlius</strong></span> <span class='ocrx_word' id='word_1_256' title='bbox 1076 2013 1264 2052; x_wconf 86' lang='lat' dir='ltr'><strong>Tribunus</strong></span> <span class='ocrx_word' id='word_1_257' title='bbox 1291 2014 1368 2052; x_wconf 85' lang='lat' dir='ltr'><strong>mil.</strong></span> 
     </span>
    </p>

    <p class='ocr_par' dir='ltr' id='par_1_15' title="bbox 403 2063 1374 2825">
     <span class='ocr_line' id='line_1_43' title="bbox 406 2063 1370 2114; baseline 0.004 -15"><span class='ocrx_word' id='word_1_258' title='bbox 406 2074 479 2100; x_wconf 83' lang='lat' dir='ltr'><strong>cos.</strong></span> <span class='ocrx_word' id='word_1_259' title='bbox 500 2065 677 2112; x_wconf 86' lang='lat' dir='ltr'><strong>potestate</strong></span> <span class='ocrx_word' id='word_1_260' title='bbox 708 2076 807 2102; x_wconf 88' lang='lat' dir='ltr'><strong>anno</strong></span> <span class='ocrx_word' id='word_1_261' title='bbox 839 2063 884 2103; x_wconf 86' lang='lat' dir='ltr'><strong>ab</strong></span> <span class='ocrx_word' id='word_1_262' title='bbox 918 2066 968 2102; x_wconf 95' lang='lat' dir='ltr'><strong>U.</strong></span> <span class='ocrx_word' id='word_1_263' title='bbox 997 2066 1041 2103; x_wconf 80' lang='lat' dir='ltr'><strong>C..</strong></span> <span class='ocrx_word' id='word_1_264' title='bbox 1076 2065 1158 2114; x_wconf 79' lang='lat'><strong>384.</strong></span> <span class='ocrx_word' id='word_1_265' title='bbox 1193 2065 1301 2114; x_wconf 85' lang='lat' dir='ltr'><strong>hujus</strong></span> <span class='ocrx_word' id='word_1_266' title='bbox 1328 2065 1370 2103; x_wconf 88' lang='lat' dir='ltr'><strong>fi-</strong></span> 
     </span>
     <span class='ocr_line' id='line_1_44' title="bbox 403 2113 1367 2165; baseline 0.003 -15"><span class='ocrx_word' id='word_1_267' title='bbox 403 2113 472 2151; x_wconf 85' lang='lat' dir='ltr'><strong>lius</strong></span> <span class='ocrx_word' id='word_1_268' title='bbox 490 2120 530 2151; x_wconf 85' lang='lat' dir='ltr'><strong>L.</strong></span> <span class='ocrx_word' id='word_1_269' title='bbox 558 2117 742 2160; x_wconf 81' lang='lat' dir='ltr'><strong>Manlius,</strong></span> <span class='ocrx_word' id='word_1_270' title='bbox 769 2116 833 2165; x_wconf 87' lang='lat' dir='ltr'><strong>qui</strong></span> <span class='ocrx_word' id='word_1_271' title='bbox 861 2115 905 2153; x_wconf 85' lang='lat' dir='ltr'><strong>fit</strong></span> <span class='ocrx_word' id='word_1_272' title='bbox 927 2115 1099 2153; x_wconf 66' lang='lat' dir='ltr'><strong>Dietator</strong></span> <span class='ocrx_word' id='word_1_273' title='bbox 1128 2127 1227 2153; x_wconf 83' lang='lat' dir='ltr'><strong>anno</strong></span> <span class='ocrx_word' id='word_1_274' title='bbox 1255 2115 1299 2153; x_wconf 83' lang='lat' dir='ltr'><strong>ab</strong></span> <span class='ocrx_word' id='word_1_275' title='bbox 1318 2118 1367 2154; x_wconf 86' lang='lat' dir='ltr'><strong>U.</strong></span> 
     </span>
     <span class='ocr_line' id='line_1_45' title="bbox 409 2165 1369 2216; baseline 0.005 -16"><span class='ocrx_word' id='word_1_276' title='bbox 409 2165 452 2201; x_wconf 88' lang='lat' dir='ltr'><strong>C.</strong></span> <span class='ocrx_word' id='word_1_277' title='bbox 474 2177 557 2214; x_wconf 82' lang='lat'><strong>392.</strong></span> <span class='ocrx_word' id='word_1_278' title='bbox 585 2167 721 2211; x_wconf 91' lang='lat' dir='ltr'><strong>Hunc,</strong></span> <span class='ocrx_word' id='word_1_279' title='bbox 740 2167 891 2216; x_wconf 83' lang='lat' dir='ltr'><strong>inquam</strong></span> <span class='ocrx_word' id='word_1_280' title='bbox 914 2167 967 2204; x_wconf 66' lang='lat' dir='ltr'><strong>L.</strong></span> <span class='ocrx_word' id='word_1_281' title='bbox 982 2166 1166 2205; x_wconf 84' lang='lat' dir='ltr'><strong>Manlium</strong></span> <span class='ocrx_word' id='word_1_282' title='bbox 1189 2167 1369 2215; x_wconf 88' lang='lat' dir='ltr'><strong>Imperio-</strong></span> 
     </span>
     <span class='ocr_line' id='line_1_46' title="bbox 407 2214 1367 2262; baseline 0.003 -10"><span class='ocrx_word' id='word_1_283' title='bbox 407 2214 485 2252; x_wconf 81' lang='lat' dir='ltr'><strong>sum</strong></span> <span class='ocrx_word' id='word_1_284' title='bbox 515 2217 651 2254; x_wconf 63' lang='lat' dir='ltr'><strong>dietum</strong></span> <span class='ocrx_word' id='word_1_285' title='bbox 677 2246 687 2262; x_wconf 93' lang='lat'><strong>,</strong></span> <span class='ocrx_word' id='word_1_286' title='bbox 724 2218 855 2255; x_wconf 85' lang='lat' dir='ltr'><strong>Livius</strong></span> <span class='ocrx_word' id='word_1_287' title='bbox 891 2216 1017 2255; x_wconf 78' lang='lat' dir='ltr'><strong>asserit.</strong></span> <span class='ocrx_word' id='word_1_288' title='bbox 1069 2218 1183 2255; x_wconf 87' lang='lat' dir='ltr'><strong>Patris</strong></span> <span class='ocrx_word' id='word_1_289' title='bbox 1221 2218 1367 2256; x_wconf 84' lang='lat' dir='ltr'><strong>titulum</strong></span> 
     </span>
     <span class='ocr_line' id='line_1_47' title="bbox 408 2267 1370 2316; baseline 0.004 -14"><span class='ocrx_word' id='word_1_290' title='bbox 408 2277 487 2303; x_wconf 85' lang='lat' dir='ltr'><strong>non</strong></span> <span class='ocrx_word' id='word_1_291' title='bbox 509 2267 710 2305; x_wconf 79' lang='lat' dir='ltr'><strong>admodum</strong></span> <span class='ocrx_word' id='word_1_292' title='bbox 738 2268 982 2316; x_wconf 76' lang='lat' dir='ltr'><strong>plausibilem,</strong></span> <span class='ocrx_word' id='word_1_293' title='bbox 1013 2267 1156 2306; x_wconf 89' lang='lat' dir='ltr'><strong>filiusne</strong></span> <span class='ocrx_word' id='word_1_294' title='bbox 1175 2268 1286 2306; x_wconf 84' lang='lat' dir='ltr'><strong>Titus</strong></span> <span class='ocrx_word' id='word_1_295' title='bbox 1304 2269 1370 2307; x_wconf 85' lang='lat' dir='ltr'><strong>ha-</strong></span> 
     </span>
     <span class='ocr_line' id='line_1_48' title="bbox 409 2316 1371 2368; baseline 0.005 -15"><span class='ocrx_word' id='word_1_296' title='bbox 409 2316 548 2361; x_wconf 84' lang='lat' dir='ltr'><strong>buerit,</strong></span> <span class='ocrx_word' id='word_1_297' title='bbox 573 2319 673 2355; x_wconf 86' lang='lat' dir='ltr'><strong>haud</strong></span> <span class='ocrx_word' id='word_1_298' title='bbox 693 2319 867 2367; x_wconf 85' lang='lat' dir='ltr'><strong>equidem</strong></span> <span class='ocrx_word' id='word_1_299' title='bbox 886 2320 973 2357; x_wconf 86' lang='lat' dir='ltr'><strong>scire</strong></span> <span class='ocrx_word' id='word_1_300' title='bbox 994 2318 1152 2368; x_wconf 81' lang='lat' dir='ltr'><strong>possum.</strong></span> <span class='ocrx_word' id='word_1_301' title='bbox 1190 2319 1268 2367; x_wconf 89' lang='lat' dir='ltr'><strong>Ipse</strong></span> <span class='ocrx_word' id='word_1_302' title='bbox 1286 2319 1371 2358; x_wconf 85' lang='lat' dir='ltr'><strong>her-</strong></span> 
     </span>
     <span class='ocr_line' id='line_1_49' title="bbox 411 2367 1370 2419; baseline 0.005 -15"><span class='ocrx_word' id='word_1_303' title='bbox 411 2367 465 2404; x_wconf 82' lang='lat' dir='ltr'><strong>cle</strong></span> <span class='ocrx_word' id='word_1_304' title='bbox 486 2367 576 2405; x_wconf 88' lang='lat' dir='ltr'><strong>filius</strong></span> <span class='ocrx_word' id='word_1_305' title='bbox 598 2369 814 2417; x_wconf 82' lang='lat' dir='ltr'><strong>Torquatus</strong></span> <span class='ocrx_word' id='word_1_306' title='bbox 838 2369 953 2408; x_wconf 65' lang='lat' dir='ltr'><strong>dietus</strong></span> <span class='ocrx_word' id='word_1_307' title='bbox 971 2383 991 2408; x_wconf 87' lang='lat' dir='ltr'><strong>a</strong></span> <span class='ocrx_word' id='word_1_308' title='bbox 1012 2379 1147 2419; x_wconf 89' lang='lat' dir='ltr'><strong>torque</strong></span> <span class='ocrx_word' id='word_1_309' title='bbox 1169 2370 1277 2408; x_wconf 79' lang='lat' dir='ltr'><strong>Gallo</strong></span> <span class='ocrx_word' id='word_1_310' title='bbox 1307 2371 1370 2409; x_wconf 90' lang='lat' dir='ltr'><strong>de·</strong></span> 
     </span>
     <span class='ocr_line' id='line_1_50' title="bbox 411 2418 1370 2469; baseline 0.004 -14"><span class='ocrx_word' id='word_1_311' title='bbox 411 2418 551 2463; x_wconf 62' lang='lat' dir='ltr'><strong>trano,</strong></span> <span class='ocrx_word' id='word_1_312' title='bbox 578 2431 692 2469; x_wconf 89' lang='lat' dir='ltr'><strong>quem</strong></span> <span class='ocrx_word' id='word_1_313' title='bbox 718 2429 940 2466; x_wconf 80' lang='lat' dir='ltr'><strong>provocatus</strong></span> <span class='ocrx_word' id='word_1_314' title='bbox 970 2421 1135 2468; x_wconf 72' lang='lat' dir='ltr'><strong>singulari</strong></span> <span class='ocrx_word' id='word_1_315' title='bbox 1167 2422 1370 2460; x_wconf 73' lang='lat' dir='ltr'><strong>certamine</strong></span> 
     </span>
     <span class='ocr_line' id='line_1_51' title="bbox 414 2470 1369 2517; baseline 0.005 -13"><span class='ocrx_word' id='word_1_316' title='bbox 414 2470 562 2507; x_wconf 64' lang='lat' dir='ltr'><strong>vicerat.</strong></span> <span class='ocrx_word' id='word_1_317' title='bbox 613 2470 780 2509; x_wconf 89' lang='lat' dir='ltr'><strong>Valerius</strong></span> <span class='ocrx_word' id='word_1_318' title='bbox 801 2478 925 2507; x_wconf 89' lang='lat' dir='ltr'><strong>autem</strong></span> <span class='ocrx_word' id='word_1_319' title='bbox 957 2470 1038 2517; x_wconf 78' lang='lat' dir='ltr'><strong>(nisi</strong></span> <span class='ocrx_word' id='word_1_320' title='bbox 1058 2471 1204 2508; x_wconf 89' lang='lat' dir='ltr'><strong>codices</strong></span> <span class='ocrx_word' id='word_1_321' title='bbox 1223 2471 1369 2516; x_wconf 84' lang='lat' dir='ltr'><strong>fallant,</strong></span> 
     </span>
     <span class='ocr_line' id='line_1_52' title="bbox 413 2520 1372 2570; baseline 0.003 -13"><span class='ocrx_word' id='word_1_322' title='bbox 413 2520 517 2569; x_wconf 84' lang='lat' dir='ltr'><strong>quod</strong></span> <span class='ocrx_word' id='word_1_323' title='bbox 539 2520 713 2570; x_wconf 84' lang='lat' dir='ltr'><strong>equidem</strong></span> <span class='ocrx_word' id='word_1_324' title='bbox 732 2521 850 2569; x_wconf 85' lang='lat' dir='ltr'><strong>puto)</strong></span> <span class='ocrx_word' id='word_1_325' title='bbox 879 2521 1029 2568; x_wconf 85' lang='lat' dir='ltr'><strong>perinde</strong></span> <span class='ocrx_word' id='word_1_326' title='bbox 1055 2529 1166 2569; x_wconf 88' lang='lat' dir='ltr'><strong>atque</strong></span> <span class='ocrx_word' id='word_1_327' title='bbox 1196 2529 1297 2569; x_wconf 86' lang='lat' dir='ltr'><strong>pater</strong></span> <span class='ocrx_word' id='word_1_328' title='bbox 1319 2531 1372 2560; x_wconf 89' lang='lat' dir='ltr'><strong>et-</strong></span> 
     </span>
     <span class='ocr_line' id='line_1_53' title="bbox 413 2570 1373 2622; baseline 0.002 -14"><span class='ocrx_word' id='word_1_329' title='bbox 413 2573 487 2609; x_wconf 76' lang='lat' dir='ltr'><strong>iam</strong></span> <span class='ocrx_word' id='word_1_330' title='bbox 511 2572 727 2622; x_wconf 83' lang='lat' dir='ltr'><strong>Torquatus</strong></span> <span class='ocrx_word' id='word_1_331' title='bbox 753 2570 868 2609; x_wconf 63' lang='lat' dir='ltr'><strong>dietus</strong></span> <span class='ocrx_word' id='word_1_332' title='bbox 896 2571 1027 2614; x_wconf 88' lang='lat' dir='ltr'><strong>fuerit,</strong></span> <span class='ocrx_word' id='word_1_333' title='bbox 1054 2571 1181 2608; x_wconf 78' lang='lat' dir='ltr'><strong>recitat</strong></span> <span class='ocrx_word' id='word_1_334' title='bbox 1207 2572 1281 2609; x_wconf 88' lang='lat' dir='ltr'><strong>hoc</strong></span> <span class='ocrx_word' id='word_1_335' title='bbox 1310 2584 1373 2610; x_wconf 74' lang='lat' dir='ltr'><strong>ex-</strong></span> 
     </span>
     <span class='ocr_line' id='line_1_54' title="bbox 413 2620 1373 2672; baseline 0.003 -14"><span class='ocrx_word' id='word_1_336' title='bbox 413 2623 592 2671; x_wconf 69' lang='lat' dir='ltr'><strong>emplum.</strong></span> <span class='ocrx_word' id='word_1_337' title='bbox 644 2621 762 2672; x_wconf 89' lang='lat' dir='ltr'><strong>Quod</strong></span> <span class='ocrx_word' id='word_1_338' title='bbox 794 2633 916 2671; x_wconf 89' lang='lat' dir='ltr'><strong>neque</strong></span> <span class='ocrx_word' id='word_1_339' title='bbox 954 2622 1082 2658; x_wconf 84' lang='lat' dir='ltr'><strong>Livius</strong></span> <span class='ocrx_word' id='word_1_340' title='bbox 1124 2620 1205 2658; x_wconf 88' lang='lat' dir='ltr'><strong>Lib.</strong></span> <span class='ocrx_word' id='word_1_341' title='bbox 1232 2635 1302 2659; x_wconf 81' lang='lat' dir='ltr'><strong>vn.</strong></span> <span class='ocrx_word' id='word_1_342' title='bbox 1329 2624 1373 2661; x_wconf 90' lang='lat' dir='ltr'><strong>ab</strong></span> 
     </span>
     <span class='ocr_line' id='line_1_55' title="bbox 418 2672 1373 2724; baseline 0 -13"><span class='ocrx_word' id='word_1_343' title='bbox 418 2676 464 2711; x_wconf 92' lang='lat' dir='ltr'><strong>U.</strong></span> <span class='ocrx_word' id='word_1_344' title='bbox 485 2675 527 2711; x_wconf 92' lang='lat' dir='ltr'><strong>C.</strong></span> <span class='ocrx_word' id='word_1_345' title='bbox 554 2686 678 2724; x_wconf 88' lang='lat' dir='ltr'><strong>neque</strong></span> <span class='ocrx_word' id='word_1_346' title='bbox 697 2674 832 2711; x_wconf 88' lang='lat' dir='ltr'><strong>Cicero</strong></span> <span class='ocrx_word' id='word_1_347' title='bbox 851 2673 961 2710; x_wconf 83' lang='lat' dir='ltr'><strong>tertio</strong></span> <span class='ocrx_word' id='word_1_348' title='bbox 982 2672 1205 2711; x_wconf 86' lang='lat' dir='ltr'><strong>Officiorum</strong></span> <span class='ocrx_word' id='word_1_349' title='bbox 1224 2684 1373 2711; x_wconf 89' lang='lat' dir='ltr'><strong>memo-</strong></span> 
     </span>
     <span class='ocr_line' id='line_1_56' title="bbox 414 2721 1373 2773; baseline 0.001 -12"><span class='ocrx_word' id='word_1_350' title='bbox 414 2726 487 2761; x_wconf 79' lang='lat' dir='ltr'><strong>riae</strong></span> <span class='ocrx_word' id='word_1_351' title='bbox 505 2725 765 2773; x_wconf 86' lang='lat' dir='ltr'><strong>prodiderunt:</strong></span> <span class='ocrx_word' id='word_1_352' title='bbox 793 2735 1028 2773; x_wconf 79' lang='lat' dir='ltr'><strong>nequaquam</strong></span> <span class='ocrx_word' id='word_1_353' title='bbox 1047 2721 1208 2760; x_wconf 80' lang='lat' dir='ltr'><strong>omissuri</strong></span> <span class='ocrx_word' id='word_1_354' title='bbox 1232 2735 1373 2772; x_wconf 86' lang='lat' dir='ltr'><strong>cogno-</strong></span> 
     </span>
     <span class='ocr_line' id='line_1_57' title="bbox 415 2773 1374 2825; baseline 0.001 -14"><span class='ocrx_word' id='word_1_355' title='bbox 415 2776 514 2812; x_wconf 77' lang='lat' dir='ltr'><strong>mina</strong></span> <span class='ocrx_word' id='word_1_356' title='bbox 528 2804 538 2819; x_wconf 95' lang='lat'><strong>,</strong></span> <span class='ocrx_word' id='word_1_357' title='bbox 567 2775 746 2825; x_wconf 85' lang='lat' dir='ltr'><strong>siquidem</strong></span> <span class='ocrx_word' id='word_1_358' title='bbox 766 2775 814 2813; x_wconf 82' lang='lat' dir='ltr'><strong>ita</strong></span> <span class='ocrx_word' id='word_1_359' title='bbox 836 2773 957 2813; x_wconf 83' lang='lat' dir='ltr'><strong>effent.</strong></span> <span class='ocrx_word' id='word_1_360' title='bbox 988 2776 1227 2823; x_wconf 86' lang='lat' dir='ltr'><strong>Quapropter</strong></span> <span class='ocrx_word' id='word_1_361' title='bbox 1243 2775 1281 2811; x_wconf 91' lang='lat' dir='ltr'><strong>in</strong></span> <span class='ocrx_word' id='word_1_362' title='bbox 1300 2775 1374 2812; x_wconf 89' lang='grc'><strong>1100</strong></span> 
     </span>
    </p>
   </div>
   <div class='ocr_carea' id='block_1_12' title="bbox 2263 500 2386 549">
    <p class='ocr_par' dir='ltr' id='par_1_16' title="bbox 2263 500 2386 549">
     <span class='ocr_line' id='line_1_58' title="bbox 2263 500 2386 549; baseline 0 0"><span class='ocrx_word' id='word_1_363' title='bbox 2263 500 2386 549; x_wconf 87' lang='lat' dir='ltr'><strong>obti-</strong></span> 
     </span>
    </p>
   </div>
   <div class='ocr_carea' id='block_1_13' title="bbox 1404 643 2393 2828">
    <p class='ocr_par' dir='ltr' id='par_1_17' title="bbox 1404 643 2393 2828">
     <span class='ocr_line' id='line_1_59' title="bbox 1408 643 2385 694; baseline 0 -11"><span class='ocrx_word' id='word_1_364' title='bbox 1408 643 1600 694; x_wconf 87' lang='lat' dir='ltr'><strong>Torquati</strong></span> <span class='ocrx_word' id='word_1_365' title='bbox 1622 654 1860 693; x_wconf 86' lang='lat' dir='ltr'><strong>cognomen,</strong></span> <span class='ocrx_word' id='word_1_366' title='bbox 1878 643 1982 693; x_wconf 88' lang='lat' dir='ltr'><strong>quod</strong></span> <span class='ocrx_word' id='word_1_367' title='bbox 2000 655 2194 694; x_wconf 89' lang='lat' dir='ltr'><strong>nunquam</strong></span> <span class='ocrx_word' id='word_1_368' title='bbox 2216 645 2385 684; x_wconf 79' lang='lat' dir='ltr'><strong>L.Man=</strong></span> 
     </span>
     <span class='ocr_line' id='line_1_60' title="bbox 1404 694 2385 744; baseline 0 -11"><span class='ocrx_word' id='word_1_369' title='bbox 1404 695 1443 733; x_wconf 89' lang='lat' dir='ltr'><strong>lii</strong></span> <span class='ocrx_word' id='word_1_370' title='bbox 1474 696 1564 740; x_wconf 88' lang='lat' dir='ltr'><strong>fuit,</strong></span> <span class='ocrx_word' id='word_1_371' title='bbox 1599 696 1663 744; x_wconf 89' lang='lat' dir='ltr'><strong>qui</strong></span> <span class='ocrx_word' id='word_1_372' title='bbox 1684 694 1917 744; x_wconf 81' lang='lat' dir='ltr'><strong>Capitolinus</strong></span> <span class='ocrx_word' id='word_1_373' title='bbox 1948 695 1987 732; x_wconf 73' lang='grc' dir='ltr'><strong>δε</strong></span> <span class='ocrx_word' id='word_1_374' title='bbox 2007 694 2241 743; x_wconf 85' lang='lat' dir='ltr'><strong>Imperioffus</strong></span> <span class='ocrx_word' id='word_1_375' title='bbox 2270 708 2385 733; x_wconf 63' lang='grc' dir='ltr'><strong>’νόοαε</strong></span> 
     </span>
     <span class='ocr_line' id='line_1_61' title="bbox 1405 745 2387 795; baseline 0 -11"><span class='ocrx_word' id='word_1_376' title='bbox 1405 747 1523 786; x_wconf 85' lang='lat' dir='ltr'><strong>batur.</strong></span> <span class='ocrx_word' id='word_1_377' title='bbox 1575 748 1659 784; x_wconf 90' lang='lat' dir='ltr'><strong>Nec</strong></span> <span class='ocrx_word' id='word_1_378' title='bbox 1678 748 1753 795; x_wconf 90' lang='lat' dir='ltr'><strong>ipse</strong></span> <span class='ocrx_word' id='word_1_379' title='bbox 1774 745 1867 784; x_wconf 87' lang='lat' dir='ltr'><strong>filius</strong></span> <span class='ocrx_word' id='word_1_380' title='bbox 1889 746 2024 790; x_wconf 81' lang='lat' dir='ltr'><strong>Titus,</strong></span> <span class='ocrx_word' id='word_1_381' title='bbox 2047 757 2134 783; x_wconf 89' lang='lat' dir='ltr'><strong>cum</strong></span> <span class='ocrx_word' id='word_1_382' title='bbox 2155 746 2230 783; x_wconf 83' lang='grc' dir='ltr'><strong>11·οο</strong></span> <span class='ocrx_word' id='word_1_383' title='bbox 2248 757 2387 793; x_wconf 18' lang='lat' dir='ltr'><strong>exem-⁷</strong></span> 
     </span>
     <span class='ocr_line' id='line_1_62' title="bbox 1406 797 2385 847; baseline -0.001 -11"><span class='ocrx_word' id='word_1_384' title='bbox 1406 799 1509 847; x_wconf 88' lang='lat' dir='ltr'><strong>plum</strong></span> <span class='ocrx_word' id='word_1_385' title='bbox 1532 798 1676 847; x_wconf 85' lang='lat' dir='ltr'><strong>pietatis</strong></span> <span class='ocrx_word' id='word_1_386' title='bbox 1698 797 1849 841; x_wconf 90' lang='lat' dir='ltr'><strong>ederet,</strong></span> <span class='ocrx_word' id='word_1_387' title='bbox 1874 797 2061 846; x_wconf 84' lang='lat' dir='ltr'><strong>Torquati</strong></span> <span class='ocrx_word' id='word_1_388' title='bbox 2084 807 2300 844; x_wconf 86' lang='lat' dir='ltr'><strong>cognomen</strong></span> <span class='ocrx_word' id='word_1_389' title='bbox 2321 797 2385 835; x_wconf 59' lang='lat' dir='ltr'><strong>ha«</strong></span> 
     </span>
     <span class='ocr_line' id='line_1_63' title="bbox 1407 846 2385 898; baseline -0.001 -11"><span class='ocrx_word' id='word_1_390' title='bbox 1407 850 1507 894; x_wconf 91' lang='lat' dir='ltr'><strong>buit,</strong></span> <span class='ocrx_word' id='word_1_391' title='bbox 1536 849 1658 897; x_wconf 80' lang='lat' dir='ltr'><strong>postea</strong></span> <span class='ocrx_word' id='word_1_392' title='bbox 1678 847 1847 898; x_wconf 83' lang='lat' dir='ltr'><strong>fingulari</strong></span> <span class='ocrx_word' id='word_1_393' title='bbox 1867 847 2024 885; x_wconf 68' lang='lat' dir='ltr'><strong>vietoria</strong></span> <span class='ocrx_word' id='word_1_394' title='bbox 2055 846 2118 884; x_wconf 86' lang='lat' dir='ltr'><strong>fibi</strong></span> <span class='ocrx_word' id='word_1_395' title='bbox 2137 848 2278 897; x_wconf 88' lang='lat' dir='ltr'><strong>suisque</strong></span> <span class='ocrx_word' id='word_1_396' title='bbox 2295 847 2385 886; x_wconf 82' lang='lat' dir='ltr'><strong>illud</strong></span> 
     </span>
     <span class='ocr_line' id='line_1_64' title="bbox 1407 898 2388 949; baseline -0.003 -11"><span class='ocrx_word' id='word_1_397' title='bbox 1407 900 1571 949; x_wconf 82' lang='lat' dir='ltr'><strong>adeptus.</strong></span> <span class='ocrx_word' id='word_1_398' title='bbox 1625 901 1865 949; x_wconf 81' lang='lat' dir='ltr'><strong>Quapropter</strong></span> <span class='ocrx_word' id='word_1_399' title='bbox 1883 899 1956 947; x_wconf 84' lang='lat' dir='ltr'><strong>ipsa</strong></span> <span class='ocrx_word' id='word_1_400' title='bbox 1974 898 2106 935; x_wconf 72' lang='lat' dir='ltr'><strong>veritas</strong></span> <span class='ocrx_word' id='word_1_401' title='bbox 2126 898 2301 946; x_wconf 79' lang='lat' dir='ltr'><strong>efflagitat</strong></span> <span class='ocrx_word' id='word_1_402' title='bbox 2314 927 2324 943; x_wconf 91' lang='lat'><strong>,</strong></span> <span class='ocrx_word' id='word_1_403' title='bbox 2345 906 2388 936; x_wconf 84' lang='lat' dir='ltr'><strong>ut</strong></span> 
     </span>
     <span class='ocr_line' id='line_1_65' title="bbox 1406 949 2378 998; baseline -0.002 -10"><span class='ocrx_word' id='word_1_404' title='bbox 1406 951 1482 988; x_wconf 91' lang='lat' dir='ltr'><strong>hoc</strong></span> <span class='ocrx_word' id='word_1_405' title='bbox 1513 951 1641 988; x_wconf 86' lang='lat' dir='ltr'><strong>falsum</strong></span> <span class='ocrx_word' id='word_1_406' title='bbox 1672 962 1715 988; x_wconf 86' lang='lat' dir='ltr'><strong>ac</strong></span> <span class='ocrx_word' id='word_1_407' title='bbox 1746 949 2016 998; x_wconf 82' lang='lat' dir='ltr'><strong>supposititium</strong></span> <span class='ocrx_word' id='word_1_408' title='bbox 2049 960 2192 986; x_wconf 87' lang='lat' dir='ltr'><strong>nomen</strong></span> <span class='ocrx_word' id='word_1_409' title='bbox 2213 950 2378 987; x_wconf 82' lang='lat' dir='ltr'><strong>historiae</strong></span> 
     </span>
     <span class='ocr_line' id='line_1_66' title="bbox 1408 999 2384 1048; baseline -0.002 -9"><span class='ocrx_word' id='word_1_410' title='bbox 1408 1002 1628 1039; x_wconf 81' lang='lat' dir='ltr'><strong>eximamus.</strong></span> <span class='ocrx_word' id='word_1_411' title='bbox 1682 1001 1834 1038; x_wconf 86' lang='lat' dir='ltr'><strong>Constat</strong></span> <span class='ocrx_word' id='word_1_412' title='bbox 1862 1008 1988 1038; x_wconf 84' lang='lat' dir='ltr'><strong>autem</strong></span> <span class='ocrx_word' id='word_1_413' title='bbox 2027 999 2220 1048; x_wconf 87' lang='lat' dir='ltr'><strong>diligenter</strong></span> <span class='ocrx_word' id='word_1_414' title='bbox 2253 999 2384 1038; x_wconf 82' lang='lat' dir='ltr'><strong>adver-</strong></span> 
     </span>
     <span class='ocr_line' id='line_1_67' title="bbox 1406 1050 2381 1100; baseline 0 -11"><span class='ocrx_word' id='word_1_415' title='bbox 1406 1052 1589 1096; x_wconf 87' lang='lat' dir='ltr'><strong>tentibus,</strong></span> <span class='ocrx_word' id='word_1_416' title='bbox 1626 1063 1671 1089; x_wconf 85' lang='lat' dir='ltr'><strong>ex</strong></span> <span class='ocrx_word' id='word_1_417' title='bbox 1697 1052 1889 1089; x_wconf 89' lang='lat' dir='ltr'><strong>Ciceronis</strong></span> <span class='ocrx_word' id='word_1_418' title='bbox 1923 1050 2148 1089; x_wconf 89' lang='lat' dir='ltr'><strong>Officiorum</strong></span> <span class='ocrx_word' id='word_1_419' title='bbox 2177 1062 2239 1088; x_wconf 85' lang='lat'><strong>111.</strong></span> <span class='ocrx_word' id='word_1_420' title='bbox 2271 1051 2381 1100; x_wconf 88' lang='lat' dir='ltr'><strong>hujus</strong></span> 
     </span>
     <span class='ocr_line' id='line_1_68' title="bbox 1405 1100 2379 1151; baseline 0 -12"><span class='ocrx_word' id='word_1_421' title='bbox 1405 1102 1567 1151; x_wconf 85' lang='lat' dir='ltr'><strong>exempli</strong></span> <span class='ocrx_word' id='word_1_422' title='bbox 1587 1102 1691 1140; x_wconf 89' lang='lat' dir='ltr'><strong>filum</strong></span> <span class='ocrx_word' id='word_1_423' title='bbox 1714 1102 1733 1140; x_wconf 75' lang='lat' dir='ltr'><strong>a</strong></span> <span class='ocrx_word' id='word_1_424' title='bbox 1750 1102 1902 1140; x_wconf 87' lang='lat' dir='ltr'><strong>Valerio</strong></span> <span class='ocrx_word' id='word_1_425' title='bbox 1921 1101 2080 1140; x_wconf 47' lang='lat' dir='ltr'><strong>tracium</strong></span> <span class='ocrx_word' id='word_1_426' title='bbox 2105 1100 2176 1139; x_wconf 84' lang='lat' dir='ltr'><strong>effe</strong></span> <span class='ocrx_word' id='word_1_427' title='bbox 2190 1129 2200 1146; x_wconf 93' lang='lat'><em>‚</em></span> <span class='ocrx_word' id='word_1_428' title='bbox 2228 1102 2292 1151; x_wconf 90' lang='lat' dir='ltr'><strong>qui</strong></span> <span class='ocrx_word' id='word_1_429' title='bbox 2314 1113 2379 1151; x_wconf 85' lang='lat' dir='ltr'><strong>pa-</strong></span> 
     </span>
     <span class='ocr_line' id='line_1_69' title="bbox 1404 1153 2378 1193; baseline 0.003 -3"><span class='ocrx_word' id='word_1_430' title='bbox 1404 1161 1499 1191; x_wconf 88' lang='lat' dir='ltr'><strong>trem</strong></span> <span class='ocrx_word' id='word_1_431' title='bbox 1530 1155 1577 1191; x_wconf 91' lang='lat' dir='ltr'><strong>L.</strong></span> <span class='ocrx_word' id='word_1_432' title='bbox 1610 1153 1796 1191; x_wconf 86' lang='lat' dir='ltr'><strong>Manlium</strong></span> <span class='ocrx_word' id='word_1_433' title='bbox 1826 1154 1873 1191; x_wconf 88' lang='lat' dir='ltr'><strong>A.</strong></span> <span class='ocrx_word' id='word_1_434' title='bbox 1913 1153 1954 1190; x_wconf 81' lang='lat' dir='ltr'><strong>F.</strong></span> <span class='ocrx_word' id='word_1_435' title='bbox 1991 1161 2112 1191; x_wconf 86' lang='lat' dir='ltr'><strong>vocat.</strong></span> <span class='ocrx_word' id='word_1_436' title='bbox 2179 1153 2309 1190; x_wconf 88' lang='lat' dir='ltr'><strong>Livius</strong></span> <span class='ocrx_word' id='word_1_437' title='bbox 2339 1154 2378 1193; x_wconf 67' lang='grc' dir='ltr'><strong>ὃς</strong></span> 
     </span>
     <span class='ocr_line' id='line_1_70' title="bbox 1406 1203 2385 1252; baseline 0 -12"><span class='ocrx_word' id='word_1_438' title='bbox 1406 1204 1619 1252; x_wconf 86' lang='lat' dir='ltr'><strong>Capitolina</strong></span> <span class='ocrx_word' id='word_1_439' title='bbox 1655 1215 1844 1242; x_wconf 83' lang='lat' dir='ltr'><strong>marmora</strong></span> <span class='ocrx_word' id='word_1_440' title='bbox 1877 1204 1924 1241; x_wconf 91' lang='lat' dir='ltr'><strong>L.</strong></span> <span class='ocrx_word' id='word_1_441' title='bbox 1956 1204 2142 1241; x_wconf 79' lang='lat' dir='ltr'><strong>Manlium</strong></span> <span class='ocrx_word' id='word_1_442' title='bbox 2185 1203 2385 1252; x_wconf 89' lang='lat' dir='ltr'><strong>Imperios-</strong></span> 
     </span>
     <span class='ocr_line' id='line_1_71' title="bbox 1405 1254 2388 1304; baseline -0.001 -12"><span class='ocrx_word' id='word_1_443' title='bbox 1405 1254 1483 1292; x_wconf 86' lang='lat' dir='ltr'><strong>sum</strong></span> <span class='ocrx_word' id='word_1_444' title='bbox 1498 1282 1509 1298; x_wconf 92' lang='lat'><strong>,</strong></span> <span class='ocrx_word' id='word_1_445' title='bbox 1536 1254 1641 1304; x_wconf 87' lang='lat' dir='ltr'><strong>quod</strong></span> <span class='ocrx_word' id='word_1_446' title='bbox 1662 1266 1880 1303; x_wconf 87' lang='lat' dir='ltr'><strong>cognomen</strong></span> <span class='ocrx_word' id='word_1_447' title='bbox 1898 1254 2079 1303; x_wconf 83' lang='lat' dir='ltr'><strong>imprimis</strong></span> <span class='ocrx_word' id='word_1_448' title='bbox 2100 1254 2388 1303; x_wconf 84' lang='lat' dir='ltr'><strong>locoTorqua-</strong></span> 
     </span>
     <span class='ocr_line' id='line_1_72' title="bbox 1404 1305 2385 1354; baseline -0.001 -12"><span class='ocrx_word' id='word_1_449' title='bbox 1404 1306 1432 1342; x_wconf 91' lang='lat' dir='ltr'><strong>ti</strong></span> <span class='ocrx_word' id='word_1_450' title='bbox 1450 1305 1709 1354; x_wconf 83' lang='lat' dir='ltr'><strong>reponendum</strong></span> <span class='ocrx_word' id='word_1_451' title='bbox 1729 1306 1790 1342; x_wconf 91' lang='lat' dir='ltr'><strong>hic</strong></span> <span class='ocrx_word' id='word_1_452' title='bbox 1810 1305 1988 1349; x_wconf 78' lang='lat' dir='ltr'><strong>arbitror,</strong></span> <span class='ocrx_word' id='word_1_453' title='bbox 2015 1313 2126 1354; x_wconf 89' lang='lat' dir='ltr'><strong>atque</strong></span> <span class='ocrx_word' id='word_1_454' title='bbox 2151 1306 2265 1341; x_wconf 87' lang='lat' dir='ltr'><strong>etiam</strong></span> <span class='ocrx_word' id='word_1_455' title='bbox 2287 1305 2385 1353; x_wconf 86' lang='lat' dir='ltr'><strong>post-</strong></span> 
     </span>
     <span class='ocr_line' id='line_1_73' title="bbox 1407 1353 2388 1406; baseline -0.003 -13"><span class='ocrx_word' id='word_1_456' title='bbox 1407 1368 1448 1393; x_wconf 89' lang='lat' dir='ltr'><strong>ea</strong></span> <span class='ocrx_word' id='word_1_457' title='bbox 1480 1357 1542 1394; x_wconf 83' lang='lat' dir='ltr'><strong>ubi</strong></span> <span class='ocrx_word' id='word_1_458' title='bbox 1565 1356 1697 1405; x_wconf 85' lang='lat' dir='ltr'><strong>legitur</strong></span> <span class='ocrx_word' id='word_1_459' title='bbox 1729 1367 1922 1405; x_wconf 86' lang='lat' dir='ltr'><strong>perperam</strong></span> <span class='ocrx_word' id='word_1_460' title='bbox 1946 1384 1956 1400; x_wconf 93' lang='lat'><strong>,</strong></span> <span class='ocrx_word' id='word_1_461' title='bbox 1998 1359 2108 1405; x_wconf 70' lang='lat' dir='ltr'><strong>quue</strong></span> <span class='ocrx_word' id='word_1_462' title='bbox 2140 1353 2291 1406; x_wconf 54' lang='lat' dir='ltr'><strong>effet‘isum</strong></span> <span class='ocrx_word' id='word_1_463' title='bbox 2320 1358 2388 1403; x_wconf 84' lang='lat' dir='ltr'><strong>est,</strong></span> 
     </span>
     <span class='ocr_line' id='line_1_74' title="bbox 1405 1405 2393 1458; baseline 0.001 -15"><span class='ocrx_word' id='word_1_464' title='bbox 1405 1422 1445 1443; x_wconf 82' lang='lat' dir='ltr'><strong>ne</strong></span> <span class='ocrx_word' id='word_1_465' title='bbox 1466 1409 1655 1458; x_wconf 75' lang='lat' dir='ltr'><strong>Torquatus</strong></span> <span class='ocrx_word' id='word_1_466' title='bbox 1683 1409 1814 1455; x_wconf 65' lang='lat' dir='ltr'><strong>carosam</strong></span> <span class='ocrx_word' id='word_1_467' title='bbox 1840 1405 1970 1444; x_wconf 82' lang='lat' dir='ltr'><strong>diceret.</strong></span> <span class='ocrx_word' id='word_1_468' title='bbox 1996 1406 2136 1443; x_wconf 89' lang='lat' dir='ltr'><strong>PIGH.</strong></span> <span class='ocrx_word' id='word_1_469' title='bbox 2172 1411 2219 1445; x_wconf 79' lang='lat' dir='ltr'><strong>L.</strong></span> <span class='ocrx_word' id='word_1_470' title='bbox 2246 1409 2393 1444; x_wconf 82' lang='lat' dir='ltr'><strong>Manlio</strong></span> 
     </span>
     <span class='ocr_line' id='line_1_75' title="bbox 1408 1456 2391 1509; baseline 0 -14"><span class='ocrx_word' id='word_1_471' title='bbox 1408 1460 1590 1509; x_wconf 74' lang='lat' dir='ltr'><strong>Torquato.</strong></span> <span class='ocrx_word' id='word_1_472' title='bbox 1620 1459 1674 1496; x_wconf 89' lang='lat' dir='ltr'><strong>Ita</strong></span> <span class='ocrx_word' id='word_1_473' title='bbox 1696 1458 1733 1495; x_wconf 87' lang='lat' dir='ltr'><strong>in</strong></span> <span class='ocrx_word' id='word_1_474' title='bbox 1753 1458 1928 1496; x_wconf 86' lang='lat' dir='ltr'><strong>omnibus</strong></span> <span class='ocrx_word' id='word_1_475' title='bbox 1957 1457 2064 1495; x_wconf 89' lang='lat' dir='ltr'><strong>codd.</strong></span> <span class='ocrx_word' id='word_1_476' title='bbox 2093 1456 2162 1500; x_wconf 89' lang='lat' dir='ltr'><strong>est;</strong></span> <span class='ocrx_word' id='word_1_477' title='bbox 2197 1468 2320 1507; x_wconf 91' lang='lat' dir='ltr'><strong>neque</strong></span> <span class='ocrx_word' id='word_1_478' title='bbox 2353 1458 2391 1496; x_wconf 91' lang='lat' dir='ltr'><strong>in</strong></span> 
     </span>
     <span class='ocr_line' id='line_1_76' title="bbox 1410 1508 2387 1558; baseline -0.001 -12"><span class='ocrx_word' id='word_1_479' title='bbox 1410 1509 1485 1546; x_wconf 89' lang='lat' dir='ltr'><strong>ullo</strong></span> <span class='ocrx_word' id='word_1_480' title='bbox 1515 1510 1600 1547; x_wconf 91' lang='lat' dir='ltr'><strong>cod.</strong></span> <span class='ocrx_word' id='word_1_481' title='bbox 1627 1508 1731 1558; x_wconf 90' lang='lat' dir='ltr'><strong>quod</strong></span> <span class='ocrx_word' id='word_1_482' title='bbox 1760 1509 1914 1558; x_wconf 87' lang='lat' dir='ltr'><strong>quidem</strong></span> <span class='ocrx_word' id='word_1_483' title='bbox 1952 1519 2023 1557; x_wconf 85' lang='lat' dir='ltr'><strong>ego</strong></span> <span class='ocrx_word' id='word_1_484' title='bbox 2054 1508 2188 1552; x_wconf 88' lang='lat' dir='ltr'><strong>sciam,</strong></span> <span class='ocrx_word' id='word_1_485' title='bbox 2217 1508 2387 1546; x_wconf 84' lang='lat' dir='ltr'><strong>observa-</strong></span> 
     </span>
     <span class='ocr_line' id='line_1_77' title="bbox 1409 1558 2392 1608; baseline -0.002 -11"><span class='ocrx_word' id='word_1_486' title='bbox 1409 1568 1491 1598; x_wconf 89' lang='lat' dir='ltr'><strong>tum</strong></span> <span class='ocrx_word' id='word_1_487' title='bbox 1513 1561 1562 1598; x_wconf 89' lang='lat' dir='ltr'><strong>est</strong></span> <span class='ocrx_word' id='word_1_488' title='bbox 1581 1559 1691 1598; x_wconf 82' lang='lat' dir='ltr'><strong>aliud.</strong></span> <span class='ocrx_word' id='word_1_489' title='bbox 1709 1560 1858 1608; x_wconf 82' lang='lat' dir='ltr'><strong>Pighius</strong></span> <span class='ocrx_word' id='word_1_490' title='bbox 1877 1568 2007 1597; x_wconf 84' lang='lat' dir='ltr'><strong>tamen</strong></span> <span class='ocrx_word' id='word_1_491' title='bbox 2025 1558 2098 1607; x_wconf 88' lang='lat' dir='ltr'><strong>legi</strong></span> <span class='ocrx_word' id='word_1_492' title='bbox 2118 1559 2199 1597; x_wconf 88' lang='lat' dir='ltr'><strong>vult</strong></span> <span class='ocrx_word' id='word_1_493' title='bbox 2217 1564 2260 1596; x_wconf 89' lang='lat' dir='ltr'><strong>L.</strong></span> <span class='ocrx_word' id='word_1_494' title='bbox 2273 1563 2392 1595; x_wconf 76' lang='lat' dir='ltr'><strong>Man-</strong></span> 
     </span>
     <span class='ocr_line' id='line_1_78' title="bbox 1410 1608 2389 1661; baseline 0.001 -14"><span class='ocrx_word' id='word_1_495' title='bbox 1410 1613 1455 1647; x_wconf 83' lang='lat' dir='ltr'><strong>lio</strong></span> <span class='ocrx_word' id='word_1_496' title='bbox 1486 1610 1690 1661; x_wconf 78' lang='lat' dir='ltr'><strong>Imperioffo:</strong></span> <span class='ocrx_word' id='word_1_497' title='bbox 1716 1612 1802 1661; x_wconf 86' lang='lat' dir='ltr'><strong>quia</strong></span> <span class='ocrx_word' id='word_1_498' title='bbox 1837 1618 1973 1648; x_wconf 89' lang='lat' dir='ltr'><strong>notum</strong></span> <span class='ocrx_word' id='word_1_499' title='bbox 2002 1608 2066 1655; x_wconf 86' lang='lat' dir='ltr'><strong>fit,</strong></span> <span class='ocrx_word' id='word_1_500' title='bbox 2092 1621 2172 1648; x_wconf 92' lang='lat' dir='ltr'><strong>non</strong></span> <span class='ocrx_word' id='word_1_501' title='bbox 2203 1610 2249 1647; x_wconf 89' lang='lat' dir='ltr'><strong>L.</strong></span> <span class='ocrx_word' id='word_1_502' title='bbox 2276 1611 2389 1648; x_wconf 79' lang='lat' dir='ltr'><strong>Man-</strong></span> 
     </span>
     <span class='ocr_line' id='line_1_79' title="bbox 1410 1661 2390 1709; baseline 0 -11"><span class='ocrx_word' id='word_1_503' title='bbox 1410 1661 1501 1698; x_wconf 89' lang='lat' dir='ltr'><strong>lium</strong></span> <span class='ocrx_word' id='word_1_504' title='bbox 1518 1692 1528 1707; x_wconf 91' lang='lat'><strong>,</strong></span> <span class='ocrx_word' id='word_1_505' title='bbox 1555 1661 1616 1699; x_wconf 91' lang='lat' dir='ltr'><strong>sed</strong></span> <span class='ocrx_word' id='word_1_506' title='bbox 1637 1661 1753 1699; x_wconf 90' lang='lat' dir='ltr'><strong>filium</strong></span> <span class='ocrx_word' id='word_1_507' title='bbox 1781 1662 1859 1709; x_wconf 88' lang='lat' dir='ltr'><strong>ejus</strong></span> <span class='ocrx_word' id='word_1_508' title='bbox 1878 1662 2039 1705; x_wconf 87' lang='lat' dir='ltr'><strong>Titum,</strong></span> <span class='ocrx_word' id='word_1_509' title='bbox 2068 1672 2280 1709; x_wconf 88' lang='lat' dir='ltr'><strong>cognomen</strong></span> <span class='ocrx_word' id='word_1_510' title='bbox 2301 1663 2390 1698; x_wconf 91' lang='lat' dir='ltr'><strong>Tor-</strong></span> 
     </span>
     <span class='ocr_line' id='line_1_80' title="bbox 1411 1710 2385 1762; baseline 0.002 -15"><span class='ocrx_word' id='word_1_511' title='bbox 1411 1715 1509 1762; x_wconf 74' lang='lat' dir='ltr'><strong>quati</strong></span> <span class='ocrx_word' id='word_1_512' title='bbox 1540 1712 1691 1750; x_wconf 64' lang='lat' dir='ltr'><strong>nanum</strong></span> <span class='ocrx_word' id='word_1_513' title='bbox 1731 1710 1848 1750; x_wconf 83' lang='lat' dir='ltr'><strong>fuiffe.</strong></span> <span class='ocrx_word' id='word_1_514' title='bbox 1911 1712 1997 1760; x_wconf 86' lang='lat' dir='ltr'><strong>Ego</strong></span> <span class='ocrx_word' id='word_1_515' title='bbox 2031 1711 2120 1748; x_wconf 89' lang='lat' dir='ltr'><strong>nihil</strong></span> <span class='ocrx_word' id='word_1_516' title='bbox 2163 1712 2385 1749; x_wconf 87' lang='lat' dir='ltr'><strong>mutandum</strong></span> 
     </span>
     <span class='ocr_line' id='line_1_81' title="bbox 1412 1759 2390 1811; baseline 0 -12"><span class='ocrx_word' id='word_1_517' title='bbox 1412 1770 1529 1810; x_wconf 84' lang='lat' dir='ltr'><strong>put03</strong></span> <span class='ocrx_word' id='word_1_518' title='bbox 1554 1774 1596 1799; x_wconf 89' lang='lat' dir='ltr'><strong>ac</strong></span> <span class='ocrx_word' id='word_1_519' title='bbox 1614 1764 1735 1811; x_wconf 88' lang='lat' dir='ltr'><strong>potius</strong></span> <span class='ocrx_word' id='word_1_520' title='bbox 1765 1762 1949 1806; x_wconf 67' lang='grc' dir='ltr'><strong>μικμοιικδν</strong></span> <span class='ocrx_word' id='word_1_521' title='bbox 1981 1759 2166 1810; x_wconf 62' lang='lat' dir='ltr'><strong>duale-rnna</strong></span> <span class='ocrx_word' id='word_1_522' title='bbox 2188 1761 2294 1809; x_wconf 86' lang='lat' dir='ltr'><strong>ipfius</strong></span> <span class='ocrx_word' id='word_1_523' title='bbox 2324 1774 2390 1799; x_wconf 84' lang='lat' dir='ltr'><strong>au-</strong></span> 
     </span>
     <span class='ocr_line' id='line_1_82' title="bbox 1414 1810 2387 1863; baseline 0.001 -14"><span class='ocrx_word' id='word_1_524' title='bbox 1414 1812 1523 1850; x_wconf 65' lang='lat' dir='ltr'><strong>&amp;oris</strong></span> <span class='ocrx_word' id='word_1_525' title='bbox 1543 1825 1656 1863; x_wconf 86' lang='lat' dir='ltr'><strong>quam</strong></span> <span class='ocrx_word' id='word_1_526' title='bbox 1677 1813 1948 1852; x_wconf 83' lang='lat' dir='ltr'><strong>aberrationem</strong></span> <span class='ocrx_word' id='word_1_527' title='bbox 1968 1810 2201 1849; x_wconf 85' lang='lat' dir='ltr'><strong>librariorum</strong></span> <span class='ocrx_word' id='word_1_528' title='bbox 2233 1813 2294 1850; x_wconf 87' lang='lat' dir='ltr'><strong>hic</strong></span> <span class='ocrx_word' id='word_1_529' title='bbox 2314 1811 2387 1850; x_wconf 84' lang='lat' dir='ltr'><strong>effe</strong></span> 
     </span>
     <span class='ocr_line' id='line_1_83' title="bbox 1419 1861 2390 1907; baseline 0.001 -7"><span class='ocrx_word' id='word_1_530' title='bbox 1419 1862 1588 1902; x_wconf 85' lang='lat' dir='ltr'><strong>dixerim.</strong></span> <span class='ocrx_word' id='word_1_531' title='bbox 1639 1865 1786 1902; x_wconf 85' lang='lat' dir='ltr'><strong>Omnes</strong></span> <span class='ocrx_word' id='word_1_532' title='bbox 1811 1862 1920 1900; x_wconf 90' lang='lat' dir='ltr'><strong>codd.</strong></span> <span class='ocrx_word' id='word_1_533' title='bbox 1947 1870 1987 1900; x_wconf 90' lang='lat' dir='ltr'><strong>ut</strong></span> <span class='ocrx_word' id='word_1_534' title='bbox 2020 1861 2118 1907; x_wconf 82' lang='lat' dir='ltr'><strong>dixi,</strong></span> <span class='ocrx_word' id='word_1_535' title='bbox 2142 1862 2279 1901; x_wconf 87' lang='lat' dir='ltr'><strong>habent</strong></span> <span class='ocrx_word' id='word_1_536' title='bbox 2306 1866 2390 1901; x_wconf 75' lang='lat' dir='ltr'><strong>Tor-</strong></span> 
     </span>
     <span class='ocr_line' id='line_1_84' title="bbox 1418 1912 2389 1963; baseline 0.004 -14"><span class='ocrx_word' id='word_1_537' title='bbox 1418 1915 1528 1963; x_wconf 77' lang='lat' dir='ltr'><strong>quati.</strong></span> <span class='ocrx_word' id='word_1_538' title='bbox 1582 1915 1666 1952; x_wconf 87' lang='lat' dir='ltr'><strong>Nec</strong></span> <span class='ocrx_word' id='word_1_539' title='bbox 1685 1913 1796 1952; x_wconf 87' lang='lat' dir='ltr'><strong>semel</strong></span> <span class='ocrx_word' id='word_1_540' title='bbox 1816 1913 1937 1951; x_wconf 89' lang='lat' dir='ltr'><strong>modo</strong></span> <span class='ocrx_word' id='word_1_541' title='bbox 1958 1941 1968 1957; x_wconf 95' lang='lat'><strong>,</strong></span> <span class='ocrx_word' id='word_1_542' title='bbox 1991 1912 2052 1950; x_wconf 84' lang='lat' dir='ltr'><strong>sed</strong></span> <span class='ocrx_word' id='word_1_543' title='bbox 2081 1915 2241 1951; x_wconf 88' lang='lat' dir='ltr'><strong>omnino</strong></span> <span class='ocrx_word' id='word_1_544' title='bbox 2271 1914 2323 1952; x_wconf 89' lang='lat' dir='ltr'><strong>bis</strong></span> <span class='ocrx_word' id='word_1_545' title='bbox 2348 1915 2389 1953; x_wconf 87' lang='lat' dir='ltr'><strong>in</strong></span> 
     </span>
     <span class='ocr_line' id='line_1_85' title="bbox 1418 1964 2388 2005; baseline 0.003 -4"><span class='ocrx_word' id='word_1_546' title='bbox 1418 1964 1488 2002; x_wconf 87' lang='lat' dir='ltr'><strong>hac</strong></span> <span class='ocrx_word' id='word_1_547' title='bbox 1513 1965 1660 2004; x_wconf 86' lang='lat' dir='ltr'><strong>historia</strong></span> <span class='ocrx_word' id='word_1_548' title='bbox 1687 1964 1775 2002; x_wconf 87' lang='lat' dir='ltr'><strong>illud</strong></span> <span class='ocrx_word' id='word_1_549' title='bbox 1801 1964 1948 2002; x_wconf 85' lang='lat' dir='ltr'><strong>habent.</strong></span> <span class='ocrx_word' id='word_1_550' title='bbox 2010 1964 2152 2005; x_wconf 87' lang='lat' dir='ltr'><strong>Mirum</strong></span> <span class='ocrx_word' id='word_1_551' title='bbox 2182 1973 2307 2002; x_wconf 88' lang='lat' dir='ltr'><strong>autem</strong></span> <span class='ocrx_word' id='word_1_552' title='bbox 2338 1966 2388 2004; x_wconf 92' lang='lat' dir='ltr'><strong>est</strong></span> 
     </span>
     <span class='ocr_line' id='line_1_86' title="bbox 1421 2013 2390 2066; baseline 0.001 -13"><span class='ocrx_word' id='word_1_553' title='bbox 1421 2015 1525 2065; x_wconf 87' lang='lat' dir='ltr'><strong>quod</strong></span> <span class='ocrx_word' id='word_1_554' title='bbox 1543 2016 1589 2053; x_wconf 91' lang='lat' dir='ltr'><strong>de</strong></span> <span class='ocrx_word' id='word_1_555' title='bbox 1607 2016 1765 2053; x_wconf 89' lang='lat' dir='ltr'><strong>nomine</strong></span> <span class='ocrx_word' id='word_1_556' title='bbox 1776 2017 1940 2066; x_wconf 75' lang='lat' dir='ltr'><strong>Torquati</strong></span> <span class='ocrx_word' id='word_1_557' title='bbox 1950 2013 2097 2062; x_wconf 85' lang='lat' dir='ltr'><strong>Pighius</strong></span> <span class='ocrx_word' id='word_1_558' title='bbox 2118 2015 2193 2052; x_wconf 92' lang='lat' dir='ltr'><strong>hoc</strong></span> <span class='ocrx_word' id='word_1_559' title='bbox 2213 2015 2302 2053; x_wconf 91' lang='lat' dir='ltr'><strong>loco</strong></span> <span class='ocrx_word' id='word_1_560' title='bbox 2321 2015 2390 2054; x_wconf 89' lang='lat' dir='ltr'><strong>du-</strong></span> 
     </span>
     <span class='ocr_line' id='line_1_87' title="bbox 1421 2065 2389 2116; baseline 0.002 -13"><span class='ocrx_word' id='word_1_561' title='bbox 1421 2066 1536 2105; x_wconf 88' lang='lat' dir='ltr'><strong>bitare</strong></span> <span class='ocrx_word' id='word_1_562' title='bbox 1565 2066 1709 2115; x_wconf 82' lang='lat' dir='ltr'><strong>potuit3</strong></span> <span class='ocrx_word' id='word_1_563' title='bbox 1740 2078 1826 2104; x_wconf 91' lang='lat' dir='ltr'><strong>cum</strong></span> <span class='ocrx_word' id='word_1_564' title='bbox 1855 2067 1949 2103; x_wconf 87' lang='lat' dir='ltr'><strong>infra</strong></span> <span class='ocrx_word' id='word_1_565' title='bbox 1972 2078 2007 2102; x_wconf 87' lang='lat' dir='ltr'><strong>v.</strong></span> <span class='ocrx_word' id='word_1_566' title='bbox 2036 2065 2070 2103; x_wconf 81' lang='lat'><strong>8.</strong></span> <span class='ocrx_word' id='word_1_567' title='bbox 2100 2078 2133 2116; x_wconf 89' lang='lat'><strong>3.</strong></span> <span class='ocrx_word' id='word_1_568' title='bbox 2160 2065 2233 2114; x_wconf 88' lang='lat' dir='ltr'><strong>ipfe</strong></span> <span class='ocrx_word' id='word_1_569' title='bbox 2259 2066 2389 2115; x_wconf 86' lang='lat' dir='ltr'><strong>legerit</strong></span> 
     </span>
     <span class='ocr_line' id='line_1_88' title="bbox 1420 2117 2388 2168; baseline 0.001 -13"><span class='ocrx_word' id='word_1_570' title='bbox 1420 2129 1463 2155; x_wconf 87' lang='lat' dir='ltr'><strong>ac</strong></span> <span class='ocrx_word' id='word_1_571' title='bbox 1488 2117 1700 2161; x_wconf 88' lang='lat' dir='ltr'><strong>retinuerit,</strong></span> <span class='ocrx_word' id='word_1_572' title='bbox 1729 2117 1907 2167; x_wconf 82' lang='lat' dir='ltr'><strong>Imperioffi</strong></span> <span class='ocrx_word' id='word_1_573' title='bbox 1929 2117 2024 2153; x_wconf 71' lang='lat' dir='ltr'><strong>illius</strong></span> <span class='ocrx_word' id='word_1_574' title='bbox 2055 2119 2244 2167; x_wconf 73' lang='lat' dir='ltr'><strong>Torquati,</strong></span> <span class='ocrx_word' id='word_1_575' title='bbox 2277 2127 2388 2168; x_wconf 90' lang='lat' dir='ltr'><strong>atque</strong></span> 
     </span>
     <span class='ocr_line' id='line_1_89' title="bbox 1420 2165 2390 2219; baseline 0.002 -14"><span class='ocrx_word' id='word_1_576' title='bbox 1420 2168 1470 2205; x_wconf 89' lang='lat' dir='ltr'><strong>ita</strong></span> <span class='ocrx_word' id='word_1_577' title='bbox 1507 2167 1570 2217; x_wconf 89' lang='lat' dir='ltr'><strong>ipfi</strong></span> <span class='ocrx_word' id='word_1_578' title='bbox 1599 2168 1745 2206; x_wconf 87' lang='lat' dir='ltr'><strong>Manlio</strong></span> <span class='ocrx_word' id='word_1_579' title='bbox 1784 2165 2005 2217; x_wconf 85' lang='lat' dir='ltr'><strong>Imperioffo</strong></span> <span class='ocrx_word' id='word_1_580' title='bbox 2051 2178 2194 2205; x_wconf 89' lang='lat' dir='ltr'><strong>nomen</strong></span> <span class='ocrx_word' id='word_1_581' title='bbox 2234 2181 2390 2219; x_wconf 88' lang='lat' dir='ltr'><strong>quoque</strong></span> 
     </span>
     <span class='ocr_line' id='line_1_90' title="bbox 1423 2219 2389 2269; baseline 0.002 -12"><span class='ocrx_word' id='word_1_582' title='bbox 1423 2219 1611 2269; x_wconf 80' lang='lat' dir='ltr'><strong>Torquati</strong></span> <span class='ocrx_word' id='word_1_583' title='bbox 1629 2219 1805 2257; x_wconf 85' lang='lat' dir='ltr'><strong>tributum</strong></span> <span class='ocrx_word' id='word_1_584' title='bbox 1819 2219 1839 2256; x_wconf 74' lang='lat' dir='ltr'><strong>a</strong></span> <span class='ocrx_word' id='word_1_585' title='bbox 1853 2219 1978 2256; x_wconf 89' lang='lat' dir='ltr'><strong>nostro</strong></span> <span class='ocrx_word' id='word_1_586' title='bbox 1998 2219 2181 2266; x_wconf 88' lang='lat' dir='ltr'><strong>agnoscat.</strong></span> <span class='ocrx_word' id='word_1_587' title='bbox 2194 2220 2389 2259; x_wconf 81' lang='lat' dir='ltr'><strong>VORST.</strong></span> 
     </span>
     <span class='ocr_line' id='line_1_91' title="bbox 1421 2269 2392 2319; baseline 0.002 -12"><span class='ocrx_word' id='word_1_588' title='bbox 1421 2274 1463 2307; x_wconf 75' lang='lat' dir='ltr'><strong>L.</strong></span> <span class='ocrx_word' id='word_1_589' title='bbox 1493 2272 1630 2307; x_wconf 79' lang='lat' dir='ltr'><strong>Manlio</strong></span> <span class='ocrx_word' id='word_1_590' title='bbox 1652 2272 1838 2319; x_wconf 77' lang='lat' dir='ltr'><strong>Imperiosb.</strong></span> <span class='ocrx_word' id='word_1_591' title='bbox 1865 2269 1946 2307; x_wconf 88' lang='lat' dir='ltr'><strong>MS.</strong></span> <span class='ocrx_word' id='word_1_592' title='bbox 1969 2271 2148 2319; x_wconf 76' lang='lat' dir='ltr'><strong>Torquato.</strong></span> <span class='ocrx_word' id='word_1_593' title='bbox 2164 2271 2298 2319; x_wconf 83' lang='lat' dir='ltr'><strong>Rejicit</strong></span> <span class='ocrx_word' id='word_1_594' title='bbox 2316 2271 2392 2310; x_wconf 88' lang='lat' dir='ltr'><strong>hoc</strong></span> 
     </span>
     <span class='ocr_line' id='line_1_92' title="bbox 1420 2319 2389 2369; baseline 0.003 -12"><span class='ocrx_word' id='word_1_595' title='bbox 1420 2321 1524 2369; x_wconf 86' lang='lat' dir='ltr'><strong>Pigh.</strong></span> <span class='ocrx_word' id='word_1_596' title='bbox 1552 2321 1696 2359; x_wconf 86' lang='lat' dir='ltr'><strong>&amp;illud</strong></span> <span class='ocrx_word' id='word_1_597' title='bbox 1711 2321 1886 2358; x_wconf 88' lang='lat' dir='ltr'><strong>substituit</strong></span> <span class='ocrx_word' id='word_1_598' title='bbox 1902 2319 2004 2358; x_wconf 89' lang='lat' dir='ltr'><strong>nullo</strong></span> <span class='ocrx_word' id='word_1_599' title='bbox 2033 2320 2207 2358; x_wconf 89' lang='lat' dir='ltr'><strong>codicum</strong></span> <span class='ocrx_word' id='word_1_600' title='bbox 2236 2322 2389 2360; x_wconf 85' lang='lat' dir='ltr'><strong>consen—</strong></span> 
     </span>
     <span class='ocr_line' id='line_1_93' title="bbox 1420 2371 2392 2422; baseline 0.001 -13"><span class='ocrx_word' id='word_1_601' title='bbox 1420 2372 1535 2409; x_wconf 88' lang='lat' dir='ltr'><strong>tiente</strong></span> <span class='ocrx_word' id='word_1_602' title='bbox 1549 2401 1559 2417; x_wconf 95' lang='lat'>‚</span> <span class='ocrx_word' id='word_1_603' title='bbox 1581 2372 1666 2409; x_wconf 88' lang='lat' dir='ltr'><strong>licet</strong></span> <span class='ocrx_word' id='word_1_604' title='bbox 1686 2384 1812 2410; x_wconf 85' lang='lat' dir='ltr'><strong>revera</strong></span> <span class='ocrx_word' id='word_1_605' title='bbox 1833 2383 1911 2409; x_wconf 86' lang='lat' dir='ltr'><strong>non</strong></span> <span class='ocrx_word' id='word_1_606' title='bbox 1925 2373 2113 2421; x_wconf 68' lang='lat' dir='ltr'><strong>Torquatus</strong></span> <span class='ocrx_word' id='word_1_607' title='bbox 2130 2371 2189 2409; x_wconf 87' lang='lat' dir='ltr'><strong>sed</strong></span> <span class='ocrx_word' id='word_1_608' title='bbox 2202 2373 2392 2422; x_wconf 69' lang='lat' dir='ltr'><strong>Imperiofios</strong></span> 
     </span>
     <span class='ocr_line' id='line_1_94' title="bbox 1421 2422 2391 2472; baseline 0.002 -12"><span class='ocrx_word' id='word_1_609' title='bbox 1421 2423 1621 2472; x_wconf 79' lang='lat' dir='ltr'><strong>appellatus</strong></span> <span class='ocrx_word' id='word_1_610' title='bbox 1648 2422 1690 2461; x_wconf 89' lang='lat' dir='ltr'><strong>fit</strong></span> <span class='ocrx_word' id='word_1_611' title='bbox 1712 2424 1758 2460; x_wconf 91' lang='lat' dir='ltr'><strong>L.</strong></span> <span class='ocrx_word' id='word_1_612' title='bbox 1785 2422 1957 2460; x_wconf 87' lang='lat' dir='ltr'><strong>Manlius.</strong></span> <span class='ocrx_word' id='word_1_613' title='bbox 2011 2422 2109 2460; x_wconf 89' lang='lat' dir='ltr'><strong>Cum</strong></span> <span class='ocrx_word' id='word_1_614' title='bbox 2139 2434 2230 2461; x_wconf 89' lang='lat' dir='ltr'><strong>vero</strong></span> <span class='ocrx_word' id='word_1_615' title='bbox 2258 2435 2391 2462; x_wconf 90' lang='lat' dir='ltr'><strong>omnes</strong></span> 
     </span>
     <span class='ocr_line' id='line_1_95' title="bbox 1424 2472 2389 2523; baseline 0.002 -13"><span class='ocrx_word' id='word_1_616' title='bbox 1424 2474 1546 2513; x_wconf 89' lang='lat' dir='ltr'><strong>Codd.</strong></span> <span class='ocrx_word' id='word_1_617' title='bbox 1571 2482 1646 2511; x_wconf 86' lang='lat' dir='ltr'><strong>tam</strong></span> <span class='ocrx_word' id='word_1_618' title='bbox 1666 2474 1826 2522; x_wconf 84' lang='lat' dir='ltr'><strong>impressi</strong></span> <span class='ocrx_word' id='word_1_619' title='bbox 1846 2485 1960 2523; x_wconf 89' lang='lat' dir='ltr'><strong>quam</strong></span> <span class='ocrx_word' id='word_1_620' title='bbox 1980 2472 2100 2522; x_wconf 88' lang='lat' dir='ltr'><strong>scripti</strong></span> <span class='ocrx_word' id='word_1_621' title='bbox 2127 2474 2285 2512; x_wconf 84' lang='lat' dir='ltr'><strong>habeant</strong></span> <span class='ocrx_word' id='word_1_622' title='bbox 2305 2477 2389 2512; x_wconf 89' lang='lat' dir='ltr'><strong>Tor-</strong></span> 
     </span>
     <span class='ocr_line' id='line_1_96' title="bbox 1423 2524 2393 2575; baseline 0.002 -13"><span class='ocrx_word' id='word_1_623' title='bbox 1423 2524 1680 2575; x_wconf 43' lang='lat' dir='ltr'><strong>quamne&amp;</strong></span> <span class='ocrx_word' id='word_1_624' title='bbox 1707 2524 1797 2562; x_wconf 83' lang='lat' dir='ltr'><strong>illud</strong></span> <span class='ocrx_word' id='word_1_625' title='bbox 1816 2524 1952 2573; x_wconf 89' lang='lat' dir='ltr'><strong>recepit</strong></span> <span class='ocrx_word' id='word_1_626' title='bbox 1965 2525 2130 2562; x_wconf 89' lang='lat' dir='ltr'><strong>Vorstius</strong></span> <span class='ocrx_word' id='word_1_627' title='bbox 2144 2552 2154 2569; x_wconf 97' lang='lat'><strong>,</strong></span> <span class='ocrx_word' id='word_1_628' title='bbox 2180 2524 2314 2574; x_wconf 66' lang='lat' dir='ltr'><strong>rejeua</strong></span> <span class='ocrx_word' id='word_1_629' title='bbox 2333 2526 2393 2564; x_wconf 86' lang='lat' dir='ltr'><strong>Pi-</strong></span> 
     </span>
     <span class='ocr_line' id='line_1_97' title="bbox 1421 2575 2390 2625; baseline 0 -13"><span class='ocrx_word' id='word_1_630' title='bbox 1421 2576 1555 2623; x_wconf 85' lang='lat' dir='ltr'><strong>ghiana</strong></span> <span class='ocrx_word' id='word_1_631' title='bbox 1577 2575 1863 2620; x_wconf 86' lang='lat' dir='ltr'><strong>emendatione,</strong></span> <span class='ocrx_word' id='word_1_632' title='bbox 1884 2575 2055 2624; x_wconf 83' lang='lat' dir='ltr'><strong>&amp;potius</strong></span> <span class='ocrx_word' id='word_1_633' title='bbox 2074 2575 2254 2616; x_wconf 66' lang='lat' dir='ltr'><strong>uvnaomo‘u</strong></span> <span class='ocrx_word' id='word_1_634' title='bbox 2279 2577 2390 2625; x_wconf 59' lang='lat' dir='ltr'><strong>cluig-</strong></span> 
     </span>
     <span class='ocr_line' id='line_1_98' title="bbox 1424 2626 2389 2676; baseline 0.003 -15"><span class='ocrx_word' id='word_1_635' title='bbox 1424 2642 1514 2666; x_wconf 63' lang='lat' dir='ltr'><strong>oenuae</strong></span> <span class='ocrx_word' id='word_1_636' title='bbox 1530 2626 1639 2676; x_wconf 87' lang='lat' dir='ltr'><strong>ipfius</strong></span> <span class='ocrx_word' id='word_1_637' title='bbox 1658 2627 1817 2665; x_wconf 70' lang='lat' dir='ltr'><strong>auetoris</strong></span> <span class='ocrx_word' id='word_1_638' title='bbox 1830 2655 1839 2671; x_wconf 92' lang='lat'><strong>,</strong></span> <span class='ocrx_word' id='word_1_639' title='bbox 1862 2637 1975 2676; x_wconf 84' lang='lat' dir='ltr'><strong>quam</strong></span> <span class='ocrx_word' id='word_1_640' title='bbox 1993 2626 2262 2664; x_wconf 80' lang='lat' dir='ltr'><strong>aberrationem</strong></span> <span class='ocrx_word' id='word_1_641' title='bbox 2284 2626 2389 2664; x_wconf 85' lang='lat' dir='ltr'><strong>libra-</strong></span> 
     </span>
     <span class='ocr_line' id='line_1_99' title="bbox 1424 2676 2389 2726; baseline 0.001 -13"><span class='ocrx_word' id='word_1_642' title='bbox 1424 2677 1466 2714; x_wconf 90' lang='lat' dir='ltr'><strong>rii</strong></span> <span class='ocrx_word' id='word_1_643' title='bbox 1493 2677 1553 2715; x_wconf 89' lang='lat' dir='ltr'><strong>hic</strong></span> <span class='ocrx_word' id='word_1_644' title='bbox 1582 2676 1654 2715; x_wconf 86' lang='lat' dir='ltr'><strong>effe</strong></span> <span class='ocrx_word' id='word_1_645' title='bbox 1680 2677 1782 2715; x_wconf 85' lang='lat' dir='ltr'><strong>dixit.</strong></span> <span class='ocrx_word' id='word_1_646' title='bbox 1835 2677 1906 2715; x_wconf 91' lang='lat' dir='ltr'><strong>Sed</strong></span> <span class='ocrx_word' id='word_1_647' title='bbox 1933 2676 2036 2726; x_wconf 89' lang='lat' dir='ltr'><strong>quod</strong></span> <span class='ocrx_word' id='word_1_648' title='bbox 2068 2677 2113 2714; x_wconf 81' lang='lat' dir='ltr'><strong>ad</strong></span> <span class='ocrx_word' id='word_1_649' title='bbox 2133 2677 2303 2725; x_wconf 80' lang='lat' dir='ltr'><strong>Pighjum</strong></span> <span class='ocrx_word' id='word_1_650' title='bbox 2331 2676 2389 2714; x_wconf 83' lang='lat' dir='ltr'><strong>su-</strong></span> 
     </span>
     <span class='ocr_line' id='line_1_100' title="bbox 1423 2726 2388 2778; baseline 0 -15"><span class='ocrx_word' id='word_1_651' title='bbox 1423 2727 1623 2774; x_wconf 84' lang='lat' dir='ltr'><strong>gillandum</strong></span> <span class='ocrx_word' id='word_1_652' title='bbox 1652 2728 1761 2766; x_wconf 86' lang='lat' dir='ltr'><strong>addit.</strong></span> <span class='ocrx_word' id='word_1_653' title='bbox 1790 2729 1926 2766; x_wconf 89' lang='lat' dir='ltr'><strong>mirum</strong></span> <span class='ocrx_word' id='word_1_654' title='bbox 1950 2726 2021 2765; x_wconf 85' lang='lat' dir='ltr'><strong>effe</strong></span> <span class='ocrx_word' id='word_1_655' title='bbox 2051 2728 2153 2778; x_wconf 84' lang='lat' dir='ltr'><strong>quod</strong></span> <span class='ocrx_word' id='word_1_656' title='bbox 2171 2728 2314 2775; x_wconf 80' lang='lat' dir='ltr'><strong>Pighius</strong></span> <span class='ocrx_word' id='word_1_657' title='bbox 2341 2726 2388 2764; x_wconf 89' lang='lat' dir='ltr'><strong>de</strong></span> 
     </span>
     <span class='ocr_line' id='line_1_101' title="bbox 1425 2778 2388 2828; baseline 0.001 -14"><span class='ocrx_word' id='word_1_658' title='bbox 1425 2780 1582 2815; x_wconf 89' lang='lat' dir='ltr'><strong>nomine</strong></span> <span class='ocrx_word' id='word_1_659' title='bbox 1620 2780 1784 2828; x_wconf 73' lang='lat' dir='ltr'><strong>Torquati</strong></span> <span class='ocrx_word' id='word_1_660' title='bbox 1824 2780 1887 2817; x_wconf 87' lang='lat' dir='ltr'><strong>hic</strong></span> <span class='ocrx_word' id='word_1_661' title='bbox 1927 2778 2090 2816; x_wconf 88' lang='lat' dir='ltr'><strong>dubitare</strong></span> <span class='ocrx_word' id='word_1_662' title='bbox 2128 2779 2269 2827; x_wconf 89' lang='lat' dir='ltr'><strong>potuit,</strong></span> <span class='ocrx_word' id='word_1_663' title='bbox 2301 2788 2388 2815; x_wconf 89' lang='lat' dir='ltr'><strong>cum</strong></span> 
     </span>
    </p>
   </div>
   <div class='ocr_carea' id='block_1_14' title="bbox 414 2823 2389 2879">
    <p class='ocr_par' dir='ltr' id='par_1_18' title="bbox 414 2823 2389 2879">
     <span class='ocr_line' id='line_1_102' title="bbox 414 2823 2389 2879; baseline 0.001 -16"><span class='ocrx_word' id='word_1_664' title='bbox 414 2826 589 2874; x_wconf 84' lang='lat' dir='ltr'><strong>exemplo</strong></span> <span class='ocrx_word' id='word_1_665' title='bbox 620 2827 728 2875; x_wconf 85' lang='lat' dir='ltr'><strong>paulo</strong></span> <span class='ocrx_word' id='word_1_666' title='bbox 757 2826 836 2875; x_wconf 89' lang='lat' dir='ltr'><strong>post</strong></span> <span class='ocrx_word' id='word_1_667' title='bbox 853 2825 1075 2874; x_wconf 87' lang='lat' dir='ltr'><strong>legendum,</strong></span> <span class='ocrx_word' id='word_1_668' title='bbox 1105 2829 1213 2875; x_wconf 80' lang='lat' dir='ltr'><strong>quue</strong></span> <span class='ocrx_word' id='word_1_669' title='bbox 1227 2823 1376 2873; x_wconf 64' lang='lat' dir='ltr'><strong>efferslum</strong></span> <span class='ocrx_word' id='word_1_670' title='bbox 1428 2840 1463 2864; x_wconf 82' lang='lat' dir='ltr'><strong>v.</strong></span> <span class='ocrx_word' id='word_1_671' title='bbox 1483 2828 1517 2865; x_wconf 83' lang='lat'><strong>8.</strong></span> <span class='ocrx_word' id='word_1_672' title='bbox 1540 2842 1572 2877; x_wconf 77' lang='lat'><strong>3.</strong></span> <span class='ocrx_word' id='word_1_673' title='bbox 1595 2830 1666 2877; x_wconf 89' lang='lat' dir='ltr'><strong>ipse</strong></span> <span class='ocrx_word' id='word_1_674' title='bbox 1690 2830 1819 2879; x_wconf 87' lang='lat' dir='ltr'><strong>legerit</strong></span> <span class='ocrx_word' id='word_1_675' title='bbox 1843 2841 1885 2867; x_wconf 88' lang='lat' dir='ltr'><strong>ac</strong></span> <span class='ocrx_word' id='word_1_676' title='bbox 1905 2830 2094 2867; x_wconf 86' lang='lat' dir='ltr'><strong>retinuerit</strong></span> <span class='ocrx_word' id='word_1_677' title='bbox 2116 2828 2276 2878; x_wconf 81' lang='lat' dir='ltr'><strong>Imperiosi</strong></span> <span class='ocrx_word' id='word_1_678' title='bbox 2294 2829 2389 2864; x_wconf 77' lang='lat' dir='ltr'><strong>illius</strong></span> 
     </span>
    </p>
   </div>
   <div class='ocr_carea' id='block_1_15' title="bbox 409 2876 1376 3030">
    <p class='ocr_par' dir='ltr' id='par_1_19' title="bbox 409 2876 1376 3030">
     <span class='ocr_line' id='line_1_103' title="bbox 415 2876 1376 2928; baseline -0.001 -14"><span class='ocrx_word' id='word_1_679' title='bbox 415 2882 480 2927; x_wconf 80' lang='lat' dir='ltr'><strong>est,</strong></span> <span class='ocrx_word' id='word_1_680' title='bbox 506 2888 544 2913; x_wconf 76' lang='lat' dir='ltr'><strong>ut</strong></span> <span class='ocrx_word' id='word_1_681' title='bbox 581 2880 766 2928; x_wconf 75' lang='lat' dir='ltr'><strong>Imperiosus</strong></span> <span class='ocrx_word' id='word_1_682' title='bbox 795 2880 922 2925; x_wconf 79' lang='lat' dir='ltr'><strong>causam</strong></span> <span class='ocrx_word' id='word_1_683' title='bbox 948 2876 1076 2916; x_wconf 79' lang='lat' dir='ltr'><strong>diceret.</strong></span> <span class='ocrx_word' id='word_1_684' title='bbox 1106 2876 1376 2914; x_wconf 82' lang='lat' dir='ltr'><strong>GLAREAN.</strong></span> 
     </span>
     <span class='ocr_line' id='line_1_104' title="bbox 413 2926 1375 2980; baseline -0.003 -13"><span class='ocrx_word' id='word_1_685' title='bbox 413 2935 456 2967; x_wconf 70' lang='lat' dir='ltr'><strong>J..</strong></span> <span class='ocrx_word' id='word_1_686' title='bbox 490 2932 624 2966; x_wconf 78' lang='lat' dir='ltr'><strong>Manlio</strong></span> <span class='ocrx_word' id='word_1_687' title='bbox 647 2932 816 2980; x_wconf 75' lang='lat' dir='ltr'><strong>Torquato</strong></span> <span class='ocrx_word' id='word_1_688' title='bbox 833 2927 919 2965; x_wconf 78' lang='lat' dir='ltr'><strong>diem</strong></span> <span class='ocrx_word' id='word_1_689' title='bbox 946 2926 991 2965; x_wconf 82' lang='lat' dir='ltr'><strong>ad</strong></span> <span class='ocrx_word' id='word_1_690' title='bbox 1012 2929 1179 2978; x_wconf 80' lang='lat' dir='ltr'><strong>populum.</strong></span> <span class='ocrx_word' id='word_1_691' title='bbox 1207 2927 1375 2965; x_wconf 83' lang='lat' dir='ltr'><strong>Temere</strong></span> 
     </span>
     <span class='ocr_line' id='line_1_105' title="bbox 409 2978 1371 3030; baseline -0.001 -12"><span class='ocrx_word' id='word_1_692' title='bbox 409 2982 468 3018; x_wconf 46' lang='lat' dir='ltr'><strong>&#39;nic</strong></span> <span class='ocrx_word' id='word_1_693' title='bbox 489 2992 533 3017; x_wconf 81' lang='lat' dir='ltr'><strong>ex</strong></span> <span class='ocrx_word' id='word_1_694' title='bbox 558 2978 717 3029; x_wconf 78' lang='lat' dir='ltr'><strong>glossulis</strong></span> <span class='ocrx_word' id='word_1_695' title='bbox 744 2980 875 3030; x_wconf 86' lang='lat' dir='ltr'><strong>ineptis</strong></span> <span class='ocrx_word' id='word_1_696' title='bbox 898 2979 1089 3019; x_wconf 86' lang='lat' dir='ltr'><strong>contextui</strong></span> <span class='ocrx_word' id='word_1_697' title='bbox 1113 2978 1293 3028; x_wconf 81' lang='lat' dir='ltr'><strong>ingestum</strong></span> <span class='ocrx_word' id='word_1_698' title='bbox 1321 2978 1371 3017; x_wconf 91' lang='lat' dir='ltr'><strong>est</strong></span> 
     </span>
    </p>
   </div>
   <div class='ocr_carea' id='block_1_16' title="bbox 1422 2879 2392 3067">
    <p class='ocr_par' dir='ltr' id='par_1_20' title="bbox 1422 2879 2390 3031">
     <span class='ocr_line' id='line_1_106' title="bbox 1433 2879 2390 2930; baseline 0 -17"><span class='ocrx_word' id='word_1_699' title='bbox 1433 2879 1616 2927; x_wconf 79' lang='lat' dir='ltr'><strong>Torquati,</strong></span> <span class='ocrx_word' id='word_1_700' title='bbox 1643 2889 1754 2930; x_wconf 80' lang='lat' dir='ltr'><strong>atque</strong></span> <span class='ocrx_word' id='word_1_701' title='bbox 1773 2880 1868 2918; x_wconf 82' lang='lat' dir='ltr'><strong>adeo</strong></span> <span class='ocrx_word' id='word_1_702' title='bbox 1888 2880 1951 2928; x_wconf 79' lang='lat' dir='ltr'><strong>ipfi</strong></span> <span class='ocrx_word' id='word_1_703' title='bbox 1961 2881 2106 2917; x_wconf 77' lang='lat' dir='ltr'><strong>Manlio</strong></span> <span class='ocrx_word' id='word_1_704' title='bbox 2126 2880 2298 2928; x_wconf 68' lang='lat' dir='ltr'><strong>Imperioso</strong></span> <span class='ocrx_word' id='word_1_705' title='bbox 2319 2889 2390 2914; x_wconf 88' lang='lat' dir='ltr'><strong>no-</strong></span> 
     </span>
     <span class='ocr_line' id='line_1_107' title="bbox 1428 2924 2389 2982; baseline 0 -18"><span class='ocrx_word' id='word_1_706' title='bbox 1428 2939 1515 2965; x_wconf 90' lang='lat' dir='ltr'><strong>men</strong></span> <span class='ocrx_word' id='word_1_707' title='bbox 1545 2942 1695 2979; x_wconf 79' lang='lat' dir='ltr'><strong>quoque</strong></span> <span class='ocrx_word' id='word_1_708' title='bbox 1723 2932 1885 2982; x_wconf 76' lang='lat' dir='ltr'><strong>Torquati</strong></span> <span class='ocrx_word' id='word_1_709' title='bbox 1911 2943 1931 2968; x_wconf 88' lang='lat' dir='ltr'><strong>a</strong></span> <span class='ocrx_word' id='word_1_710' title='bbox 1958 2930 2082 2968; x_wconf 90' lang='lat' dir='ltr'><strong>nostro</strong></span> <span class='ocrx_word' id='word_1_711' title='bbox 2111 2929 2286 2966; x_wconf 86' lang='lat' dir='ltr'><strong>tributum</strong></span> <span class='ocrx_word' id='word_1_712' title='bbox 2318 2924 2389 2964; x_wconf 84' lang='lat' dir='ltr'><strong>effe</strong></span> 
     </span>
     <span class='ocr_line' id='line_1_108' title="bbox 1422 2976 2388 3031; baseline -0.003 -14"><span class='ocrx_word' id='word_1_713' title='bbox 1422 2980 1615 3028; x_wconf 75' lang='lat' dir='ltr'><strong>agnoscat,</strong></span> <span class='ocrx_word' id='word_1_714' title='bbox 1641 2982 1678 3019; x_wconf 90' lang='lat' dir='ltr'><strong>in</strong></span> <span class='ocrx_word' id='word_1_715' title='bbox 1707 2994 1754 3020; x_wconf 89' lang='lat' dir='ltr'><strong>eo</strong></span> <span class='ocrx_word' id='word_1_716' title='bbox 1779 2982 1940 3031; x_wconf 81' lang='lat' dir='ltr'><strong>graviter</strong></span> <span class='ocrx_word' id='word_1_717' title='bbox 1957 2989 2061 3020; x_wconf 84' lang='lat' dir='ltr'><strong>errat.</strong></span> <span class='ocrx_word' id='word_1_718' title='bbox 2092 2979 2246 3018; x_wconf 77' lang='lat' dir='ltr'><strong>Gravius</strong></span> <span class='ocrx_word' id='word_1_719' title='bbox 2268 2976 2388 3016; x_wconf 85' lang='lat' dir='ltr'><strong>adhuc</strong></span> 
     </span>
    </p>

    <p class='ocr_par' dir='ltr' id='par_1_21' title="bbox 2298 3036 2392 3067">
     <span class='ocr_line' id='line_1_109' title="bbox 2298 3036 2392 3067; baseline 0.011 -1"><span class='ocrx_word' id='word_1_720' title='bbox 2298 3036 2392 3067; x_wconf 79' lang='lat' dir='ltr'><strong>errat</strong></span> 
     </span>
    </p>
   </div>
  </div>
 </body>
</html>
