2516 3509
664 87 1069 152 VALERH
1145 80 1522 139 MAXIMI
1570 79 2191 143 L12.1V.Ciip.V11.'

415 204 776 253 benevolentiam
797 210 1025 264 expertus,
1094 194 1205 241 Nec
1229 201 1388 237 metuo
1409 202 1466 234 ne
1488 202 1649 250 parum
1670 191 1912 237 conveniat
1925 191 2066 250 ‚mihi
2088 186 2134 218 3⁶
2150 192 2428 257 Pompejum

415 304 570 334 meum
592 285 726 332 instar
749 284 835 330 esse
856 275 1133 332 Alexandri3
1170 274 1212 312 87
1236 287 1345 319 cum
1379 269 1445 316 illi
1467 269 1748 333 Hephaestio
1782 270 1883 318 suus
1917 273 2028 319 alter
2064 272 2201 320 fuerit
2227 276 2426 322 Alexan—

416 368 508 414 der.
578 365 684 429 Ego
703 379 812 410 vero
831 356 1089 423 gravissimo
1109 350 1293 400 crimini
1317 347 1399 395 sim
1429 347 1683 407 obnoxius,
1721 349 1967 397 constantis
1989 349 2037 396 &
2057 350 2281 415 benignae
2313 353 2425 398 ami-

415 451 549 496 citiae
567 445 777 509 exempla
798 442 888 490 fine
908 440 999 488 ulla
1016 439 1111 503 ejus
1127 433 1364 482 mentione
1384 429 1697 494 transgressus:
1735 433 1866 496 cujus
1884 433 1932 479 in
1952 433 2104 479 animo
2137 433 2261 480 velut
2282 435 2329 480 in
2349 451 2429 499 pa-

415 541 596 577 rentum
618 521 1020 573 amantissimorum
1042 513 1255 580 pe&orev‚
1290 510 1450 557 laetior
1470 508 1591 554 vitae
1620 523 1744 554 meae
1777 508 1913 554 status
1945 511 2125 573 viguit,
2161 509 2334 558 tristior
2353 529 2429 560 ac-

419 609 607 674 quievit,
644 607 686 652 A
707 620 799 668 quo
822 600 1032 647 omnium
1056 596 1337 642 incrementa
1353 586 1711 636 commodorum
1730 588 1854 634 ultro
1874 586 2025 635 oblata
2046 591 2171 653 cepi:
2195 606 2274 655 per
2292 609 2430 656 quem

420 689 566 735 tutior
585 681 786 732 adversus
810 677 930 725 casus
951 676 1052 722 steti
1070 692 1080 720 :
1118 672 1199 737 qui
1235 666 1281 697 3⁸
1309 667 1454 715 studia
1473 665 1623 713 nostra
1643 664 1786 712 ductu
1808 664 1857 711 δί
1877 665 2083 729 auspiciis
2105 667 2188 714 suis
2211 670 2432 722 lucidiora

422 766 470 812 δῖ
492 766 704 813 alacriora
723 757 932 807 reddidit.
1005 756 1166 816 Itaque
1188 750 1291 815 pavi
1312 746 1528 795 invidiam
1551 744 1837 808 quorundam
1871 745 2038 808 optimi
2068 746 2203 791 amici
2227 746 2430 809 jadiura,

422 835 468 876 89
491 838 704 885 videlicet
725 837 828 900 quia
854 834 1005 882 fruEm
1027 832 1240 880 torseram
1259 847 1267 875 z
1305 844 1400 875 non
1421 824 1605 890 quidem
1624 840 1729 870 meo
1751 824 1916 870 merito
1929 846 1945 880 3
1982 830 2029 862 90
2050 825 2243 889 gratiam
2264 841 2430 886 meam,

422 925 769 976 quantacunque
791 910 905 970 fuit,
939 925 1046 955 cum
1067 907 1135 954 his
1151 941 1166 967 ,
1186 905 1339 969 quiea
1357 904 1426 949 uti
1444 901 1709 960 voluerant,
1744 899 1951 964 partitus.
1984 900 2162 948 Verum
2192 901 2314 947 nulla
2336 915 2430 950 tam

2274 984 2433 1030 mod-e-

414 116 526 169 400

426 1125 578 1176 quidem
609 1124 782 1173 superiori
811 1121 986 1169 exemplo
1015 1122 1096 1159 sunt
1118 1116 1400 1163 connectenda,

425 1177 527 1215 velut
550 1178 659 1213 eiiam
682 1174 933 1213 demonstrant
955 1172 1176 1221 exemplaria
1202 1170 1401 1207 manuscri-

426 1237 498 1277 pta.
553 1229 644 1265 Non
673 1227 772 1264 enim
801 1226 834 1262 se
868 1236 954 1261 cum
985 1224 1172 1272 Pompejo
1204 1222 1268 1259 suo
1300 1220 1402 1258 velut

429 1278 642 1328 exemplum
675 1276 860 1315 amicitiae
889 1274 1037 1312 adducit
1060 1303 1069 1318 ‚
1116 1273 1219 1323 quod
1246 1271 1400 1321 quidem

429 1332 551 1368 facere
581 1330 654 1367 sine
686 1326 915 1375 arrogantiae
945 1335 1033 1363 nota
1055 1337 1133 1363 non
1157 1321 1296 1373 posset;
1324 1323 1405 1360 Ve-

429 1393 509 1419 rum
542 1380 726 1418 amicitiae
756 1376 958 1415 Alexandri
986 1377 1115 1425 Magni
1147 1386 1259 1426 atque
1281 1374 1404 1423 Ephe-

430 1433 555 1470 stionis
584 1431 777 1469 occasione
807 1428 962 1466 similem
1001 1427 1180 1465 clarissimi
1217 1425 1283 1463 viri
1322 1426 1405 1463 Sex.

429 1483 602 1531 Pompeji
613 1493 697 1530 erga
715 1481 749 1518 se
761 1479 1062 1517 benevolentiam
1077 1490 1118 1516 ac
1130 1477 1403 1515 humanitatem

430 1533 660 1582 gratitudinis
692 1530 806 1570 caussa
835 1531 992 1569 testatur.
1032 1530 1198 1567 PIGH.
1252 1528 1406 1565 Conne·

431 1585 580 1673 1ε’Ἱ’Ῐ111111111
597 1586 690 1622 haec
707 1581 947 1632 superioribus
959 1582 1069 1618 etiam
1093 1581 1129 1618 in
1152 1580 1323 1619 omnibus
1336 1591 1406 1617 no-

462 1648 517 1673 ris.
1163 1653 1165 1656 -

483 1687 543 1724 86.
574 1687 757 1735 Pompejum
787 1683 909 1733 meum]
937 1684 1070 1721 Badius
1089 1683 1134 1720 de
1155 1682 1268 1719 Sexto
1290 1682 1407 1719 Pom-

433 1739 520 1786 pejo
541 1737 615 1774 hoc
636 1736 825 1784 intelligit,
856 1743 978 1772 motus
999 1734 1174 1771 nimirum
1197 1745 1241 1769 ex
1260 1733 1406 1769 historia

433 1789 534 1826 Ceae
556 1787 738 1831 mulieris,
759 1786 803 1823 de
824 1797 897 1835 qua
915 1786 975 1822 hic
996 1785 1144 1822 Author
1165 1784 1245 1819 Lib.
1260 1783 1407 1831 ii.Cap.

437 1853 467 1877 1.
496 1839 557 1876 ubi
587 1848 714 1876 tamen
740 1849 818 1874 non
850 1835 894 1872 de
918 1837 987 1873 Cn.
1007 1835 1181 1883 Pompeji
1201 1833 1276 1871 filio
1303 1833 1409 1882 loqui

436 1902 522 1928 eum
536 1898 653 1939 putat,
664 1888 721 1926 sed
731 1888 776 1925 de
787 1887 859 1925 alio
871 1886 1049 1936 quopiam
1061 1884 1228 1924 suiseculi
1241 1885 1408 1922 homine.

436 1942 590 1980 Tamen
613 1950 652 1978 ut
674 1951 803 1977 verum
827 1939 1010 1975 fateamur
1024 1937 1144 1986 potuit
1167 1937 1280 1973 etiam
1297 1935 1408 1972 Vale-

436 1993 507 2030 rius
530 1987 907 2029 adolescensliabuiffe
928 1989 1199 2026 commercium
1219 1999 1303 2024 curn
1319 1986 1407 2024 Sex-

437 2051 477 2080 to
493 2044 586 2080 Cnei
605 2042 691 2079 filio.
720 2044 848 2090 Quem
870 2048 996 2078 tamen
1017 2048 1058 2077 ut
1068 2038 1280 2076 Alexandro
1302 2049 1408 2075 com-

438 2095 592 2142 pararit,
621 2093 817 2141 casumque
851 2092 926 2140 ejus
956 2090 1176 2139 deplorant,
1216 2090 1300 2126 facit
1326 2100 1405 2126 rem

441 2146 652 2186 obscuram,
673 2144 827 2192 quinam
838 2141 1040 2191 Pompejus
1060 2139 1326 2188 intelligendus.
1348 2141 1408 2177 De

441 2197 550 2233 Cneo
571 2195 766 2245 quadraret
779 2193 1207 2241 historia,sitemporum
1233 2192 1325 2227 ratio
1349 2203 1407 2238 pa-

439 2256 588 2285 teretur.
624 2247 738 2295 Atqui
759 2257 805 2281 ne
821 2245 895 2282 hoc
917 2244 1071 2293 quidem
1094 2241 1309 2284 verisimile,
1333 2242 1410 2278 Va-

439 2299 571 2336 lerium
592 2298 627 2334 in
649 2298 721 2334 hoc
742 2308 854 2344 opere
865 2296 1090 2344 Pompeium
1111 2292 1257 2331 laudare
1277 2292 1411 2329 voluis-

442 2350 477 2387 se
493 2379 503 2394 ‚
530 2350 567 2386 in
588 2361 662 2397 quo
685 2347 825 2384 Caesari
848 2348 957 2384 toties
990 2344 1302 2393 impudenriffime
1325 2343 1414 2380 adu-

443 2400 547 2438 latur.
621 2401 747 2445 Quare
777 2399 850 2434 hoc
880 2397 1008 2434 lectori
1033 2395 1273 2446 judicandum
1306 2395 1415 2432 relin-

442 2463 567 2501 quam.
620 2450 790 2487 Diximus
811 2449 846 2484 in
874 2449 1034 2495 primum
1055 2447 1184 2483 librum
1207 2446 1387 2493 quaedam
1404 2474 1413 2490 ,

441 2502 503 2540 sed
522 2513 646 2550 pauca.
676 2498 933 2536 GLAREAN
984 2501 1169 2545 Pompeium
1192 2511 1307 2532 meum.
1336 2498 1416 2533 Au-

446 2553 562 2591 simne
601 2551 793 2589 adfirmare
831 2549 931 2586 hunc
960 2547 1059 2583 illum
1095 2548 1316 2594 Pompejum
1347 2546 1417 2584 effe

447 2606 620 2642 Macrum
645 2631 655 2645 ,
691 2600 1003 2638 bibliothecarium
1038 2597 1188 2644 Augusti
1210 2625 1220 2640 ,
1267 2597 1311 2633 de
1338 2610 1415 2645 quo

449 2652 675 2693 Suetonius?
704 2651 762 2689 Ad
792 2663 877 2689 eum
903 2652 940 2687 8<
959 2649 1015 2685 illa
1037 2648 1219 2686 Ovidium
1249 2647 1416 2696 scripsisse

447 2707 486 2744 in
508 2705 685 2745 Tristibus
703 2710 895 2740 autumant
917 2700 1067 2738 eruditi:

498 2761 624 2811 Ecquid
643 2760 684 2797 ab
704 2759 866 2809 impreffize
885 2758 1040 2807 cognostis
1061 2757 1205 2805 imagine
1225 2768 1312 2789 cerae
1326 2782 1336 2798 ,

499 2817 594 2851 Haec
611 2813 672 2849 tihi
693 2814 863 2859 Nasonem
875 2808 1011 2858 firibere
1030 2807 1131 2844 *verba
1152 2804 1299 2841 Maur?

455 2878 527 2916 Sed
545 2878 604 2914 hic
623 2878 683 2913 vix
697 2877 808 2912 etiam
832 2873 892 2911 sub
904 2871 1059 2910 Tiberio
1078 2870 1243 2917 viguerit.
1275 2869 1335 2905 An
1355 2868 1422 2916 igi·

452 2939 512 2967 tur
532 2928 652 2978 potius
672 2927 762 2964 filius
781 2926 856 2974 ejus
875 2924 1076 2971 Pompe-ius
1097 2922 1184 2957 item
1208 2921 1354 2963 Macer,
1377 2918 1422 2956 de

1452 1115 1696 1158 crediderim
1741 1113 1845 1164 quod
1871 1112 1972 1164 quafi
2002 1112 2124 1150 casum
2150 1112 2342 1152 adversum
2371 1123 2434 1153 aut

1449 1169 1574 1217 'potius
1593 1167 1784 1204 interitum
1808 1166 1965 1214 Pompei
1995 1164 2160 1201 videatur
2182 1165 2241 1202 hic
2264 1166 2433 1204 dolenter

1454 1220 1549 1257 ferre
1581 1219 1703 1255 noster
1720 1216 1903 1254 Valerius.
1956 1215 2100 1252 Multos
2129 1225 2253 1253 autem
2276 1217 2337 1254 sub
2361 1218 2431 1255 Ti-

1453 1270 1556 1308 berio
1580 1269 1728 1306 illustres
1749 1269 1848 1305 viros
1871 1279 1956 1304 cum
1989 1267 2116 1315 sponte
2133 1267 2193 1304 sua
2208 1295 2217 1310 ‚
2246 1276 2325 1304 tum
2346 1279 2434 1306 coa-

1457 1320 1536 1359 etos
1558 1317 1754 1362 interiisse,
1774 1318 1999 1367 cognoscere
2016 1317 2102 1354 licet
2122 1324 2166 1354 ex
2190 1318 2351 1362 Tacito,
2379 1321 2434 1357 in-

1456 1381 1512 1409 ter
1541 1384 1636 1422 quos
1665 1372 1703 1408 &
1734 1371 1846 1407 frater
1867 1369 2071 1418 Pompejae
2094 1369 2312 1406 Praetorius.
2341 1371 2436 1409 CO·-

1459 1424 1574 1461 LER.
1627 1426 1818 1470 Pompejum
1848 1435 1963 1457 mmm.
1992 1420 2232 1457 Mentioiiem
2260 1420 2368 1469 hujus
2394 1423 2433 1461 &

1456 1475 1560 1523 supra
1584 1475 1670 1511 facit
1691 1486 1738 1516 xi,
1761 1473 1798 1516 6,
1822 1472 1855 1509 8.
1886 1473 1924 1509 δε
1943 1476 2081 1508 Sextum
2103 1475 2288 1520 l’ompejum
2309 1482 2433 1517 vocat;

1459 1537 1544 1564 cum
1575 1538 1652 1575 quo
1682 1524 1756 1573 ipse
1776 1522 1899 1561 Asiam
1934 1523 2091 1570 petierit.
2144 1523 2226 1560 Fuit
2253 1523 2281 1560 is
2312 1526 2436 1562 coniul

1460 1590 1532 1615 una
1552 1589 1638 1615 cum
1665 1575 1855 1624 Appulejo
1877 1574 1989 1622 eopse
2009 1585 2109 1610 anno
2125 1601 2134 1616 ,
2156 1587 2233 1624 quo
2252 1575 2437 1623 Augustus

1460 1628 1641 1666 deceflit:
1679 1629 1717 1665 δε
1742 1626 1902 1664 successit
1935 1626 1968 1662 ei
1998 1625 2182 1662 Tiberius.
2246 1627 2438 1676 Quodque

1457 1680 1566 1727 primi
1597 1678 1645 1715 illi
1676 1678 1715 1715 in
1746 1677 1854 1715 verba
1875 1675 2017 1714 Tiberii
2043 1677 2282 1723 juraverant,
2310 1678 2433 1716 eidem

1458 1730 1697 1778 acceptissimi
1716 1731 1857 1777 semper
1879 1728 1993 1777 fuere.
2023 1726 2175 1764 Sextum
2197 1727 2299 1764 illum
2320 1729 2438 1767 Pom-

1460 1782 1587 1831 pejum
1608 1780 1731 1818 laudat
1751 1781 1789 1817 ὅ(
1812 1778 1971 1817 Ovidius
1992 1777 2015 1813 l.
2034 1789 2087 1814 iv.
2116 1777 2162 1814 de
2183 1777 2305 1815 Ponto
2330 1779 2373 1817 el.
2400 1794 2431 1818 1.

1463 1844 1494 1876 4.
1519 1834 1555 1869 &
1577 1845 1608 1879 ς.
1637 1832 1745 1880 eique
1773 1831 1888 1867 vitam
1911 1830 1948 1866 ὃς
1969 1829 2135 1865 fortunas
2162 1828 2237 1866 suas
2268 1840 2435 1879 acceptas

1461 1883 1586 1920 refert.
1632 1881 1731 1919 Vide
1755 1882 1793 1917 ὃ(
1816 1878 1980 1927 Lipfium
2002 1879 2222 1917 Comment.
2243 1879 2280 1917 in
2300 1882 2435 1921 lib.111.

1461 1933 1596 1971 Anii-al.
1617 1933 1713 1971 Tac.
1740 1930 1933 1969 VORST.
1973 1928 2046 1967 Ad.
2070 1931 2164 1968 Tac.
2189 1932 2234 1968 L.
2255 1944 2316 1969 111.
2333 1934 2436 1972 Ann.

1466 1998 1520 2023 11.
1558 1985 1729 2033 Muretus
1757 1993 1912 2031 quoque
1943 1980 2045 2018 illum
2067 1981 2292 2031 Pompejum
2316 1983 2334 2021 a
2361 1986 2436 2022 Va-

1459 2036 1553 2073 lerio
1583 2034 1771 2083 significari
1799 2032 1943 2076 censet,
1971 2033 2009 2069 ὅ(
2030 2032 2148 2080 ipsum
2167 2032 2187 2070 a
2210 2034 2348 2072 Seneca
2368 2049 2439 2074 vo—

1460 2087 1530 2123 cari
1553 2088 1737 2135 Pompejum
1756 2085 1913 2120 silonem.
1967 2082 2038 2120 Sed
2059 2083 2160 2131 Pigh.
2189 2084 2232 2121 ad
2252 2085 2299 2122 A.
2316 2087 2365 2123 U.
2389 2088 2434 2127 C.

1462 2149 1637 2174 Dcctxvx.
1655 2144 1759 2173 notat
1774 2134 1894 2182 ‘ipsum
1917 2134 1954 2170 in
1975 2133 2103 2172 Indice
2116 2135 2249 2172 Dionis
2268 2137 2441 2185 appellari

1460 2193 1556 2225 Sext.
1570 2192 1757 2237 Pompeium
1769 2192 1847 2223 Sex.
1860 2188 1897 2222 F.
1920 2187 2093 2235 Nepotem.
2123 2186 2165 2224 In
2185 2187 2312 2226 tabulis
2324 2189 2441 2228 Grae-

1462 2241 1512 2277 cis
1532 2243 1713 2288 Magnum.

1515 2295 1575 2341 87.
1602 2298 1683 2332 Cum
1713 2295 1767 2329 illi
1787 2292 1987 2344 Hephaestio
2007 2291 2109 2343 suus]
2128 2292 2275 2331 ‘Forsan
2295 2309 2365 2332 cum
2394 2304 2439 2334 G*

1462 2347 1528 2383 illi.
1554 2345 1800 2384 PERIZON.

1518 2409 1579 2449 88.
1605 2409 1726 2448 Studia
1744 2413 1853 2458 nostra
1870 2408 1970 2446 duffio
1989 2417 2034 2445 <9²
2054 2411 2206 2460 auspiciis
2232 2412 2324 2462 suis]
2350 2413 2443 2451 For-

1467 2461 1568 2499 mula
1586 2460 1685 2499 dufi‘u
1701 2471 1746 2499 <7
1763 2463 1918 2510 auspiciis
1940 2460 1985 2498 de
2005 2460 2108 2498 rebus
2129 2462 2264 2499 bellicis
2283 2465 2443 2513 usurpari

1466 2511 1577 2557 solet,
1605 2522 1645 2551 ut
1670 2513 1772 2562 supra
1796 2513 1882 2549 dixi.
1934 2511 2006 2549 Sed
2027 2512 2088 2550 hic
2120 2513 2166 2550 ad
2187 2513 2301 2552 studia
2320 2515 2441 2553 litera-

1468 2574 1550 2620 rum
1578 2563 1625 2601 est
1656 2564 1841 2603 translata.
1868 2563 2065 2602 VORST.
2117 2564 2226 2602 Leid.
2259 2575 2376 2615 quart.
2400 2580 2440 2602 a-

1466 2628 1584 2651 crlora.

1520 2665 1579 2715 89.
1608 2663 1770 2702 Videlicet
1793 2665 1874 2715 quia
1887 2665 2001 2712 ‘j-‘ruflu
2018 2665 2192 2716 torftram]
2209 2666 2314 2704 MSS.
2335 2666 2444 2714 quin-

1470 2728 1543 2765 que
1562 2730 1643 2766 quos
1656 2717 1773 2762 frut‘iu
1790 2720 1958 2764 torseram.
2011 2716 2129 2764 Quod
2152 2717 2323 2766 probabat
2344 2717 2445 2755 Peri-

1470 2767 1611 2804 zonius.
1648 2766 1723 2804 duo
1757 2768 1918 2805 fruaum.
1970 2767 2062 2804 Duo
2100 2768 2246 2804 fruHus.
2296 2767 2446 2806 Deinde

1471 2828 1540 2864 pro
1575 2820 1751 2854 voluerant
1786 2818 1984 2857 emendavi
2014 2820 2213 2863 voluerunt,
2235 2818 2444 2867 jubentibus

1477 2869 1648 2905 omnibus
1666 2870 1802 2918 scriptis
1829 2881 1914 2907 cum
1936 2870 2043 2916 Mog.
2065 2867 2131 2905 Ed.

1500 2931 1560 2963 00.
1574 2924 1598 2954 C
1606 2922 1729 2956 ratiam
1738 2935 1843 2957 meam
1853 2931 2116 2970 quantacumque
2126 2934 2194 2955 cum
2205 2921 2247 2955 iis
2252 2920 2399 2969 fuit‚qui
2408 2934 2447 2957 etz

457 2993 533 3031 qus)
563 2979 716 3019 Tacitug
743 2977 833 3016 fibro
858 2990 889 3016 1.
926 2975 1016 3014 HOC
1042 2971 1214 3023 profecto
1243 2970 1425 3009 lubentius
1475 2971 1527 3006 uti
1545 2972 1721 3009 voluerant
1729 2970 1898 3023 partitus]
1911 2970 2242 3019 Manuscriptilibri
2261 2971 2352 3008 haec
2364 2982 2444 3008 me-

2355 3020 2448 3061 liore
