2516 3509
520 110 676 164 ET
770 110 1699 172 EMENDANDA.

113 215 156 253 rii
177 214 417 257 auetoritate,
443 211 561 250 multa
581 220 621 250 ut
639 212 815 250 volebant
830 242 839 259 ‚
857 225 935 251 non
955 222 996 253 ut
1015 214 1078 253 de-

110 265 269 310 bebant,
293 263 427 303 fecere.
448 264 722 302 GLAREAN.

162 319 309 352 Caecilia
338 314 496 364 Metelli]
535 315 634 352 Cum
661 323 719 352 tot
749 315 883 352 fuerint
911 318 1077 360 Metelli,

111 367 182 404 viri
202 366 406 404 consulares
421 393 431 409 ,
449 365 564 404 multa
585 365 762 414 dignitate
784 366 959 414 praediti,
981 367 1076 404 mul-

111 417 156 454 tis
170 418 375 455 honoribus
395 417 511 454 funeri
526 445 536 460 ,
559 417 620 454 hic
645 428 693 453 ne
719 428 798 454 uno
817 417 970 466 quidem
993 430 1075 455 ver·
1097 420 1099 438 ¹

112 467 163 505 bo
190 468 359 517 dignatur
385 468 554 506 Valerius
591 467 753 506 indicare
776 495 786 512 ,
833 468 878 504 de
909 481 1074 517 quonam

111 522 261 555 Metello
283 519 469 569 loquatur.
507 520 567 556 De
588 518 768 554 Numidico
795 519 943 567 quidam
969 521 1075 568 suspi-

113 577 243 607 cantur
265 570 495 620 di6tum‚qui
509 568 593 607 Cos.
607 570 675 607 fuit
695 569 739 606 ab
762 581 860 607 anno
874 571 922 607 U.
939 571 980 608 C.
995 571 1078 609 611.

110 620 389 658 GLAREAN.

162 683 197 719 p.
222 684 278 720 54.
306 673 451 707 Petilius
472 669 599 719 consul]
629 673 676 719 Q.
698 671 843 706 Petilius
872 673 969 719 Spalo
996 672 1079 709 Cos.

114 722 207 767 fuit,
238 734 336 759 anno
365 723 408 759 ab
434 723 485 759 U.
508 722 552 767 G·
579 732 664 757 Cum
697 724 757 758 Cn.
783 723 932 770 Scipione
954 723 1081 770 Hispa-

113 775 160 810 lo.
194 773 358 821 Quidam
381 785 457 810 non
477 774 675 821 Spalonem,
697 771 756 808 sed
775 774 954 815 Spurinum
977 773 1075 810 hunc

111 824 274 860 Petilium
301 823 611 872 cognominatum
639 823 752 870 ajunt.
779 823 1051 861 GLAREAN.

163 886 196 922 p,
229 888 283 923 55,
311 876 511 915 eAuxilium
536 872 696 919 adversus
725 875 832 908 Caras
865 875 1078 921 imploranti-

112 924 324 973 ImsJCaras
353 925 575 961 accusativus
605 923 652 960 est
671 923 833 960 Graecus
861 935 880 961 a
908 926 1077 962 nomina-

56 982 58 984 ·
114 978 194 1012 tivo
224 979 303 1012 Car.
347 977 449 1010 Caria
488 974 623 1011 vicinia
653 974 802 1011 Ionibus
832 975 868 1010 in
898 974 1004 1013 Afia:
1035 975 1077 1012 fi-

115 1027 250 1063 militer
278 1029 315 1064 ὃς
339 1031 453 1061 samos
489 1024 600 1061 insula
624 1050 634 1067 ‚
677 1024 776 1061 unde
807 1025 936 1071 Sibylla
964 1029 1077 1062 Samia

116 1088 194 1113 non
228 1087 384 1124 magnae
413 1074 689 1112 existimationis
716 1075 752 1111 in
781 1076 891 1122 patria
910 1104 920 1119 ,
950 1085 990 1113 ut
1017 1088 1078 1112 ve-

117 1127 293 1165 rissimum
324 1134 495 1174 appareat
522 1125 627 1175 quod
647 1124 806 1162 Christus
833 1125 942 1169 dicit,
964 1128 1007 1164 ἐκ
1027 1127 1079 1165 ’ἔς-ι

114 1179 289 1223 ιῑγῧφῆτης
316 1178 462 1221 ἑὲϊςμζᾶ),
491 1178 517 1212 c‘t'
543 1175 584 1216 μή
611 1176 645 1212 o’v
673 1179 712 1222 τῇ
738 1177 892 1221 ποιτφίὲι
920 1177 1030 1220 αὐτέἷ,
1055 1178 1079 1213 ἒ

114 1230 151 1266 ὠ
178 1230 218 1276 ’τῇ
244 1229 333 1276 οἰκίᾳ
368 1229 468 1265 ιίυτῖς.
506 1226 775 1263 GLAREAN.

173 1291 208 1326 p.
239 1280 294 1326 56.
332 1280 467 1324 Flumen
493 1280 637 1314 ‘visinum
668 1277 832 1312 mcem'bus
855 1279 929 1324 suis
954 1279 1083 1314 nomine

114 1328 316 1378 ouantem]
358 1329 486 1366 Strabo
519 1329 563 1365 L.
598 1340 668 1364 vn.
701 1330 751 1365 ait
772 1356 795 1371 ‚‚
818 1333 931 1366 Aous
964 1330 1081 1366 amnis

115 1381 220 1428 super
246 1393 324 1430 quo
352 1379 555 1427 Apollonia
585 1378 711 1415 civitas
741 1387 861 1416 extat:
885 1391 904 1416 a
929 1379 1080 1417 flumine

117 1431 270 1480 quidem
302 1430 418 1468 stadiis
448 1431 493 1467 X.
521 1429 634 1477 longe
665 1429 783 1474 abest,
821 1442 840 1466 a
869 1431 960 1467 mari
989 1443 1078 1467 vero

120 1482 203 1519 LX.
231 1482 431 1518 Caeterum
463 1485 603 1519 Aoum.
635 1479 744 1518 αἶὲοωέι
776 1481 989 1518 Hecataeus
1018 1494 1079 1531 ap-

116 1532 238 1580 pellat.
278 1533 385 1569 Haec
402 1530 462 1568 ille
480 1533 516 1568 &
538 1530 637 1579 plura
657 1530 735 1567 alia.
761 1531 1032 1569 GLAREAN.

166 1595 201 1631 p.
227 1583 286 1620 61.
309 1586 356 1618 De
376 1585 413 1619 (Γ.
427 1583 595 1620 Volumnio
614 1590 658 1616 ω’
673 1584 740 1617 Ser.
763 1581 924 1631 Sulpicio]
949 1583 1076 1621 Paffim

116 1634 153 1670 in
174 1634 248 1671 hoc
271 1633 423 1670 austore
448 1632 544 1670 tituli
569 1640 739 1680 corrupte
758 1632 938 1680 leguntur.
976 1634 1076 1671 Nihil

116 1684 178 1721 hic
206 1684 253 1722 de
281 1686 318 1720 C.
348 1686 524 1719 Volumnio
551 1691 614 1720 aut
640 1684 786 1731 sulpitio
813 1683 993 1720 scribitur:
1016 1685 1075 1722 sed

117 1734 164 1772 de
191 1734 386 1783 prodigiis,
417 1746 511 1783 quae
539 1733 727 1771 consulatu
749 1745 881 1770 eorum
912 1735 1077 1783 contige-

118 1794 213 1823 runt.
264 1788 391 1834 Quare
430 1784 554 1821 titulus
591 1785 641 1821 ita
674 1784 765 1833 poni
803 1783 970 1821 debebat.
1019 1788 1078 1821 De

108 1836 274 1886 prodigiis
300 1839 338 1872 C.
354 1836 530 1872 Volumnio
550 1842 595 1870 &⁵
614 1839 683 1872 Ser.
710 1835 856 1883 Sulpitio
878 1835 961 1882 C⁰ff
984 1835 1077 1873 Cae-

116 1895 238 1924 terum
275 1898 388 1935 quem
417 1887 479 1924 hic
501 1885 669 1923 Valerius
700 1887 737 1921 C.
771 1886 976 1922 Volumniam
1012 1899 1080 1924 vo-

118 1945 208 1980 cat,
250 1936 386 1974 Plinius
415 1937 497 1973 Lib.
519 1949 563 1974 11.
601 1947 680 1983 cap.
706 1937 763 1984 56.
801 1941 841 1973 L.
866 1939 1081 1973 Volumnium

118 1988 300 2025 nominat.
355 1989 406 2024 At
437 1988 565 2024 Livius
596 1986 677 2023 Lib.
710 1999 772 2023 111.
808 1987 851 2023 ab
887 1989 937 2024 U.
971 1987 1013 2024 C.
1044 1990 1082 2025 ὃς

118 2037 320 2086 Dionyfius
340 2036 500 2074 Halicar.
523 2037 630 2073 initio
652 2036 734 2073 Lib.
747 2048 780 2073 x.
807 2040 847 2073 P.
870 2039 1082 2073 Volumnium

119 2089 325 2138 appellant,
356 2087 485 2136 quibus
513 2086 764 2124 accedendum
794 2096 898 2134 puto.
952 2088 1084 2126 Annus

116 2148 193 2177 erat
221 2140 265 2177 ab
295 2140 343 2176 U.
372 2139 414 2175 C.
442 2150 527 2187 293.
554 2137 825 2174 GLAREAN.

167 2192 323 2240 Ejusdem
343 2191 475 2240 generis
501 2187 660 2236 monstra]
711 2188 861 2227 Horum
893 2189 1084 2238 exemplo-

119 2253 200 2279 rum
231 2241 354 2279 titulus
385 2241 433 2277 ita
463 2237 532 2276 effe
562 2238 736 2282 debebat,
765 2241 823 2274 De
843 2240 985 2286 diverfis
1002 2251 1084 2290 pro-

119 2292 222 2342 digiis
242 2308 252 2327 .-
289 2292 350 2340 qui
380 2292 416 2327 in
444 2290 622 2339 plerisque
651 2289 839 2327 codicibus
867 2299 1010 2327 temere
1038 2303 1080 2328 o-

121 2341 243 2380 missus
264 2342 321 2379 est.
341 2342 476 2391 Neque
499 2342 597 2378 enim
619 2340 710 2377 haec
728 2342 963 2389 contigerunt
984 2340 1083 2380 Coss.

120 2393 159 2430 P.
192 2392 421 2437 Volumnio,
455 2392 529 2429 Ser.
558 2392 736 2440 Sulpin'o,
756 2391 817 2428 sub
839 2392 968 2441 quibus
988 2393 1082 2440 prio-

120 2456 157 2480 ra
188 2443 413 2481 acciderant:
444 2443 504 2480 sed
531 2442 673 2479 diverso
695 2451 874 2490 tempore.
913 2443 1079 2481 Primum

121 2506 220 2531 anno
250 2493 434 2538 secundo,
464 2493 612 2530 secundi
640 2493 723 2530 belli
751 2494 912 2537 Punici,
952 2496 988 2531 in
1022 2495 1079 2531 fo-

121 2557 164 2582 ro
195 2545 413 2588 Holitorio‚
440 2552 480 2582 ut
511 2545 560 2582 ait
589 2544 718 2582 Livius
748 2544 829 2581 Lib.
858 2558 887 2582 1.
915 2544 1077 2593 ejusdem

120 2594 225 2637 belli,
255 2595 299 2632 ad
325 2596 452 2632 finem.
508 2595 720 2632 Secundum
740 2595 952 2643 prodigium
978 2607 1078 2633 anno

125 2647 275 2683 decimo
301 2646 463 2694 ejusdem
491 2645 597 2688 belli,
633 2656 672 2683 ut
701 2645 799 2682 idem
833 2647 961 2684 Livius
993 2646 1076 2684 Lib.

124 2710 193 2735 vir.
229 2697 389 2745 ejusdem
420 2695 504 2733 belli
530 2696 649 2733 tradit.
703 2696 876 2734 Tertium
903 2709 946 2734 ac
973 2709 1079 2745 quar-

120 2757 201 2785 tum
229 2748 343 2785 rursus
372 2759 471 2784 anno
502 2746 688 2791 secundO,
715 2756 755 2784 ut
784 2747 820 2783 in
850 2747 923 2785 fine
944 2748 1027 2785 Lib.
1053 2762 1082 2786 1.

122 2799 283 2847 ejusdem
315 2798 412 2835 idem
444 2806 564 2835 narrat
582 2798 722 2834 Livius.
772 2798 957 2846 Quintum
975 2827 985 2843 ‚
1005 2799 1084 2836 sex-

121 2859 201 2887 tum
239 2861 281 2886 ac
318 2850 514 2896 septimum
545 2848 678 2885 eodem
715 2860 815 2886 anno
837 2878 847 2891 ‚
884 2849 942 2886 sed
971 2849 1082 2897 paulo

123 2901 226 2949 post,
256 2908 296 2936 ut
326 2900 405 2937 Lib.
429 2912 473 2936 11.
514 2898 670 2948 ejusdem
701 2899 785 2936 belli
807 2899 925 2936 scribit
953 2901 1081 2938 Livius

121 2952 165 2989 ab
195 2952 312 2988 initio.
364 2952 550 2988 Ultimum
577 2962 654 2988 non
679 2951 777 2995 hoc,
812 2950 872 2988 sed
901 2951 1083 2989 Macedo·

120 3004 209 3040 nico
234 3001 331 3039 bello
364 3003 491 3040 recitat
521 3002 649 3041 Livius
671 3001 756 3040 Lib.
778 3013 815 3040 v.
845 3009 995 3051 quartae
1025 3002 1085 3041 de-

2000 123 2106 193 889

1128 215 1270 261 cados,
1308 218 1354 255 L.
1387 220 1546 267 Quintio
1564 218 1816 266 Flamminio,‘
1852 219 1923 258 Cn.
1964 221 2106 260 Domi-

1127 267 1182 303 tio
1212 268 1442 307 Aenobarbo
1471 269 1570 308 Coff.
1608 281 1708 308 anno
1748 271 1792 308 ab
1832 272 1882 309 U.
1925 272 1970 310 C.
2011 274 2094 322 562.

1130 317 1400 357 GLAREAN.

1177 379 1212 415 p.
1239 368 1297 406 62.
1319 373 1381 407 Cn.
1408 370 1568 420 Domitii]
1606 372 1730 409 Gifan.
1757 371 1842 409 Obs.
1870 372 1915 410 L.
1946 375 1991 411 L.
2027 378 2088 412 Cn.

1127 420 1275 467 Pompeii
1304 422 1398 470 legit.

1180 481 1214 518 p.
1242 471 1302 518 65.
1331 474 1454 519 Consul
1473 487 1542 508 cum
1563 473 1598 507 in
1619 474 1762 508 Lucanis
1782 475 2010 524 sacrificaffet]
2036 477 2091 514 Ex

1131 519 1246 558 Livio
1273 521 1473 570 legendum
1505 523 1553 560 est
1575 525 1763 571 I’roconsul.
1801 525 1968 572 Septimo
1992 528 2090 563 enim

1132 581 1231 608 anno
1258 573 1419 620 ejusdem
1451 573 1534 611 belli
1563 573 1681 610 caesus
1709 574 1758 611 est
1791 576 1978 620 Gracchus,
2015 582 2090 626 quo

1132 632 1232 659 anno
1256 623 1354 661 Coff.
1382 633 1485 662 erant
1506 627 1556 671 Q.
1582 624 1729 661 Fulvius
1748 623 1916 669 Flaccus,
1947 628 2092 676 &App.

1132 672 1485 712 ClaudiusPulcher.
1515 675 1679 711 Gracchus
1704 684 1828 712 autem
1861 688 1959 714 anno
1990 690 2093 726 prae-

1132 723 1288 761 cedente
1317 737 1404 763 cum
1433 728 1509 773 Qu.
1536 725 1671 769 Fabio,
1708 727 1865 763 Maximi
1896 727 1972 764 filio
2005 729 2089 766 Cos.

1130 775 1249 811 fuerat
1262 803 1271 818 ‚
1299 775 1376 813 hoc
1394 785 1519 813 autem
1538 787 1637 813 anno
1651 801 1661 819 ,
1681 788 1758 825 quo
1777 778 1905 825 periit,
1927 779 2092 816 Procon-

1125 823 1187 861 sul.
1216 825 1486 865 GLA-REAN.

1180 879 1221 910 Et
1237 878 1425 925 consulatus
1444 876 1633 927 collegium]
1650 878 1738 914 Non
1761 878 1856 922 hoc,
1878 891 1954 928 quo
1973 881 2091 928 periit,

1129 936 1228 963 anno
1253 930 1441 964 Marcellus
1472 929 1611 976 collega
1635 928 1797 965 Gracchi
1823 929 1915 972 fuit,
1950 931 2009 967 sed
2037 932 2091 968 se-

1129 977 1253 1014 cundo
1276 979 1341 1016 suo
1369 979 1579 1022 consulatu,
1611 991 1723 1025 quem
1751 988 1878 1016 tamen
1908 992 1986 1017 non
2013 983 2089 1028 ges-

1129 1025 1171 1063 fit
1199 1029 1291 1066 vitio
1321 1039 1481 1073 creatus,
1518 1029 1686 1066 suffectus
1716 1030 1955 1074 Posthumio‚
1990 1042 2089 1068 anno

1132 1086 1264 1124 quarto
1289 1076 1436 1117 secun'di
1463 1080 1544 1117 belli
1564 1080 1717 1124 Punici,
1750 1091 1836 1117 cum
1864 1081 1936 1128 ipse
1967 1083 2086 1119 caesus

1135 1127 1175 1164 fit
1203 1140 1303 1166 anno
1331 1132 1396 1168 XI.
1425 1131 1585 1180 ejusdem
1613 1130 1726 1172 belli,
1764 1142 1847 1168 cum
1873 1132 1950 1179 jam
1983 1133 2088 1180 quin-

1134 1185 1215 1215 tum
1237 1180 1318 1218 Cos.
1350 1181 1434 1219 effet
1457 1194 1541 1219 cum
1563 1182 1613 1218 T.
1640 1181 1798 1228 Quintio
1822 1182 1999 1229 Crispino.
2034 1184 2089 1221 Ex

1137 1230 1249 1267 Livio
1275 1231 1367 1269 haec
1396 1233 1523 1270 omnia
1554 1232 1646 1268 clara
1671 1232 1762 1268 sunt.
1785 1232 2054 1271 GLAREAN.

1182 1293 1218 1328 p.
1244 1282 1303 1319 68.
1333 1285 1462 1319 Vellem
1484 1282 1615 1332 quidem
1648 1282 1833 1329 placidius,
1853 1283 1913 1330 sed
1934 1284 2020 1332 quod
2037 1299 2088 1321 re-

1129 1332 1203 1367 latu
1225 1346 1336 1368 verum
1356 1333 1418 1383 est]
1449 1335 1502 1371 Ita
1525 1333 1638 1380 vulgo
1657 1337 1755 1369 'nunc
1774 1334 1908 1371 habent
1929 1334 2087 1373 codices.

1131 1382 1178 1418 Et
1196 1382 1327 1420 Badius
1346 1393 1385 1421 ut
1409 1385 1608 1421 minimum
1629 1389 1787 1432 quatuor
1810 1385 1885 1431 ejus
1904 1386 1996 1421 eruit
2014 1386 2090 1422 sen-

1129 1433 1209 1474 sus,
1249 1445 1410 1482 quorum
1440 1434 1557 1472 nullus
1587 1442 1715 1470 tamen
1743 1434 1910 1472 satisfacit
1936 1435 2089 1473 cordato

1130 1482 1270 1520 lecftori.
1328 1485 1370 1521 In
1401 1485 1542 1523 vetusto
1567 1484 1691 1521 nostro
1723 1484 1852 1521 codice
1873 1486 1921 1521 ita
1947 1484 2099 1532 legitur:
2117 1527 2126 1533 ,

1133 1535 1262 1570 Vellem
1294 1534 1426 1584 quidem
1459 1534 1634 1583 placidius.
1684 1534 1748 1569 Sed
1786 1536 1867 1583 quia
1898 1536 2006 1570 relatu
2037 1551 2096 1571 τε·

1130 1599 1202 1620 rum
1230 1588 1274 1627 est¹
1295 1611 1304 1627 ,
1342 1587 1392 1632 fic
1419 1585 1548 1622 deorum
1568 1586 1675 1633 spreti
1697 1587 1947 1632 praemonitus,
1971 1587 2093 1634 quasi,

1131 1647 1226 1683 quae
1265 1636 1459 1686 sequantur
1483 1666 1492 1681 ,
1529 1635 1575 1673 ad
1610 1636 1864 1683 praecedentia
1902 1636 2090 1674 attineant.

1129 1685 1199 1722 Sed
1228 1697 1298 1732 ego
1339 1699 1400 1724 me
1430 1688 1490 1724 hic
1528 1687 1634 1735 plane
1662 1697 1740 1722 non
1770 1686 1926 1734 explico.
1962 1687 2090 1724 GLA-

1128 1736 1285 1773 REAN.

1187 1799 1222 1835 p.
1261 1798 1320 1831 70.
1367 1790 1412 1823 Te
1444 1788 1529 1822 enim
1558 1787 1735 1834 accepimus
1752 1801 1786 1822 eo
1808 1786 1880 1831 die,
1909 1801 1973 1837 qiua
1995 1788 2086 1839 Gya]

1133 1836 1330 1875 Suetonius
1365 1838 1477 1885 longe
1517 1845 1622 1874 antea
1662 1837 1707 1873 de
1743 1837 1834 1874 corde
1878 1838 2084 1887 prodigium

1133 1889 1244 1926 refert
1277 1887 1418 1925 Caesari
1448 1887 1576 1925 visum.
1605 1888 1694 1924 Non
1721 1889 1802 1925 sane
1831 1900 1877 1926 eo
1898 1889 1977 1932 die,
2008 1903 2083 1938 quo

1134 1939 1252 1976 caesus
1287 1939 1334 1976 est
1356 1967 1366 1982 ‚
1403 1938 1463 1976 sed
1486 1939 1679 1987 Spurinam
1711 1939 1758 1975 ibi
1788 1952 1865 1976 non
1894 1940 2085 1985 nominat,

1133 1989 1171 2025 in
1208 1989 1408 2037 posteriore
1439 1990 1638 2027 nominat:
1686 2001 1771 2026 nam
1798 2001 1844 2026 eo
1878 1989 1935 2026 die
1957 2018 1966 2034 ,
2009 2003 2084 2039 quo

1135 2040 1255 2079 caesus
1292 2041 1340 2079 est
1364 2069 1373 2083 ,
1414 2042 1526 2077 refert
1561 2052 1647 2077 eum
1675 2040 1825 2088 pluribus
1855 2040 1967 2086 hostiis
1995 2041 2090 2090 caefis

1133 2091 1234 2126 litare
1264 2106 1326 2127 non
1351 2091 1488 2139 potuisse
1507 2119 1517 2134 ,
1552 2090 1613 2138 sed
1644 2093 1758 2138 spreta
1787 2092 1944 2139 religione
1967 2094 2092 2128 curiam

1133 2142 1306 2190 ingrreffum
1328 2153 1431 2191 atque
1457 2153 1527 2177 tum
1552 2144 1731 2186 Spurinam
1759 2141 1902 2188 irrififfe.
1955 2142 2090 2190 Longe

1133 2191 1243 2239 igitur
1266 2201 1372 2230 antea
1402 2193 1476 2229 hoc
1496 2192 1705 2240 prodigium
1725 2192 1887 2235 factum,
1914 2203 1990 2229 non
2009 2194 2090 2230 her-

1134 2242 1189 2279 cle
1220 2254 1266 2280 eo
1298 2244 1356 2280 die
1373 2270 1382 2284 ‚
1409 2255 1485 2290 quo
1508 2242 1666 2279 interiit:
1695 2241 1813 2290 Quod
1836 2243 1944 2291 igitur
1965 2244 2014 2280 bis
2039 2246 2087 2281 fa-

1135 2292 1234 2330 &um
1266 2293 1336 2336 est,
1363 2293 1529 2330 Valerius
1559 2292 1670 2329 semel
1697 2301 1819 2330 narrat
1838 2321 1848 2337 ,
1886 2294 1923 2330 &
1950 2301 2088 2330 temere

1133 2344 1270 2381 miscet.
1297 2344 1566 2381 GLAREAN.

1182 2407 1217 2443 p.
1243 2406 1301 2439 71.
1332 2395 1442 2431 Eidem
1462 2406 1601 2431 montem
1623 2393 1733 2432 Atho
1753 2397 1851 2441 juxta
1872 2393 1962 2428 Idam
1981 2403 2090 2428 trans·
2133 2395 2137 2400 ’

1126 2445 1252 2495 gresso]
1295 2446 1370 2482 Hic
1406 2446 1519 2482 locus·
1537 2444 1634 2482 haud
1663 2444 1770 2481 dubie
1799 2452 1984 2491 corruptus
2014 2443 2083 2486 est,

1131 2507 1201 2533 nec
1225 2509 1243 2534 a
1262 2495 1620 2534 commentatoribus
1644 2494 1856 2532 intellectus,
1904 2493 2086 2530 Olivcrius

1132 2545 1178 2583 de
1207 2548 1316 2588 eAtho
1349 2547 1504 2595 longum
1538 2547 1745 2583 sermonem
1774 2544 1882 2580 infert
1902 2571 1911 2586 ‚
1948 2543 1991 2579 de
2022 2542 2085 2578 Ida

1130 2608 1248 2643 vero,
1280 2610 1327 2635 ne
1358 2610 1473 2636 unum
1509 2597 1660 2645 quidem
1689 2594 1862 2635 verbum,
1901 2592 2003 2642 quod
2034 2601 2088 2630 ta-

1132 2659 1220 2686 men
1258 2649 1396 2687 factum
1435 2649 1610 2697 oportuit.
1663 2645 1794 2685 ,Athon
1832 2655 1969 2678 montem
2003 2654 2089 2690 pro-

1130 2707 1210 2747 pter
1230 2701 1380 2737 navium
1411 2699 1652 2746 periculosum
1673 2695 1859 2732 circuitum
1890 2695 1925 2730 in
1949 2693 2086 2732 Isthmo

1136 2750 1319 2788 suffodere
1349 2751 1440 2797 juffit
1463 2751 1623 2791 Xerxes,
1650 2754 1688 2782 ut
1715 2744 2009 2799 initio-Libwrx.
2031 2757 2088 2782 re-

1136 2802 1208 2838 fert
1236 2796 1468 2839 Herodotus.
1529 2800 1625 2836 Eum
1663 2804 1783 2832 autem
1826 2795 1897 2842 ipse
1936 2807 2012 2831 non
2042 2796 2090 2833 est

1135 2851 1386 2896 transgressus,
1413 2852 1471 2888 sed
1492 2851 1566 2898 ejus
1587 2858 1706 2885 naves.
1752 2844 1829 2893 lpse
1851 2857 1869 2881 a
1889 2845 2088 2893 Strymone

1135 2915 1201 2951 per
1210 2903 1372 2941 Bisaltida
1386 2903 1596 2939 Acharrtum
1615 2897 1803 2945 pervenit,
1822 2894 1955 2933 deinde
1970 2897 2090 2932 Ther-

1136 2966 1262 2998 mam5
1298 2966 1338 2991 ac
1367 2954 1550 3001 postremo
1575 2947 1750 2985 incolumi
1780 2947 1939 2983 exercitu
1970 2947 2089 2983 Ther-

1137 3006 1306 3055 mopylas
1325 3005 1445 3054 usque.
1458 3003 1509 3041 lbi
1527 3012 1617 3040 vero
1638 2998 1813 3034 diversam
1828 2998 2011 3035 fortunam
2027 3008 2090 3032 ex-

1573 3051 1679 3087 Vvv
1716 3060 1775 3087 vv
2014 3058 2090 3095 pcr-
