2516 3509
415 101 531 155 DE
602 100 1058 159 LUXURIA
1127 103 1241 157 ET
1311 103 1774 160 LIBID1NE.
2006 115 2105 174 795

175 213 220 246 47
256 203 504 267 Praecipue
538 218 647 251 vero
683 203 904 252 Catilinae
948 205 1090 253 libido
1125 203 1312 252 scelesta.
1383 206 1510 254 Nam
1557 207 1715 255 vesano
1761 219 1912 254 amore
1956 205 2102 251 Aure·
2199 200 2234 239 9·

110 285 197 333 liae
231 280 470 330 Orestillae
505 276 550 319 ⁴1⁸
587 292 850 344 correptus,
894 297 1001 327 curn
1042 297 1184 328 unum
1217 281 1596 344 impedimentum
1631 284 1841 344 videret,
1886 299 1980 347 quo
2016 284 2103 330 mi·-

113 379 198 412 nus
233 360 404 423 nuptiis
437 361 554 406 inter
588 358 628 406 se
660 361 984 422 jungerentur,
1027 359 1173 407 filium
1210 358 1363 418 suum,
1412 369 1455 398 ⁴9
1491 377 1627 424 quem
1657 362 1709 408 &
1743 362 1913 421 solum,
1949 363 1995 409 &
2031 379 2102 410 ae-

114 454 208 489 tate
237 443 329 502 J'am
368 440 584 501 puberem
620 438 813 484 habebat
835 472 850 497 ‚
895 454 1067 486 veneno
1102 438 1308 485 sustulit:
1358 438 1654 503 protinusque
1692 447 1733 477 50
1767 456 1822 486 ex
1859 458 1974 505 rogo
2010 446 2105 507 ejus

2118 512 2201 541 Ann.
2223 510 2289 541 urb.

110 522 363 571 maritalem
400 520 543 568 facem
580 519 789 567 accendit
810 553 824 578 ‚
874 527 908 557 5¹
951 537 1000 567 ac
1037 537 1180 567 novae
1212 520 1395 566 maritae
1429 519 1672 568 orbitatem
1706 521 1827 567 suam
1861 522 1966 568 loco
2002 541 2098 571 mu-
2118 557 2185 586 ⁶90⁷
2215 553 2261 582 3³1

107 600 227 649 *neris
262 599 482 661 erogavit.
519 605 560 634 5²
589 597 767 643 Eodem
802 596 963 644 deinde
996 599 1146 645 animo
1182 598 1331 642 civem
1367 612 1548 659 gerens,
1583 614 1675 661 quo
1710 611 1886 661 patrem
1919 592 2315 672 ege1·at,¹1⁰5²}&{}¹};{¹·

113 678 199 725 filii
235 677 401 741 pariter
436 675 665 735 manibus„
703 676 750 723 &
783 676 947 725 nefarie
982 689 1225 725 attentatae
1256 676 1422 739 patriae
1457 693 1620 740 poenas
1657 677 1797 724 dedit.

881 807 1353 853 EXTERNA.

1795 922 2023 972 Invidittm
2058 943 2103 973 e-
2211 943 2240 968 r.

2264 979 2269 997 l

183 922 249 969 At.
284 920 518 984 Campana
560 921 739 967 luxuria
782 936 1000 983 perquam
1047 920 1170 967 utilis
1206 921 1381 968 civitati
1415 921 1590 968 nostrae
1625 920 1727 968 fuit.

115 1001 211 1048 nim
245 1000 378 1047 armis
414 999 687 1046 Annibalem
719 998 940 1046 illecebris
975 1000 1058 1047 suis
1091 1000 1362 1064 complexa,
1402 1009 1440 1039 53
1468 1001 1742 1048 vincendum
1769 1003 1985 1050 Romano
2023 985 2193 1058 mi-ssnii
2213 992 2316 1053 tiliis

115 1084 186 1130 lltl
221 1081 418 1129 tradidit.
2075 1087 2081 1093 .
2123 1067 2318 1094 xxixncic.

490 1081 572 1128 Illa
606 1080 994 1144 vigilantiffimum
1028 1081 1192 1127 ducem
1215 1115 1230 1141 ‚
1286 1081 1360 1128 illa
1393 1082 1646 1128 exercitum
1682 1084 1949 1130 acerrimum
1982 1085 2104 1148 dapi-
2123 1107 2206 1136 auxi
2242 1115 2287 1136 ῃ,

117 1162 202 1210 bus
236 1163 395 1227 largis,
429 1161 674 1210 abundanti
708 1162 846 1222 vino,
882 1174 1224 1227 unguentorum
1259 1161 1527 1224 fragrantia,
1568 1169 1610 1200 Η
1646 1163 1691 1210 V
1697 1165 1837 1210 eneris
1871 1164 1950 1211 usu
1983 1165 2105 1211 lasci-
2125 1151 2276 1178 ²⁰⁵³OE

2008 1261 2108 1292 vro·-

115 1380 299 1422 -utramque
326 1369 500 1408 deduflam
533 1370 579 1407 (ῥ’
601 1370 754 1409 nobilem.
782 1381 868 1409 cum
898 1384 976 1422 quo
1006 1383 1097 1410 con-
1147 1369 1262 1421 bebat]
1308 1368 1414 1409 Harl.
1447 1373 1557 1422 Quem
1579 1371 1689 1419 solum
1717 1381 1830 1408 aetate
1851 1375 1926 1421 jam
1949 1372 2114 1423 puberem.

126 1422 234 1460 sentit
261 1422 331 1461 Ed.
359 1423 468 1470 Mog.
496 1422 629 1469 Ultraj.
657 1422 766 1471 prim.
793 1425 830 1461 ὅτ
854 1423 962 1462 Leid.
989 1425 1097 1472 prim.
1149 1422 1258 1460 Leid.
1283 1425 1369 1461 sext.
1395 1434 1507 1459 aetate
1536 1427 1605 1466 jam
1631 1421 1765 1470 pubere.

94 1484 302 1524 sanamque
333 1475 484 1510 inclitam
504 1475 669 1519 feminam
697 1482 743 1510 <J
773 1474 913 1510 nobilem
936 1503 946 1521 ‚
990 1474 1097 1513 Leid.
1201 1486 1257 1520 50.
1295 1477 1351 1510 Ex
1384 1488 1460 1522 rogo
1498 1477 1567 1521 ejus
1596 1473 1784 1508 maritalem
1808 1475 1914 1518 facem
1945 1474 2108 1523 accendit]

120 1532 238 1572 quart.
277 1526 430 1561 inclitam
468 1535 643 1574 utramque
676 1526 838 1569 feminam
867 1528 906 1561 vi
938 1527 1094 1563 tratiam.
1150 1523 1241 1560 Ilico
1271 1524 1349 1572 post
1381 1535 1512 1561 necem
1545 1522 1608 1560 filii
1638 1534 1796 1560 uxorem
1830 1523 1931 1560 duxit
1961 1525 2111 1561 Orestil-

124 1573 199 1612 Pro
210 1577 368 1610 Muciam
391 1576 496 1623 Mog.
515 1578 709 1612 Mutinam.
729 1587 798 1624 pro
815 1577 970 1612 Fulviam
984 1577 1091 1614 Leid.
1144 1573 1216 1611 lam
1232 1603 1241 1618 ‚
1269 1582 1309 1611 ut
1331 1587 1376 1612 ex
1400 1587 1492 1623 rogo
1515 1572 1614 1623 quasi
1635 1573 1697 1610 filii
1716 1573 1863 1610 taedam
1885 1602 1895 1616 ‚
1929 1584 2023 1622 quae
2045 1587 2110 1612 nu-

124 1633 243 1674 quart.
273 1626 442 1662 flaviam.
470 1625 595 1662 Ceteri
621 1625 782 1670 habent,
818 1626 921 1676 quod
953 1627 1092 1665 restitu-
1144 1624 1310 1662 bentibus
1348 1626 1523 1674 praeferri
1549 1624 1653 1662 solita
1678 1652 1688 1669 ,
1733 1623 1938 1661 accendisse
1969 1625 2114 1662 videre-

120 1682 203 1712 tum
231 1675 334 1713 vides
358 1688 378 1713 a
400 1676 564 1713 Vorstio.
596 1676 782 1713 Oliverius
805 1679 956 1713 Muciam
977 1678 1092 1715 Pom·
1142 1682 1212 1712 tur.
1239 1677 1433 1714 VORST.

118 1726 196 1774 peji
220 1737 401 1770 uxorem,
430 1728 468 1763 &
489 1729 647 1763 Fulviam
678 1726 803 1764 Clodii
830 1734 940 1776 atque
968 1728 1091 1765 Anto-

118 1777 171 1814 nii
202 1777 381 1825 intelligit.
410 1776 554 1814 Dubito
577 1789 623 1815 an
647 1776 744 1815 reete
759 1805 770 1822 ,
796 1776 856 1814 vel
875 1778 998 1826 potius
1029 1778 1090 1815 vix

110 1827 245 1865 credo.

168 1879 228 1924 46.
255 1876 416 1926 Probrofiz
436 1876 626 1927 prosapiae]
658 1878 879 1927 Legendum
896 1906 906 1922 ‚
934 1886 974 1915 ut
994 1890 1089 1916 non-

114 1928 206 1965 nulli
227 1927 386 1965 Codices
415 1928 553 1965 habent
580 1931 776 1975 patientiae.
816 1931 1022 1965 Patientiam
1052 1931 1089 1966 cb

120 1979 281 2027 ἰςωτικοῖς
316 1976 386 2015 effe
415 1979 495 2027 quis
531 1979 680 2016 nescit?
736 1980 877 2017 PIGH.
930 1980 1087 2026 Probrosa

117 2030 304 2079 patientiae
331 2039 475 2077 corpora.
515 2031 729 2073 Patientiae,
756 2030 859 2077 quod
881 2030 1028 2077 Pighius
1049 2039 1088 2068 ut

120 2080 300 2117 diversam
343 2078 546 2116 lestionem
585 2080 622 2115 in
667 2081 832 2127 margine
868 2088 1085 2125 notaverat,

117 2129 217 2168 reete
246 2127 402 2166 Colerus
441 2130 478 2166 in
518 2137 662 2166 textum
699 2130 869 2178 recepit;
911 2142 996 2168 cum
1028 2131 1086 2168 Pi·

117 2182 223 2230 ghius
251 2178 414 2216 edidisset
440 2181 611 2228 prosapiae
636 2191 790 2229 corpora3
819 2180 936 2218 Aldus
957 2189 1083 2219 autem

119 2233 159 2269 δε
180 2230 355 2268 Chalcoc.
374 2233 564 2278 sapientiae
581 2242 723 2279 corpora.
752 2231 913 2268 Codices
931 2244 1084 2280 quoque

117 2282 250 2320 Brand.
279 2279 464 2329 sapientiae
483 2281 631 2317 habent.
683 2281 754 2318 Sed
783 2281 891 2318 facile
916 2282 1085 2330 intelligi·

115 2340 199 2376 tur,
224 2331 425 2380 legendum
456 2329 526 2368 effe
553 2332 752 2379 patientiae.
777 2331 971 2370 VORST.
1006 2334 1085 2370 Ple-

114 2385 220 2433 rique
243 2382 349 2419 MSS.
377 2381 488 2418 nostri
517 2382 629 2419 etiam
656 2384 846 2431 sapientiae
873 2384 1085 2431 praeferunt

116 2445 203 2471 cum
242 2432 337 2470 Edd.
369 2433 477 2480 Mog.
514 2433 611 2469 Ven.
649 2433 687 2470 δε
715 2433 875 2470 Mediol.
909 2436 1083 2482 prosapiae

114 2493 243 2522 tamen
265 2481 387 2532 legisse
408 2483 555 2521 videtur
571 2485 610 2520 ἃ
629 2482 830 2523 Oliverius.
857 2483 930 2522 Sed
950 2485 1081 2524 reaius

112 2535 292 2578 alterum,
321 2536 359 2572 ὅ(
379 2533 500 2571 multo
519 2534 684 2584 quidem.

161 2597 225 2633 47.
254 2586 428 2634 Praecipue
456 2599 533 2622 ‘vero
553 2587 726 2621 Catilinae
745 2583 866 2635 libido]
896 2585 1080 2634 Complu-

111 2647 168 2675 res
198 2636 304 2674 MSS.
329 2640 451 2672 Verum
472 2637 645 2687 praecipue
662 2637 835 2672 Catilinae
853 2635 956 2673 libido
977 2640 1078 2685 scele-

104 2690 175 2737 sta.
210 2695 250 2724 ut
275 2686 462 2734 legebatur
491 2694 577 2724 ante
609 2687 792 2734 Pighium.
856 2686 927 2724 Sed
951 2689 1080 2736 praeci-

108 2748 175 2789 pue
208 2752 286 2776 vero
319 2736 455 2774 habent
480 2737 617 2775 habent
647 2745 776 2774 tamen
801 2737 935 2786 Ultraj.
972 2739 1079 2787 prim.

113 2788 224 2876 Ifseid.
250 2796 432 2839 quatuor,
468 2789 507 2827 ὅ(
528 2788 597 2825 Bit.
623 2787 731 2836 prim.
758 2799 845 2826 cum
874 2789 996 2837 primo
1016 2790 1084 2828 Pa-

112 2850 143 2877 ri
161 2868 169 2877 .

162 2889 223 2937 48.
249 2888 444 2938 correptus]
471 2888 578 2925 MSS.
597 2895 668 2926 tres
691 2888 879 2939 corruptus]
910 2889 981 2929 Sed
999 2891 1084 2930 vide

114 2952 210 2992 quae
233 2940 363 2978 notavi
382 2939 428 2978 ad
447 2940 492 2979 L.
506 2952 594 2977 vm.
610 2953 641 2978 1.
668 2940 844 2978 Damnat.
872 2941 909 2978 8.

162 3004 222 3044 49.
250 2993 356 3043 Quem
376 2998 423 3029 (θ’
434 2992 546 3041 Jblum
566 2999 612 3029 <J
633 3001 747 3030 aetate
763 2996 837 3041 jam
851 2990 1002 3043 puberem
1020 2993 1084 3032 lm-

1196 1738 1252 1773 51.
1278 1730 1346 1767 ςΛε
1362 1740 1469 1763 novae
1489 1723 1649 1774 maritae]
1688 1724 1794 1763 MSS.
1820 1732 1981 1774 quatuor
2006 1739 2112 1763 norae

1143 1787 1335 1813 marltatae.

1193 1838 1252 1874 52.
1279 1825 1398 1863 Eodem
1417 1827 1527 1863 animo
1546 1827 1650 1863 civem
1668 1828 1706 1874 se
1725 1840 1868 1876 gerens,
1891 1841 1955 1876 quo
1978 1838 2106 1875 patrem

1141 1876 1272 1926 egerat]
1303 1878 1520 1915 Gronovius
1549 1877 1632 1914 Lib.
1661 1887 1716 1915 1v.
1748 1877 1834 1914 Obs.
1862 1889 1892 1913 c.
1924 1891 1976 1924 14.
2001 1879 2107 1915 testa-

1140 1935 1221 1972 tur,
1239 1931 1279 1975 se
1307 1928 1326 1966 a
1349 1928 1490 1966 duobus
1513 1928 1622 1965 codd.
1652 1928 1746 1964 MSS
1783 1927 1938 1964 Andinis
1965 1928 2102 1973 abeffe;

1139 1987 1319 2028 putatque
1357 1981 1461 2015 civem
1489 1993 1608 2029 gerens
1645 1976 1769 2015 dixisse
1805 1978 1995 2016 Valerium
2037 1991 2104 2028 pro

1137 2031 1241 2065 civem
1264 2044 1386 2080 agens:
1415 2029 1618 2078 quomodo
1639 2041 1708 2066 vn.
1730 2041 1762 2075 7.
1791 2041 1823 2074 7.
1850 2029 1980 2077 scripsit
2006 2041 2104 2077 prae-

1136 2090 1237 2115 torem
1266 2080 1336 2115 urb.
1357 2082 1554 2124 severiorem
1585 2094 1712 2130 agens,
1740 2093 1841 2128 quam
1863 2083 1986 2127 Orestes
2002 2082 2106 2130 gesse-

1136 2141 1201 2166 rat.
1228 2131 1421 2169 VORST.
1458 2130 1567 2168 Abest
1596 2132 1858 2179 pronomense
1885 2143 1904 2167 a
1924 2131 2103 2170 tredecim

1137 2181 1262 2219 nostris
1295 2182 1399 2219 MSS.
1431 2183 1469 2219 &
1488 2181 1661 2219 omnibus
1678 2182 1810 2230 Pighio
1840 2181 2103 2231 antiquioribus

1137 2230 1228 2269 Edd.
1258 2234 1382 2282 itaque
1414 2232 1548 2269 delevi.
1581 2232 1715 2279 Copes.
1746 2231 1854 2269 Leid.
1880 2232 1967 2270 sext.
1996 2235 2101 2270 civem

1135 2295 1250 2332 agens.
1277 2283 1379 2330 supra
1405 2283 1449 2319 L.
1477 2295 1533 2320 1v.
1564 2295 1595 2320 τ.
1622 2282 1656 2320 6.

1189 2344 1249 2382 53.
1293 2332 1497 2369 Vincendum
1533 2337 1678 2382 Romano
1714 2332 1821 2369 militi
1850 2332 1989 2382 tribuit]
2032 2332 2099 2371 Ed..

1136 2383 1243 2431 Mog.
1275 2383 1433 2421 Mediol.
1476 2385 1513 2421 &
1552 2384 1657 2421 MSS.
1695 2384 1870 2421 undecim
1905 2383 2098 2420 *incendunt

1136 2435 1290 2483 Qmano
1319 2436 1424 2470 militi
1448 2433 1617 2478 tradidit,
1644 2434 1749 2483 quod
1777 2435 1939 2484 praetuli.

1185 2498 1240 2531 54
1265 2487 1394 2521 Veneris
1414 2487 1473 2533 usu
1492 2484 1685 2534 lasci-viora]
1723 2485 1854 2533 Copes.
1882 2496 1964 2521 cum
1992 2482 2100 2520 HarL

1133 2535 1172 2572 δί
1195 2535 1303 2573 Leid.
1326 2536 1444 2584 quint.
1471 2539 1513 2572 Et
1534 2537 1665 2574 Veneris
1680 2538 1741 2584 usu
1759 2536 1972 2583 lasciviorem.
2024 2533 2096 2571 Sed

1130 2586 1284 2634 praestat
1310 2586 1362 2623 nil
1389 2594 1544 2624 mutare.

1182 2650 1240 2685 ςς.
1269 2639 1352 2674 Cam
1371 2638 1523 2686 Seplasia
1544 2639 1574 2673 ei
1595 2645 1640 2674 (θ’
1653 2634 1806 2675 „Albana
1823 2636 1927 2680 castra
1945 2633 2004 2680 effe
2022 2648 2091 2669 coe-

1127 2687 1266 2737 perunt]
1296 2688 1421 2738 Inquit
1442 2689 1601 2726 Author.
1625 2687 1801 2724 Asconius
1821 2683 2022 2738 Paedianus
2049 2686 2088 2722 in

1135 2739 1360 2777 Orationem
1380 2740 1570 2777 Ciceronis
1590 2739 1626 2774 in
1649 2737 1815 2773 Pisonem
1840 2742 1888 2770 ait
1902 2747 1909 2770 ε
1923 2734 2088 2771 Plateam

1135 2787 1206 2827 effe
1228 2790 1400 2838 Capuae,
1418 2802 1512 2839 quae
1532 2786 1682 2835 Seplasia
1702 2785 1938 2828 nominatur,
1956 2785 1993 2822 in
2015 2797 2088 2833 qua

1134 2842 1368 2889 unguentarii
1404 2839 1589 2888 negociari
1617 2836 1682 2873 sint
1706 2835 1810 2872 soliti.
1862 2835 1978 2873 Addit
2007 2836 2090 2873 No-

1134 2892 1216 2930 nius
1236 2891 1434 2929 Marcellus
1461 2891 1570 2927 etiam
1596 2894 1727 2923 neutro
1754 2897 1888 2934 genere
1907 2887 2087 2935 Seplasiam

1134 2942 1219 2981 dici.
1271 2943 1323 2980 At
1351 2942 1505 2981 ,Albana
1540 2950 1616 2976 non
1648 2945 1789 2973 temere
1818 2938 1972 2985 reperias
2000 2935 2088 2985 quid

1132 2993 1187 3034 fit.
1215 2993 1404 3034 oliverius
1431 2989 1621 3041 conjungit
1638 2986 1791 3028 albana
1815 2990 1944 3036 castra,
1975 2997 2090 3041 69(Ρο-

1531 3038 1637 3079 Hhh
1671 3036 1727 3075 hh
1763 3050 1783 3075 2
1963 3043 2091 3084 unque
