2516 3509
649 52 802 108 DE
896 53 1619 122 PUDICITIA:

2018 85 2124 145 525

195 159 324 222 Qid
364 165 402 197 ¹3
440 159 493 207 P.
527 159 739 207 Maenius
763 193 778 219 ‚
825 175 959 223 quam
1002 160 1204 210 severum
1250 164 1499 228 pudicitiae
1542 167 1779 216 custodem
1811 171 1940 236 egit!
1987 173 2044 223 In
2073 176 2126 223 li-

131 244 309 292 bertum
344 256 539 304 namque
569 253 753 304 gratum
786 240 1033 288 admodum
1070 242 1150 290 fibi
1185 244 1530 306 animadvertit,
1567 251 1671 312 quia
1705 267 1812 298 eum
1843 253 2009 302 nubilis
2034 258 2131 322 jam

131 322 283 368 aetatis
318 319 437 366 filiae
470 318 569 366 suae
600 317 806 366 osculum
841 319 1005 367 dedisse
1039 335 1320 385 cognoverat
1346 344 1363 381 3
1408 339 1516 370 curn
1552 327 1811 390 praesertim
1848 348 1942 380 non
1975 334 2128 382 libidi-

132 415 190 445 ne
213 432 229 458 ‚
269 397 342 444 sed
375 413 525 445 errore
560 396 702 462 lapsus
736 398 876 445 videri
912 399 1070 462 posset.
1140 401 1360 449 Ceterum
1408 405 1707 452 amaritudine
1750 425 1920 471 poenae
1941 446 1957 471 ,
2001 426 2126 462 tene-

130 478 190 525 ris
223 477 371 524 adhuc
406 477 580 541 puellae
614 476 808 524 sensibus
832 512 848 537 ‚
893 477 1106 526 castitatis
1141 480 1420 545 disciplinam
1456 483 1706 546 ingenerari
1741 490 1892 551 magni
1924 491 2123 541 aestima-

130 559 230 608 vit:
277 559 411 621 eique
453 570 546 605 tam
592 557 708 604 tristi
752 558 964 621 exemplo
999 562 1230 624 praecepit
1251 596 1267 621 ‚
1312 573 1360 609 ut
1393 579 1470 609 non
1491 563 1629 625 stilum
1661 568 1951 628 virginitatem
1982 576 2123 620 illiba-

128 647 218 683 tam
239 670 256 695 ,
286 635 369 698 fi’cl
398 639 524 683 etiam
557 635 689 696 oscula
721 638 780 682 ad
810 641 950 683 virum
973 642 1137 698 fincera
1161 640 1383 702 perferret.

199 716 272 777 Q
307 732 414 763 vero
449 717 612 764 Fabius
649 718 884 764 Maximus
937 725 979 756 ¹4
1014 719 1284 767 Servilianus
1333 729 1367 760 ¹5
1405 723 1682 784 honoribus,
1717 743 1829 790 quos
1863 727 2121 793 splendidis-
2246 791 2253 799 .

136 793 245 841 fitne
278 794 503 858 gesserat,
551 795 757 842 censurae
799 796 1023 861 gravitate
1066 797 1385 846 consummatis
1407 835 1424 860 2
1475 800 1517 829 ¹⁶
1562 804 1717 867 exegit
1761 804 1788 853 a
1830 806 1926 856 filio
1962 825 2125 872 poenas
2142 819 2221 845 Ann·
2246 811 2315 843 ω’

141 1026 253 1064 Feriis
279 1028 375 1066 citat.
405 1027 597 1067 COLER.
635 1029 742 1067 Oros.
780 1030 827 1067 L.
859 1041 894 1067 v.
934 1030 990 1068 16.
1026 1032 1111 1068 Eum

137 1076 192 1113 die
208 1078 298 1114 dit-'la
318 1094 339 1113 a
358 1083 578 1127 Cn.Pompe7'o
604 1078 813 1116 damnatum'
826 1080 955 1118 scribit.
978 1082 1109 1130 Quint.

142 1128 250 1165 Decl.
278 1142 339 1166 111.
381 1142 436 1176 17.
491 1131 581 1179 Qid
616 1131 657 1166 de
690 1131 787 1167 fabio
811 1131 939 1168 Eburno
966 1134 1109 1184 loquar,

143 1193 201 1228 qut
232 1181 342 1220 filium
369 1180 565 1229 impudicum
599 1184 731 1232 cognita
760 1181 847 1217 domi
877 1182 983 1229 caussa
1012 1199 1109 1220 neca·-

137 1231 206 1266 vit.
235 1230 280 1268 de
300 1231 399 1267 Falm‘
420 1234 573 1268 Buteonis
594 1232 699 1269 simili
725 1233 915 1271 severitate
935 1234 972 1270 in
990 1234 1107 1273 filium

138 1280 226 1318 vide
256 1282 364 1320 Oros.
395 1295 450 1320 1v.
481 1295 537 1333 13.
564 1283 807 1320 PERIZON.

192 1345 248 1381 Ις.
278 1333 470 1370 Honoribus
483 1349 587 1384 ‚quos
597 1332 851 1381 splendidiffi'me
865 1333 976 1384 gessit]
991 1335 1109 1374 Gron.

140 1381 187 1419 L.
226 1396 280 1421 iv.
319 1384 407 1422 Obs.
436 1397 521 1422 XIV.
560 1387 683 1435 Eget-at
718 1384 841 1433 legit.'
868 1386 1108 1425 PERIZON.

145 1432 351 1472 Tredecim
378 1435 483 1472 MSS.
511 1437 666 1486 gefferat.
708 1437 907 1484 quomodo
939 1444 1024 1474 ante
1051 1438 1111 1476 Pi-

143 1483 271 1532 ghium
293 1485 505 1534 legebatur,
530 1487 567 1523 ὃς
586 1497 686 1523 nunc
703 1487 849 1524 restitui.

196 1536 250 1573 16.
279 1538 409 1587 Exegit·
425 1547 548 1584 poenas
575 1535 595 1572 ὲ
616 1538 695 1584 filio
712 1536 832 1573 dubiae
849 1539 1038 1584 castitatis,
1066 1546 1111 1576 (7

142 1593 190 1621 <9³
207 1589 324 1633 punito
351 1587 525 1636 pependit,
552 1589 746 1623 voluntart'o
768 1588 888 1636 secessu
915 1591 1112 1640 conspet‘lum

137 1641 274 1685 patriae
291 1637 450 1686 vitando]
467 1638 631 1686 Injecere
655 1638 779 1676 denuo
799 1639 1011 1687 irreligiosas
1031 1652 1112 1679 ma-

143 1698 210 1724 nus
238 1688 392 1725 Valerio
418 1689 542 1725 nostro
573 1689 740 1726 audaculi
761 1718 770 1734 ,
807 1698 1005 1739 totamque
1032 1691 1111 1728 sen-

140 1738 296 1776 tentiam
335 1739 430 1776 hanc
469 1739 609 1787 prorsus
647 1749 845 1778 mutarunt.
899 1741 975 1777 Cur
1008 1743 1108 1779 enim

143 1790 279 1837 quaeso
299 1790 493 1837 praeterit,
521 1791 694 1840 quasnam
718 1790 736 1828 a
756 1791 832 1829 filio
856 1803 994 1839 poenas
1024 1804 1109 1829 exe-

141 1840 233 1887 gerit
243 1840 513 1889 Fabius?quod
527 1841 690 1878 maxime
711 1842 871 1890 exempli
890 1843 992 1880 causa
1009 1843 1107 1881 dice-

141 1901 180 1927 re
193 1891 400 1939 oportebat.
413 1892 489 1928 Cur
507 1892 595 1929 item
615 1892 750 1929 vindex
770 1893 830 1929 ille
846 1901 948 1942 pater
966 1893 1108 1933 sibimet

143 1942 295 1978 exilium
312 1941 468 1979 indixit?
493 1954 538 1979 an
560 1942 661 1992 quod
685 1955 768 1981 eum
800 1945 1026 1992 poenituerit
1054 1946 1107 1982 se-

139 1992 301 2029 veritatis
331 1993 368 2029 in
393 1992 510 2029 filium
544 1993 694 2030 fortaffis
720 1995 873 2031 cinaedo
905 1995 966 2031 vix
986 1995 1088 2032 hone

139 2041 315 2079 stiorem?
344 2043 520 2080 Profecfto
552 2043 713 2081 alienum
745 2044 765 2081 a
800 2045 1106 2092 magnanimitate

142 2092 181 2130 ὅ(
210 2093 411 2130 constantia
439 2093 648 2131 clariffimae
676 2096 793 2143 gentis
811 2096 966 2139 Fabiae,
994 2103 1105 2145 atque

138 2144 249 2181 etiam
271 2143 474 2181 Serviliano
494 2143 687 2192 indignum
700 2174 710 2189 ‚
740 2145 888 2195 ejusque
905 2154 961 2182 tot
980 2146 1103 2184 hono-

136 2194 231 2232 ribus
257 2194 537 2242 splendidiffime
556 2195 672 2242 gestis.
724 2196 806 2241 Jatn
838 2196 928 2233 olim
949 2196 1103 2244 quidem·

135 2244 243 2282 valde
266 2245 436 2293 frigidum
451 2245 666 2293 &ineptum
690 2246 781 2282 mihi
800 2246 916 2283 visum
938 2247 1007 2284 fuit
1027 2247 1102 2285 hoc

136 2296 350 2344 exemplum
372 2317 382 2341 ‚-
422 2307 553 2332 verum
593 2307 692 2332 nunc
719 2297 941 2343 exemplaria
971 2306 1097 2336 vetera

136 2348 347 2384 conferenti
376 2347 508 2383 veritas
536 2346 609 2394 ipsa
637 2347 752 2383 semet
786 2347 969 2390 insinuat,
1011 2360 1097 2387 cum

132 2398 331 2446 repererim
363 2397 400 2434 in
430 2395 580 2434 Sufiano
610 2396 703 2434 libro
739 2398 833 2434 hanc
871 2397 1096 2437 iefflonem:

133 2450 259 2497 Exegit
290 2447 310 2484 ιὶ
331 2449 403 2492 fiIio
432 2449 548 2498 punico
563 2476 572 2491 ‚
599 2447 657 2484 sed
679 2449 845 2496 corrige,
866 2452 957 2485 unico
974 2461 1098 2499 poenas

130 2496 250 2534 dubiae
278 2500 463 2545 castitatis;
497 2501 526 2533 is
551 2512 607 2534 eas
631 2498 806 2547 pependit,
833 2501 1024 2537 voluntario
1043 2503 1099 2549 fi’-

130 2552 209 2595 ceJJu
240 2550 436 2596 conspeffium
460 2550 569 2599 patris
599 2548 751 2585 vitando.
811 2549 950 2587 Eadem
980 2552 1028 2589 est
1060 2552 1098 2590 in

129 2598 424 2644 Pulmannianm
457 2609 713 2648 praeterquam
744 2600 846 2649 quod
876 2601 1095 2641 mendosum

130 2650 379 2694 vocabulum,
405 2653 544 2690 Punico,
572 2651 754 2697 corrigere
776 2652 854 2700 quis
874 2653 1095 2700 cupiens‚in

122 2712 244 2752 punito
266 2701 425 2738 mutarit.
480 2701 596 2738 Aldus
625 2701 758 2738 deinde
784 2702 960 2740 transtulit
978 2716 1097 2742 voca-

129 2752 256 2790 bulum
280 2780 290 2796 ‚
325 2759 365 2788 ut
393 2752 477 2789 suae
509 2752 677 2799 opinioni
702 2752 919 2791 sententiam
943 2766 1092 2794 accom-

131 2802 301 2841 modaret
328 2802 424 2839 male
444 2802 678 2839 intellectam.
703 2803 843 2841 PIGH.
872 2808 993 2857 Exegit
1013 2810 1033 2842 a*
1052 2809 1093 2853 fi-

126 2856 173 2890 lio
191 2857 283 2889 unico
300 2866 417 2898 poenas
437 2851 557 2888 dubiae
573 2855 746 2899 celsitatis.
803 2856 834 2890 Is
852 2869 907 2891 eas
923 2857 1090 2906 pependit,

125 2906 317 2941 voluntarm
339 2906 455 2950 seceffct
484 2906 681 2953 confpeflum
709 2906 818 2951 patris
833 2907 986 2944 vitando.
1038 2910 1092 2947 I‘ta

125 2955 254 2995 locum
278 2955 378 2993 hunc
406 2954 540 3007 partim
559 2966 604 2994 ex
626 2954 735 2994 codd,
762 2956 867 2995 MSS.
891 2959 1025 3007 partim
1048 2972 1093 2998 ex

2141 862 2208 890 627-
2234 865 2308 887 Cen..-

2042 889 2124 937 du-
2140 899 2189 932 sor
2209 897 2280 930 fuit,

1162 1030 1376 1081 conjeeiura
1395 1030 1542 1071 refinxit
1560 1033 1717 1083 Pighius.
1772 1037 1960 1077 Nimirum
1983 1040 2019 1077 in
2042 1042 2128 1080 cod.

1163 1082 1314 1121 Susiano
1344 1083 1482 1132 legerat
1502 1114 1512 1129 ‚
1549 1088 1671 1137 Exegit
1702 1086 1723 1123 ῖι
1744 1089 1823 1134 filio
1846 1092 1987 1139 ρωπίας
2025 1093 2123 1130 &in

1160 1133 1431 1172 Pulmanniano
1452 1163 1464 1179 ,
1499 1138 1605 1187 Exeg.
1634 1137 1655 1173 ὰ
1674 1140 1733 1184 fil.
1751 1142 1868 1188 punito
1894 1150 1966 1179 (9⁴0.
2018 1143 2128 1180 Cete-

1161 1196 1243 1221 rum
1273 1186 1415 1236 antiqui
1446 1185 1552 1224 codd.
1591 1189 1685 1236 typis
1714 1191 1863 1238 expreffi
1882 1219 1893 1235 ,
1927 1193 1964 1230 &
1992 1192 2125 1232 Brand.

1162 1236 1269 1272 MSS.
1293 1236 1363 1281 fic,
1389 1239 1512 1287 Exegit
1527 1249 1650 1285 poenas
1671 1241 1690 1274 ἁ
1707 1242 1785 1287 filio
1810 1241 1928 1278 dubiae
1947 1246 2126 1284 castitatis:

1163 1294 1208 1322 Φ
1226 1289 1343 1335 punito
1365 1287 1541 1337 pependit,
1572 1291 1764 1326 voluntario
1786 1293 1904 1340 seceffio
1929 1297 2128 1342 conspet‘lum

1160 1340 1293 1385 patriae
1327 1337 1481 1376 vitando.
1540 1339 1595 1376 Ut
1618 1341 1736 1378 sensus
1770 1340 1841 1386 fit,
1882 1344 2125 1385 Servilianum

1163 1389 1286 1436 primo
1309 1388 1423 1427 filium
1445 1390 1549 1427 suum
1571 1400 1722 1440 propter
1743 1391 1935 1430 libidinem
1965 1397 2124 1443 punivis-

1161 1440 1197 1476 se
1220 1453 1228 1476 :
1264 1439 1398 1477 deinde
1434 1441 1566 1489 punito
1598 1441 1674 1479 filio
1703 1444 1740 1480 ὃς
1762 1443 1796 1479 se
1823 1444 1939 1493 ipsum
1967 1446 2125 1494 punivis-

1162 1489 1218 1533 se,
1245 1492 1304 1527 sua
1322 1492 1453 1539 sponte
1473 1492 1510 1529 in
1529 1491 1677 1530 exilium
1697 1493 1835 1532 eundo.
1882 1495 1924 1532 In
1945 1508 2020 1534 uno
2042 1498 2127 1537 cod.

1163 1540 1293 1578 Brand.
1321 1554 1388 1590 pro
1401 1542 1558 1592 pependit
1579 1543 1627 1580 est
1646 1543 1791 1593 rependit
1804 1545 1863 1582 :id
1880 1547 1981 1595 quod
2000 1547 2130 1586 1Εᾶίο-

1164 1603 1251 1628 nem
1290 1592 1476 1640 vulgatam
1519 1594 1632 1641 tnagis
1680 1595 1887 1633 confirmat.
1932 1598 2126 1638 VORST‚

1164 1641 1282 1689 Quod
1300 1643 1337 1679 in
1357 1643 1630 1682 Pulmanniano
1650 1646 1796 1693 Pighius
1815 1647 1958 1686 invenit
1972 1650 2044 1692 filio
2063 1663 2128 1699 pu-

1162 1695 1232 1728 nito
1248 1703 1394 1741 poenas,
1418 1693 1456 1730 id
1474 1694 1647 1742 equidem
1670 1696 1782 1734 video
1802 1698 1938 1735 exstare
1964 1700 2002 1737 in
2023 1701 2127 1739 Med,

1161 1744 1297 1791 primo.
1337 1745 1374 1781 δε
1405 1744 1511 1781 Leid.
1543 1744 1629 1793 sept.
1659 1746 1718 1784 sed
1748 1747 1808 1784 ubi
1837 1757 1987 1787 notatur
2009 1755 2130 1799 punita

1161 1794 1205 1830 ab
1227 1793 1301 1831 aliis
1322 1794 1445 1834 deleri.
1476 1795 1582 1833 Leid.
1609 1796 1675 1835 see.
1705 1798 1743 1835 ὃ(
1769 1806 1849 1836 tert.
1879 1802 1922 1836 Et
1944 1805 2063 1850 punito
2081 1805 2131 1851 fi-

1159 1846 1206 1880 lio
1229 1848 1394 1893 pependit.
1447 1848 1641 1895 Quatu0r‚
1680 1851 1723 1885 Et
1750 1864 1792 1884 ex
1822 1865 1857 1886 ee
1875 1855 1992 1899 punito
2014 1864 2137 1902 pepene

1159 1894 1223 1932 dit.
1263 1896 1370 1935 Leid.
1407 1906 1521 1946 quart.
1563 1902 1603 1933 Et
1636 1901 1754 1946 punito
1792 1915 1836 1938 eo.
1865 1901 1995 1952 Ultraj.
2023 1905 2130 1952 prim.

1162 1948 1206 1981 Et
1227 1958 1344 1995 pumto
1373 1950 1536 1998 rependit.
1565 1950 1676 1986 ceteri
1707 1962 1792 1987 cum
1824 1952 1951 1990 Brand.
1979 1956 2132 1993 consen·

1158 1996 1279 2041 tiunt,
1308 2007 1349 2035 ut
1377 1999 1416 2036 ὃς
1441 1998 1509 2036 Ed.
1552 2000 1659 2047 Mog.
1704 2001 1821 2049 Quod
1857 2015 1948 2041 vero
1982 2005 2131 2054 Pighius

1157 2049 1300 2093 quaerit
1323 2076 1332 2092 ‚
1372 2060 1435 2086 cur
1461 2061 1538 2087 non
1568 2051 1748 2089 addiderit
1771 2080 1779 2092 ἵ
1827 2065 1916 2102 quas
1942 2067 2080 2104 poenas
2107 2069 2130 2096 a

1156 2096 1232 2135 filio
1258 2100 1442 2147 exegerit,
1468 2101 1567 2138 idem
1591 2114 1768 2151 quaerere
1786 2103 1822 2140 in
1846 2106 2019 2154 exemplo
2039 2120 2127 2156 pron

1155 2149 1256 2186 xime
1283 2151 1517 2189 antecedenti
1545 2152 1740 2200 potuisset,
1769 2155 1937 2202 Quomodo
1962 2160 1998 2194 in
2025 2160 2125 2194 [dser-

1154 2208 1224 2235 tum
1252 2201 1533 2238 animadverterit
1557 2205 1574 2240 ?
1619 2215 1705 2240 nam
1742 2215 1866 2252 neque
1903 2207 1978 2245 hoc
2013 2210 2127 2247 addit,

1153 2248 1367 2295 Praeterea,
1395 2263 1441 2288 an
1462 2264 1540 2288 non
1562 2254 1706 2301 majore
1729 2255 1813 2302 Jure
1834 2260 2043 2304 rogaverim
2060 2289 2068 2304 ,
2097 2260 2120 2297 fi

1150 2310 1246 2343 pater
1260 2313 1383 2348 poenas
1399 2302 1508 2348 afilio
1527 2307 1676 2353 exegerit
1692 2332 1701 2346 ,
1720 2307 1920 2354 quomodo
1933 2311 2027 2355 filius
2049 2312 2121 2348 dici

1152 2351 1258 2397 poffit
1278 2354 1471 2388 voluntario
1485 2354 1602 2401 secessit
1633 2358 1832 2404 conspeft'um
1849 2363 1962 2407 patris
1990 2363 2121 2407 ‘maffia

1153 2403 1270 2448 Quod
1299 2404 1427 2451 procul
1457 2403 1569 2442 dubio
1598 2417 1677 2443 non
1705 2407 1753 2444 est
1780 2408 1830 2445 ita
1856 2411 2011 2447 insolens
2029 2439 2039 2454 ‚
2077 2419 2115 2448 ut

1150 2464 1218 2500 pro
1240 2454 1415 2502 exemplo
1432 2455 1630 2493 severitatis
1648 2458 1686 2494 in
1714 2466 1816 2507 patre
1840 2461 1877 2497 in
1897 2461 2116 2498 vindicanda

1150 2503 1323 2551 pudicitia
1343 2505 1499 2553 proferri
1522 2506 1699 2545 debuerit.
1751 2510 1893 2547 Verum
1917 2523 2027 2559 quum
2049 2509 2111 2546 dn-

1138 2554 1223 2590 <biae
1241 2558 1408 2597 castitatis
1423 2567 1545 2604 poenas
1565 2573 1587 2594 a
1603 2560 1678 2605 filio
1701 2571 1831 2608 patrem
1856 2560 1991 2609 exqqiffe
2014 2560 2112 2598 dicat

1149 2606 1300 2651 audior,
1329 2607 1407 2645 fieri
1424 2606 1507 2644 sane
1525 2611 1671 2656 potuit,
1700 2619 1738 2646 ut
1756 2618 1893 2658 patrem
1918 2611 2051 2646 nimiae
2073 2612 2113 2649 in

1149 2656 1264 2694 filium
1296 2659 1517 2702 severitatis,
1546 2660 1584 2696 ὃ(
1605 2672 1749 2708 poenae
1778 2660 1824 2695 illi
1856 2659 1903 2695 ob
1933 2660 2107 2699 deliftum

1146 2719 1224 2744 non
1241 2709 1320 2747 satis
1335 2708 1477 2759 liquido
1488 2710 1683 2757 probatum
1703 2708 1895 2756 impolitae
1914 2712 2109 2757 poenitue-

1145 2759 1190 2796 rit
1204 2787 1213 2802 ,
1235 2760 1272 2796 &
1293 2760 1382 2809 ideo
1403 2760 1517 2797 vitain
1539 2761 1671 2797 deinde
1691 2771 1706 2795 a
1730 2759 1809 2795 luce
1829 2760 2027 2799 hominum
2050 2775 2106 2800 re==

1145 2818 1271 2847 motus
1302 2811 1340 2847 in
1367 2809 1500 2848 secessu
1527 2812 1639 2858 egerit
1661 2824 1668 2846 z
1709 2810 1914 2856 praesertim
1936 2823 2051 2860 quum
2072 2815 2101 2850 i-

1143 2861 1244 2908 psum
1268 2862 1434 2899 videatur
1453 2859 1627 2908 puniviss'c
1649 2860 1853 2907 graviffime
1866 2890 1875 2905 ‚
1890 2863 1987 2899 unde
2008 2876 2099 2901 mox

1144 2911 1244 2948 addit
1261 2913 1377 2960 ipsum
1400 2913 1500 2948 nimis
1519 2923 1656 2946 atrorem
1673 2911 1810 2957 potuiffe
1827 2912 1958 2955 videri,
1985 2927 2102 2956 quam-

1145 2963 1194 2999 vis
1225 2964 1335 3001 ‘virum
1366 2964 1551 3013 ceaeqfhrium.
1586 2962 1642 3000 Sic
1670 2961 1767 3048 &iim
1796 2962 1958 3013 plerique
1984 2964 2109 3017 scripti·

1708 3059 1731 3063 Ἰ
1747 3024 1768 3049 ἰ
1781 3024 1804 3051 v
1833 3026 1850 3063 3
2031 3017 2052 3051 t
2064 3027 2103 3052 (μ-
