2516 3509
622 73 774 129 DE
873 77 1019 150 γυ

125 181 311 228 Summa
338 173 514 240 justitia
547 174 594 222 in
626 190 821 240 quatuor
856 197 1040 246 quoque

1074 59 1603 142 sTlT‘1A.
1951 109 2058 168 575

1073 185 1267 233 tribunis
1287 185 1409 249 pleb.
1437 195 1479 226 ¹9
1500 189 1663 238 eodem
1697 204 1909 258 tempore
1940 213 2053 245 con-

58 258 206 326 specta
237 256 312 304 est.
359 257 488 303 Nam
524 273 632 304 cum
671 265 715 285 ²0
751 260 808 306 C.
845 263 1090 324 Atratino,
1125 264 1204 313 sub
1239 282 1333 330 quo
1368 266 1484 314 duce
1518 272 1662 319 aciem
1697 274 1891 323 nostram
1929 284 1966 304 2¹
2008 297 2052 326 a-

56 340 152 406 pud
185 340 494 402 Verruginem
542 346 586 366 2²
635 338 661 386 εὶ
697 342 876 390 Volscis
922 345 1183 394 inclinatam
1230 363 1336 394 cum
1383 350 1542 397 ceteris
1576 355 1806 415 equitibus
1842 374 2051 408 correxe-

1108 517 1151 548 24
1195 512 1331 573 quoad
1358 514 1586 571 imperator
1619 514 1796 576 ipsorum
1831 536 1922 567 reus
1956 527 2052 584 effi’t

43 579 237 642 futurus.
306 579 425 627 Non
460 582 581 628 enim
616 582 917 634 sustinuerunt
951 592 1124 655 egregii
1150 595 1339 658 juvenes
1360 626 1376 652 ‚
1422 596 1550 658 cujus
1592 598 1749 643 armati
1795 602 2050 662 periculum

54 657 317 706 vulneribus
362 659 410 705 ἃ
444 658 659 725 sanguine
702 663 780 711 suo
825 666 1113 717 defenderant
1137 705 1153 730 ,
1205 675 1298 737 ejus
1342 674 1491 736 togati
1526 674 1742 722 ultimum
1779 677 2046 745 discrimen,

55 738 288 803 potestatis
324 738 515 803 insignia
548 744 789 792 retinentes
812 781 826 806 ‚
871 749 1051 796 intueri.

57 820 358 869 Hortensium
394 822 599 870 desistere
634 828 807 890 coegit.

1117 751 1225 811 Qa
1254 753 1430 816 justitia
1464 768 1590 802 mota
1621 759 1788 805 concio
1812 794 1826 818 ,
1874 763 2050 813 actione

107 903 165 940 ’25
218 902 326 948 Nec
370 904 411 949 se
456 905 592 950 etiam
640 907 769 954 aliter
812 924 868 955 eo
912 909 1066 970 facto,
1111 913 1235 976 quod
1281 913 1519 977 sequitur,
1565 920 1789 969 exhibuit.
1825 941 1931 973 cur-n
1968 929 2047 976 Ti.

56 984 295 1033 Gracchus
331 984 379 1030 &
415 985 472 1031 C.
506 986 758 1047 Claudius,
792 989 852 1036 ob
888 991 1018 1038 nimis
1053 991 1199 1040 severe
1232 995 1402 1058 gestam
1438 999 1692 1063 censuram,
1728 1009 1944 1070 majorem
1981 1015 2042 1060 ci·

4 1110 7 1113 ,
56 1065 207 1114 vitatis
243 1076 416 1126 partem
450 1064 766 1129 exaspcraffeut
789 1089 816 1127 ,·
846 1069 966 1116 diem
1012 1071 1080 1117 his
1118 1071 1163 1100 ²⁶
1199 1075 1249 1120 P.
1285 1077 1491 1124 Rutilius
1525 1081 1732 1130 tribunus
1767 1089 1908 1150 plebis
1941 1110 2040 1156 per-

55 1142 292 1191 duellionis
327 1143 381 1189 ad
415 1146 640 1208 populum
675 1145 792 1194 dixit
818 1182 833 1207 ,
876 1163 1052 1212 praeter
1086 1167 1381 1201 communem
1416 1159 1822 1213 consternationem
1844 1202 1859 1228 ,
1893 1173 2042 1233 priva-

56 1231 103 1265 ta
135 1220 270 1266 etiam
307 1221 370 1267 ira
402 1223 650 1281 accensus5
706 1231 748 1264 27
786 1227 892 1288 quia
925 1230 1189 1290 necffzrium
1224 1234 1309 1292 ejus
1341 1251 1391 1280 ex
1425 1239 1585 1296 publico
1619 1244 1699 1289 loco
1736 1251 1940 1305 parietem
1973 1256 2043 1300 εἶθ’-

57 1425 103 1463 ad
121 1423 343 1474 praecedens
365 1430 579 1478 exemplum
610 1432 847 1471 referendum
864 1462 874 1479 ,
903 1434 963 1473 sed
986 1436 1030 1474 ad

57 1477 248 1521 tribunos,
273 1480 335 1527 qui
356 1479 461 1517 fimul
485 1493 526 1518 ac
547 1483 683 1520 eodem
713 1492 885 1534 tempore
913 1487 1031 1535 magi-

56 1528 205 1565 stratum
225 1529 420 1577 gesserunt.
470 1533 647 1571 Ceterum
672 1535 758 1572 Liv.
786 1536 871 1574 Lib.
905 1550 962 1575 η’.
984 1538 1030 1575 ab

56 1579 107 1614 U.
136 1579 182 1615 C.
210 1590 320 1618 vocat
349 1582 448 1619 hunc
480 1586 518 1621 C.
541 1587 769 1634 Sempronium
790 1590 1029 1634 Atratinum,

0 1650 1 1654 =
57 1640 135 1666 non
155 1632 303 1669 Lucium.
330 1633 507 1680 oppidum
534 1635 771 1685 Ferruginem
797 1650 861 1686 per
881 1639 920 1676 F.
948 1651 1029 1677 non-

0 1672 2 1699 l
55 1691 121 1728 per
133 1681 181 1718 V.
212 1682 250 1719 in
271 1682 371 1720 Livii
391 1683 515 1721 Codd.
542 1686 696 1734 legitur;
722 1700 767 1725 ex
787 1701 864 1738 quo
887 1690 1028 1739 oppido

60 1730 248 1770 Oliverius
269 1734 306 1770 ὅ(
329 1746 414 1771 eum
444 1735 585 1774 secutus
615 1738 746 1777 Badius
774 1739 895 1778 lacum
927 1742 1028 1779 fece-

55 1790 151 1820 runt.
179 1783 451 1822 GLAREAN.

102 1845 162 1871 zo.
203 1838 257 1875 :A
282 1838 318 1872 C.
346 1836 547 1887 Atratino]
581 1837 639 1876 Sic
662 1840 840 1887 Colerus,
859 1854 945 1881 cum
964 1848 1041 1882 an-'

51 1890 112 1922 tea
141 1884 348 1933 legeretur,
382 1901 403 1923 a
425 1891 521 1924 Lucio
540 1891 732 1929 eAtratino.
787 1893 858 1931 Sed
890 1906 1018 1932 einen-

54 1934 218 1972 dandum
239 1937 287 1973 ita
310 1938 498 1976 censuerat
516 1940 663 1988 Pighius
678 1972 688 1987 ‚
715 1945 753 1981 &
774 1943 823 1981 illi
844 1946 1022 1983 emenda—

51 1985 146 2022 tioni
176 1987 353 2034 quosdam
375 1989 535 2028 Codices
562 1991 792 2041 adstipulatos
824 1994 953 2039 fuisse,
980 1995 1022 2032 li-

29 2078 33 2082 ,
54 2044 111 2073 cet
131 2036 332 2085 intelligere
362 2050 407 2075 ex
438 2041 514 2087 ejus
534 2041 641 2080 Fastis
662 2044 736 2080 An.
765 2055 939 2082 cccxxxr.
967 2046 1022 2082 in-

51 2095 152 2125 terea
193 2090 291 2124 Luci‘o
335 2090 494 2127 retinent
525 2092 633 2130 MSS.
678 2093 871 2132 tredecim.
911 2095 1019 2134 Leid.

50 2139 119 2176 sec.
146 2150 376 2186 prienomen
398 2141 547 2179 omittit.

102 2201 163 2226 21.
198 2189 319 2240 „Apud
353 2191 588 2241 Verruginem]
635 2195 808 2244 Verrugo
838 2197 1020 2244 oppidum

57 2239 182 2276 Italiae
206 2265 216 2282 ‚
273 2242 311 2278 &
353 2241 576 2279 Volscorum
617 2246 781 2293 quidem.
823 2248 1020 2286 VORST.

56 2290 237 2327 Nonnulli
258 2291 364 2329 MSS.
392 2295 595 2343 feruginem.

104 2353 161 2377 22.
198 2345 259 2380 ,A
289 2345 417 2391 Volfiis
457 2344 673 2394 inclinatam]

28 2409 31 2416 ‹
54 2403 88 2428 2.
117 2392 151 2428 8.

103 2454 164 2491 23.
191 2441 386 2487 Juraverat
404 2445 439 2480 in
456 2447 617 2494 squalore
638 2449 675 2493 se
704 2448 762 2495 effe
783 2477 792 2492 ,
825 2449 936 2498 quoad
963 2451 1022 2486 im-

55 2503 190 2541 perator
207 2507 315 2529 eorum
336 2509 406 2530 reus
428 2508 499 2531 erat
523 2496 678 2545 futurus]
718 2500 898 2537 Nondum
928 2513 1024 2538 erant

52 2545 87 2578 in
120 2545 277 2593 squalore
297 2572 306 2588 ‚
352 2547 513 2584 necdum
554 2556 736 2596 poterant.
797 2550 1018 2596 Juraverunt

57 2594 157 2631 enim
188 2593 302 2638 haec,
333 2607 419 2633 cum
448 2599 608 2646 primum
642 2599 826 2644 dicerent,
858 2603 884 2645 fi
910 2614 1016 2651 preces

48 2646 132 2691 suae
158 2655 216 2692 pro
238 2648 436 2694 Imperatore
464 2664 527 2685 non
553 2650 781 2699 maluissent-fe
806 2655 927 2697 ‘vestem
946 2668 1015 2691 cum

53 2708 88 2730 eo
116 2706 310 2732 mutaturos.
345 2698 448 2744 quod
476 2711 524 2736 ne
550 2700 653 2738 fieret
680 2702 897 2741 Hortensius
927 2717 1012 2743 eum

54 2744 198 2783 dimisit.
223 2747 326 2794 Lege
355 2748 474 2795 igitur.
502 2749 576 2798 ‘Iun
604 2753 640 2786 in
661 2754 714 2802 sq.
737 2757 776 2799 se
804 2754 885 2801 effe,
908 2756 1018 2806 quoad

54 2795 230 2844 imperator
258 2798 319 2845 ips.
341 2813 413 2834 reus
434 2800 682 2846 efflt,futuros.
736 2804 852 2851 Quod
880 2805 905 2842 fi
940 2809 1019 2855 quis

56 2846 94 2882 ὃς
115 2846 154 2882 τέ
175 2848 232 2895 effe
253 2847 372 2885 delere
393 2850 580 2895 sustineat,
609 2864 670 2889 me
696 2865 773 2891 non
794 2867 1018 2905 repugnante

53 2896 172 2935 faciet.
196 2897 243 2934 fic
265 2900 437 2948 exemplo
456 2901 645 2948 sequenti,
667 2906 797 2949 juravit
819 2909 857 2955 se
875 2909 1018 2946 eamdem

49 2956 183 2994 poenam
201 2949 403 2997 fiaebieumm.
428 2951 680 2992 PERIZON.
709 2955 833 2996 Ctedo
864 2970 950 2998 vete
981 2973 1020 3000 e-

721 2346 834 2396 Supra
879 2349 924 2385 L.
959 2361 1019 2387 111.

1963 1348 2049 1380 mo-

1879 1423 1893 1437 0

1083 1438 1270 1477 mendasse
1309 1440 1548 1483 Perizonium
1574 1475 1584 1491 ,
1644 1449 1882 1500 adstipulante
1923 1465 2052 1501 tamen

1082 1489 1185 1527 nullo
1204 1491 1312 1528 MSS.
1335 1504 1413 1531 non
1443 1497 1546 1534 ausus
1567 1499 1645 1545 fui,
1672 1503 1876 1554 quidquam
1899 1519 2053 1551 mutare.

1131 1552 1188 1587 24.
1224 1541 1348 1593 Qfflad
1376 1546 1554 1594 imperator
1582 1551 1742 1603 ipsorum]
1789 1556 1940 1608 Nempe
1973 1565 2052 1610 post·

1080 1590 1155 1628 hoc
1174 1594 1349 1640 praelium
1365 1623 1374 1639 ,
1401 1597 1436 1633 in
1458 1611 1535 1647 quo
1559 1604 1742 1651 egregiam
1772 1618 1923 1655 operam
1946 1625 2051 1661 prae--

1080 1641 1263 1687 stiterant,
1288 1645 1371 1682 &in
1392 1659 1469 1696 quo
1493 1652 1633 1699 equites
1654 1655 1688 1691 se
1711 1655 1774 1704 ipsi
1803 1663 2050 1703 centuriantes

1081 1704 1146 1730 eos
1164 1693 1316 1731 auctore
1337 1696 1417 1734 Sex.
1441 1700 1657 1749 Tempanio
1678 1717 1744 1754 pro
1775 1713 2049 1753 centurionibus

1081 1742 1143 1780 fibi
1171 1746 1448 1792 praefecerant,
1478 1753 1635 1799 populus
1665 1768 1728 1794 eos
1756 1759 1916 1801 absentes
1935 1765 2048 1804 tribu-

1079 1806 1149 1832 nos
1168 1795 1279 1844 plebis
1301 1798 1449 1837 fecerat.
1479 1802 1563 1841 Liv.
1591 1805 1639 1842 L.
1672 1820 1728 1845 1v.
1755 1823 1813 1856 42.

1130 1859 1190 1894 25.
1219 1850 1289 1884 Nec
1310 1852 1345 1893 se
1364 1853 1464 1887 etiam
1484 1855 1584 1891 aliter
1612 1871 1646 1893 eo
1663 1861 1757 1904 fac‘lo
1779 1862 1867 1911 quod
1890 1868 2045 1916 sequitur

1072 1897 1243 1947 qxlnhuit]
1274 1899 1455 1940 Nonnulli
1476 1904 1636 1945 Codices
1664 1910 1794 1959 scripti.
1846 1919 1920 1951 Nec
1943 1921 1982 1964 se
2008 1935 2044 1955 eo

1065 1949 1159 2003 [ιιι-Ἲς)
1181 1948 1268 1997 quod
1287 1953 1443 2000 sequitur
1460 1953 1640 2002 diffi'milem
1663 1962 1822 2002 exhibuit.
1840 1980 1843 1981 ⁷
1876 1968 2047 2013 Quidam

1074 2005 1255 2052 omittunt
1280 2000 1316 2037 αδ
1335 2004 1447 2042 aliter.
1475 2006 1577 2044 Harl.
1609 2019 1764 2062 uterque
1784 2015 1850 2053 Bit.
1879 2018 1916 2054 δε
1939 2021 2042 2058 Med.

1074 2058 1181 2094 prim.
1206 2057 1326 2089 totam
1346 2053 1442 2092 hanc
1467 2059 1663 2105 periodum
1682 2065 1877 2104 omittunt.
1906 2069 2041 2119 Copes.

1073 2101 1198 2147 Necse
1216 2115 1250 2136 eo
1272 2104 1385 2148 saffo,
1415 2107 1501 2157 quod
1521 2113 1700 2158 seqnitur,
1730 2117 1880 2154 exhibuit
1900 2123 2046 2166 favora-

1072 2148 1169 2185 bilem
1193 2153 1257 2187 imo
1276 2152 1418 2200 destitit.
1447 2159 1543 2196 NIOX
1564 2162 1632 2199 Ex.
1655 2165 1689 2200 6.
1717 2170 1791 2202 Αἶα
1821 2171 1923 2207 aliter
1944 2176 1982 2221 se
2000 2177 2043 2213 L.

1071 2200 1202 2248 Craffits
1220 2204 1256 2239 in
1275 2204 1383 2241 eodem
1398 2211 1553 2254 justitiae
1571 2216 1791 2260 experimento
1801 2219 1906 2269 geffit.

1120 2252 1182 2288 26.
1208 2255 1249 2289 P.
1274 2257 1442 2306 Rutilius]
1481 2260 1578 2297 Ven.
1605 2267 1664 2301 M.
1690 2269 1855 2315 Popilius.
1882 2273 2040 2313 Mediol.

1073 2302 1113 2336 P.
1137 2304 1332 2347 Pompilius.
1361 2307 1477 2346 Aldus
1505 2311 1589 2348 Asc.
1617 2314 1655 2351 &
1683 2320 1794 2356 ceteri
1819 2324 1877 2358 M.
1908 2325 2041 2373 Pompi-

1072 2352 1151 2389 lius.
1178 2354 1284 2392 MSS.
1312 2357 1389 2402 fere
1411 2362 1453 2394 P.
1471 2361 1618 2407 Popilius
1637 2365 1784 2406 habent.
1805 2370 1895 2410 Sunt
1912 2382 2035 2411 tamen

1074 2403 1184 2440 etiam
1212 2405 1248 2441 in
1270 2407 1400 2455 quibus
1424 2413 1480 2446 M.
1497 2414 1679 2463 Pompilius
1694 2445 1703 2461 ‚
1731 2420 1770 2456 ὃς
1789 2423 1829 2458 Ρ.
1857 2426 2042 2471 Pompilius*

1072 2453 1245 2493 scribitur.
1294 2458 1440 2496 Diserte
1461 2468 1589 2501 tamen
1608 2469 1648 2504 P.
1673 2471 1828 2518 Rutilius
1859 2473 1987 2512 dicitur
2014 2487 2035 2511 a

1076 2504 1191 2543 Livio
1210 2507 1254 2544 L.
1281 2520 1391 2547 xmxr.
1424 2512 1479 2549 16.
1544 2532 1555 2536 e

1092 2567 1176 2611 ’27.
1205 2558 1304 2608 Quod
1331 2561 1535 2608 neceffizrium
1557 2566 1647 2616 ejus]
1677 2570 1782 2607 MSS.
1811 2572 2036 2620 quatuorde4

1069 2617 1141 2643 eim
1171 2619 1257 2646 cum
1295 2613 1467 2650 omnibus
1498 2615 1718 2657 editionibus
1752 2628 1834 2658 ante
1861 2622 2038 2670 Pigliiunr

1067 2656 1207 2697 addunt
1228 2662 1413 2707 Rutilium.
1452 2667 1554 2713 quod
1584 2679 1646 2705 cur
1674 2670 1844 2717 abjecerit
1862 2671 2032 2720 Pighius,

1067 2707 1169 2745 haee
1191 2710 1308 2749 cauffa
1336 2714 1482 2752 videtur
1512 2717 1613 2754 fuisse
1635 2746 1645 2761 ‚
1671 2721 1754 2767 quia
1784 2721 1910 2759 Livius
1941 2735 2028 2762 eum

1069 2767 1182 2796 vocat
1199 2763 1349 2798 clientem
1368 2771 1440 2813 ejus
1459 2765 1650 2803 libertinum
1663 2797 1672 2812 ‚
1695 2781 1804 2817 quem
1839 2772 1926 2810 ideo
1953 2777 2035 2812 exi-

1070 2809 1254 2856 stimaret,
1281 2813 1382 2852 idem
1414 2828 1554 2853 nomen
1585 2829 1660 2854 non
1694 2819 1853 2858 habuisse
1877 2851 1892 2868 ,.
1928 2826 2031 2875 quod

1069 2861 1269 2900 tribunum.
1323 2865 1467 2903 Interea
1489 2868 1620 2904 mirum
1651 2869 1697 2905 est
1724 2871 1783 2907 hic
1804 2885 1932 2912 verum
1963 2888 2033 2913 no-

1072 2923 1159 2948 men
1177 2913 1310 2952 tribuni
1332 2917 1367 2952 in
1389 2918 1492 2954 MSS.
1521 2919 1687 2962 retineri,
1715 2923 1820 2971 quod
1837 2925 1940 2974 supra
1969 2939 2039 2963 va-

1072 2963 1130 3000 riis
1157 2963 1279 3003 modis
1307 2976 1520 3017 corruptum
1550 2968 1726 3009 vidimus..

1466 3042 1467 3046 =
1876 3025 1941 3063 28.-
1964 3025 2045 3063 Pri»

2069 355 2153 384 Arm.
2177 352 2247 386 urb.

2067 406 2136 431 331.
2164 397 2218 427 Li-

56 429 156 465 rant
181 451 197 477 ,
245 416 365 464 diem
400 418 454 465 ad
495 421 722 484 populum
758 425 814 471 L.
852 427 1124 476 Hortenfius
1159 432 1336 496 collega
1369 448 1529 479 eorum
1566 433 1745 482 dixisset
1766 470 1783 495 ,
1831 456 1915 502 pro
1950 445 2052 491 Ro-
2068 438 2137 469 vius
2165 447 2210 469 W·

56 496 154 543 stris
191 503 232 533 ²3
267 499 534 561 juraverunt
567 503 610 547 in
637 502 833 564 squalore
861 506 912 567 se
947 508 1056 568 effi,

2065 984 2146 1013 Anti.
2170 982 2243 1013 nr'm

2064 1032 2133 1063 584-
2150 1024 2263 1055 Lirin&

2058 1077 2167 1097 xttir.
2197 1072 2243 1102 A..

2061 1109 2167 1141 Viftox
2192 1116 2246 1144 δ”,
