2516 3509
621 63 1028 128 VALERII

387 96 497 148 500

1095 61 1482 119 MAXIMI
1547 61 1670 118 Lu.
1710 66 1783 124 V.
1830 62 1976 122 Cn.
2024 64 2126 122 Vl.

384 176 467 221 bus
500 173 669 237 abjecta
702 184 824 229 erat,
859 169 1065 232 eriperet.
1115 160 1160 203 73
1196 165 1266 211 Ita
1295 163 1401 210 urbs
1434 179 1529 209 non
1563 176 1655 210 tam
1690 163 1821 213 strata
1853 179 1990 231 atque
2021 163 2167 214 eversa
2185 164 2383 213 Alexan=

386 250 480 309 dri,
515 267 650 313 quam
684 249 889 295 restituta
923 242 1178 291 Aristotelis
1213 255 1376 288 notum
1411 240 1474 287 est
1509 257 1637 304 opus.
1707 245 1836 290 Patet
1882 261 1993 309 ergo
2019 279 2032 303 ‚
2078 260 2213 308 quam
2255 243 2384 290 beni-

389 343 535 391 gnae,
581 342 807 391 quamque
849 321 1055 388 profusae
1101 321 1279 386 pietatis
1321 335 1428 383 erga
1469 321 1660 382 patriam
1696 323 1903 369 omnium
1939 323 2152 369 ordinum
2176 356 2191 381 ,
2236 321 2385 368 omnis

389 406 544 451 aetatis
579 406 786 451 homines
821 402 1097 456 extiterint3
1145 395 1504 459 iunetisfimisque
1547 411 1730 445 naturae
1777 400 1951 464 legibus
1996 408 2040 441 79
2077 399 2382 449 mirificorum

393 484 529 530 etiam
564 484 882 548 exemplorum
915 480 1032 526 clara
1065 476 1237 525 mundo
1273 474 1576 539 subscripserit
1607 477 1798 525 ubertas.

394 631 440 670 ad
465 632 609 669 Aelian.
639 632 683 668 L.
712 642 773 667 111.
805 641 860 667 12.
892 640 946 676 15.
975 628 1096 665 Erexit
1127 626 1251 676 itaque
1279 635 1362 662 earn
1409 625 1535 670 strata.
1571 621 1695 660 Periz-
1725 624 1778 658 Ita
1803 620 1892 659 urbs.
1918 622 2086 661 Rectum
2109 624 2221 662 credo
2241 651 2252 667 ‚
2282 622 2386 673 quod

393 683 567 731 abjer‘lam.
598 682 696 718 Vide
718 682 820 729 supra
841 680 887 716 L.
914 693 944 717 1.
960 693 990 728 ς.
1008 692 1038 716 1.
1068 679 1212 727 L.11.3.
1232 677 1314 714 Ext.
1330 689 1362 723 ς.

395 735 580 782 Magnum
606 744 696 769 vero
720 740 819 775 erat,
842 730 946 780 quod
977 741 1058 766 eam
1081 729 1256 776 erigeret,
1285 738 1364 763 ma-

1418 673 1595 709 edebatur
1617 682 1703 711 ante
1725 672 1918 721 Pighium,
1948 674 1986 710 &
2007 674 2067 710 hic
2096 672 2302 722 expressum
2332 676 2386 712 vi-

1418 723 1491 761 des.
1520 723 1677 761 Videtur
1704 724 1749 761 de
1780 723 1950 760 industria
1982 735 2125 761 nornen
2146 724 2385 779 suppreffiffe,

390 785 451 832 jus
474 784 575 833 quod
598 782 764 820 manibus
784 781 945 829 ipsorum
966 780 1248 822 Macedonum3
1277 778 1363 814 hinc
1414 783 1609 823 tamquam
1639 775 1692 811 rei
1719 775 1828 811 nimis
1856 783 1968 811 notae
1991 802 2001 818 ,
2035 776 2072 812 &
2102 775 2176 812 hoc
2210 786 2394 820 innuere,.

394 834 496 872 addit
517 847 579 883 per
603 833 805 882 emphasim
827 841 871 867 ω’
886 830 1028 881 quidem.
1059 830 1128 867 Sed
1149 841 1232 866 curn
1260 840 1366 865 com-

394 885 514 934 plures
534 884 678 923 codices
697 883 1036 932 habeant‚equrdem
1058 880 1096 916 de
1115 880 1266 916 manibus
1279 907 1289 922 ‚
1307 879 1365 916 vel

1416 825 1504 863 dum
1526 826 1597 874 lpse
1617 825 1704 862 dicit
1725 837 1838 860 notum
1858 838 1935 873 opus
1957 825 2026 873 effi.

1471 888 1528 923 79.
1552 878 1776 924 Mt'rifirorum
1806 879 1908 912 etiam
1927 877 2146 926 exemplorum
2165 877 2255 912 clara
2272 874 2392 912 mundo

397 936 547 986 equidem
569 935 608 971 de
625 934 855 971 Macedonum.
870 932 975 970 valde
997 932 1154 979 suspicor
1174 930 1365 967 auctorem
1412 926 1639 976 subscripserit
1667 927 1820 976 ubertas]
1852 928 1941 964 Non
1973 927 2091 974 placet
2119 928 2193 964 hoc
2220 925 2393 965 ubertatis

396 985 566 1035 scripsisse
587 986 832 1035 eorumdemque
853 983 1072 1019 Macedonum
1094 982 1370 1029 manibus.prae-

401 1038 532 1085 cipue,
561 1048 675 1085 quum
707 1033 862 1073 statuisse
893 1033 1061 1069 videatur
1087 1044 1169 1068 eam
1200 1032 1296 1079 prius
1325 1031 1370 1068 ab

401 1089 479 1136 ipso
508 1086 721 1124 Alexandro
748 1083 850 1121 fuiffe
871 1083 1060 1126 eversam,
1089 1082 1222 1119 deinde
1249 1082 1374 1118 horta-

400 1146 443 1175 tu
461 1137 664 1175 Aristotelis
685 1136 897 1173 restitutam.

454 1188 512 1234 78.
542 1190 597 1224 Ita.
620 1187 697 1223 urbs
723 1201 787 1222 non
813 1196 884 1221 tam
902 1187 1015 1231 strata
1042 1194 1144 1232 acque
1170 1183 1284 1228 eversa
1302 1185 1372 1221 υί-

397 1238 577 1280 lexandri,
600 1252 701 1288 quam
721 1240 872 1284 restituta
892 1236 1104 1280 ,Aristotelis
1123 1244 1234 1268 notum
1254 1234 1300 1277 est·
1319 1246 1372 1266 no-

400 1289 473 1338 bis]
504 1290 688 1338 Quamvis
707 1287 767 1324 hic
786 1298 914 1335 parum
937 1285 1113 1333 adjuvent
1133 1282 1371 1330 exemplaria,

400 1340 529 1378 locum
560 1348 691 1376 tamen
728 1339 828 1374 hunc
862 1349 906 1373 ex
947 1337 1121 1384 Diogene
1146 1333 1301 1371 Laertio
1334 1334 1372 1370 &

400 1390 599 1428 Plutarcho
622 1388 882 1426 restituendum
918 1395 1034 1435 puto:
1061 1389 1179 1435 Itaque
1209 1399 1273 1420 non
1301 1395 1372 1418 tam

402 1441 481 1477 urbs
511 1442 648 1490 Stagira
675 1442 788 1487 eversa
820 1437 1060 1480 Alexandri,
1093 1450 1191 1484 quam
1218 1436 1375 1481 restituta-

403 1494 617 1533 ‘Aristotelis
641 1501 752 1526 notum
782 1491 826 1536 est
858 1501 947 1536 opus.
1003 1489 1130 1535 Quam
1167 1485 1368 1522 lectionem

401 1542 508 1590 spero
528 1541 701 1578 studiosos
720 1552 797 1577 non
828 1539 1036 1588 rejeecuros.
1092 1538 1133 1574 In
1154 1536 1371 1573 Cauchiano

402 1591 588 1641 quaedam
611 1590 678 1633 fic;
712 1593 827 1640 ltaque
854 1605 917 1626 non
940 1595 1013 1638 jam
1040 1587 1116 1624 urbs
1130 1591 1241 1632 strata
1259 1617 1267 1629 ,
1296 1595 1368 1623 (Tc.

400 1643 440 1680 in
459 1642 534 1680 aliis
552 1641 818 1690 exemplaribus
837 1640 927 1677 nihil
948 1639 1030 1677 sani.
1057 1638 1196 1675 PIGH.
1224 1640 1278 1672 lta
1297 1636 1373 1672 urbs

401 1708 466 1730 non
486 1704 555 1728 tam
567 1695 679 1739 strata
697 1703 800 1740 atque
820 1693 934 1737 eversa
954 1687 1176 1729 {Alexandri
1223 1687 1278 1723 Ita
1297 1698 1374 1723 rur-

400 1744 457 1782 sus
477 1743 604 1781 Aldus.
632 1741 749 1791 Quod
770 1741 901 1788 Pighio
924 1738 1124 1776 emendare
1143 1737 1279 1786 placuit
1298 1735 1345 1773 fic
1359 1765 1368 1780 ‚

401 1798 460 1830 Ita
489 1809 552 1830 mm
573 1805 643 1829 tam
662 1791 737 1828 urbs
760 1793 897 1841 Stagira
923 1792 1057 1837 eversa:
1085 1788 1196 1837 idque
1222 1799 1300 1824 non
1325 1799 1371 1824 ex

403 1845 515 1882 codd.
543 1843 650 1881 MSS.
675 1842 735 1881 sed
766 1854 810 1879 ex
828 1842 980 1889 Diogne
998 1840 1152 1877 Laertio
1173 1840 1210 1876 &
1231 1837 1372 1875 Plutar-

402 1897 476 1934 cho
496 1896 530 1932 se
550 1896 678 1932 facere
695 1894 755 1931 ait.
806 1891 876 1929 Sed
908 1903 985 1928 non
1006 1890 1118 1927 video
1134 1918 1143 1934 ‚
1171 1887 1371 1938 quomodo

402 1959 449 1984 ex
469 1945 678 1984 auctoribus
698 1945 752 1981 his
775 1942 912 1980 docere
930 1942 1036 1989 poffit
1049 1970 1058 1984 ‚
1079 1939 1181 1990 quod
1200 1951 1267 1988 pro
1281 1941 1374 1984 stra·-

400 2008 439 2035 ea
483 1995 683 2045 legendum
725 1993 766 2031 sit
803 1996 956 2043 stagira.
1026 1992 1203 2039 Stagiram
1243 1988 1373 2026 urbem

407 2059 491 2085 eam
514 2044 584 2083 effe
607 2045 713 2082 facile
730 2043 952 2092 intelligitur.
999 2042 1068 2079 Sed
1087 2053 1165 2079 non
1186 2051 1277 2089 opus
1299 2048 1376 2077 erat

403 2097 503 2136 urbis
542 2097 618 2145 ejus
660 2096 698 2133 &
725 2106 866 2132 nomen
906 2094 966 2130 hic
1004 2093 1170 2142 exprimi.
1222 2092 1374 2128 Vocem

398 2152 514 2198 strata
538 2147 682 2195 reperio
712 2145 749 2182 in
776 2153 935 2194 utroque
967 2143 1051 2181 cod.
1087 2141 1264 2180 Brandeb.
1293 2140 1374 2178 MS.

410 2200 451 2238 δε
478 2198 514 2235 in
553 2196 817 2247 antiquioribus
855 2195 951 2244 typis
989 2194 1155 2243 expreffis
1191 2193 1374 2230 omnibus.

408 2252 559 2287 Sternere
578 2249 671 2285 inter
689 2247 755 2284 alia
776 2247 876 2284 idem
903 2257 1055 2295 quoque
1075 2242 1145 2281 esse
1165 2242 1267 2292 quod
1288 2255 1373 2291 pro-

408 2301 591 2343 sternere,
616 2298 693 2335 solo
714 2309 870 2346 aequare
886 2325 895 2339 ‚
923 2304 1070 2334 notum.
1101 2294 1296 2332 VORST.
1324 2294 1374 2331 E-

410 2350 643 2389 mendationi
661 2349 858 2396 Pighianae
889 2348 991 2385 favet
1021 2345 1140 2383 nullus
1162 2345 1372 2382 nostrorum

409 2400 516 2440 MSS.
551 2401 614 2448 qui
634 2402 746 2446 strata
779 2399 853 2446 pari
886 2397 1061 2434 consensu
1089 2403 1250 2432 tuentur.
1303 2394 1374 2432 Sed

411 2449 581 2491 nonnulli
601 2450 780 2488 omittunt
799 2463 863 2484 non
882 2458 974 2487 tam,
995 2446 1078 2489 alii,
1097 2448 1211 2493 eversa
1229 2460 1294 2481 non
1309 2456 1379 2481 tam

410 2500 637 2547 Alexandri.
663 2499 797 2549 Ultraj.
834 2500 873 2537 &
890 2499 998 2547 Mog.
1025 2495 1095 2534 Ed.
1123 2498 1180 2534 Itae
1209 2506 1279 2533 tam
1304 2495 1381 2533 urbs

1422 978 1636 1026 epitheton3
1665 979 1703 1014 in
1737 977 1887 1015 Sufiano
1914 978 2023 1026 igitur
2051 979 2088 1015 ὃ(
2117 977 2388 1016 Pulmanniano

1422 1028 1572 1071 l‘ec'tit183
1603 1031 1706 1064 Clara
1737 1028 1855 1064 mundo
1874 1028 2064 1076 subscripsit
2091 1033 2227 1064 veritas.
2251 1028 2392 1067 PIGH..

1421 1079 1567 1126 Pighius
1589 1091 1633 1116 ex
1657 1079 1799 1116 duobus
1819 1078 1928 1116 codd.
1946 1079 2051 1116 MSS.
2073 1079 2300 1116 scribendum
2324 1091 2391 1127 pu,-

1422 1131 1514 1166 tavit
1531 1141 1658 1166 veritas
1682 1141 1748 1178 pro
1767 1129 1920 1174 ubertas‚-
1949 1130 2051 1178 quod
2083 1130 2274 1178 epitheton
2299 1132 2391 1166 clara

1423 1191 1501 1216 non
1521 1189 1736 1228 competere
1758 1180 1904 1217 videtur
1926 1180 2092 1216 ubertati.
2139 1181 2276 1218 Verum
2296 1181 2392 1218 uber-

1423 1242 1476 1265 tas
1496 1230 1631 1267 habent
1659 1231 1884 1280 antiquiores
1914 1232 2009 1279 typis
2039 1231 2210 1279 expreffi,
2240 1233 2278 1268 ὃς
2297 1239 2393 1268 uter-

1424 1292 1497 1329 que
1518 1280 1696 1318 Brandeb.
1726 1281 1831 1318 MSS.
1854 1282 1900 1318 Et
1921 1283 2141 1329 exenplorum
2163 1282 2295 1317 ubertas
2324 1293 2392 1329 pro

1425 1331 1662 1369 multitudine
1684 1330 1966 1380 exemplorum,
1995 1332 2276 1370 convenientius
2304 1332 2392 1370 huic

1422 1381 1510 1419 loco
1532 1395 1645 1432 quam
1675 1385 1896 1431 exemplorum
1915 1394 2053 1419 veritas.
2082 1383 2275 1420 VORST.
2304 1388 2394 1420 San-

1423 1432 1626 1483 fitffinnsque
1645 1445 1786 1469 naturae
1800 1433 1922 1482 legibus
1936 1434 2145 1480 mirificorum
2164 1436 2265 1470 etiam
2285 1447 2394 1470 exem-

1419 1485 1549 1532 plorum
1565 1487 1655 1520 clara
1678 1484 1796 1520 mundo
1806 1483 2034 1532 subscripserit
2055 1487 2193 1521 veritas.
2218 1485 2271 1522 Ita
2289 1484 2393 1533 Pigh.

1426 1546 1512 1572 cum
1545 1536 1583 1572 in
1606 1535 1778 1572 omnibus
1809 1535 1886 1571 fere
1912 1534 2020 1571 codd.
2047 1544 2191 1582 praeter
2222 1535 2313 1573 duos
2351 1535 2393 1574 fit

1425 1584 1568 1622 ubertas.
1595 1586 1728 1622 scilicet
1748 1586 1832 1635 quia
1851 1597 1929 1622 non
1958 1587 2160 1622 convenire
2179 1585 2325 1623 videtur
2344 1586 2394 1624 illi

1426 1636 1619 1683 epitheton
1659 1639 1780 1674 clarus.
1834 1635 2056 1683 Legendum
2095 1637 2203 1684 igitur
2236 1646 2312 1675 erat
2351 1645 2393 1675 ut

1425 1687 1507 1723 MS.
1546 1686 1771 1734 Copefianus
1799 1687 1920 1723 habet.
1955 1700 2030 1721 cara
2063 1687 2180 1721 mundo
2201 1688 2395 1735 subscripsit

1425 1736 1570 1773 ubertas.
1592 1738 1649 1774 illa
1671 1739 1768 1775 enirn
1801 1738 1942 1773 ubertas
1968 1737 2225 1784 exemplorum
2248 1738 2392 1777 mundo

1423 1795 1499 1824 erat
1516 1801 1603 1824 cara.
1631 1787 1667 1824 id
1696 1789 1743 1825 est
1760 1796 1859 1835 grata
1875 1787 2050 1835 ,pretiosa
2064 1815 2074 1830 ‚
2102 1788 2235 1824 scilicet
2255 1800 2300 1825 ex
2317 1790 2396 1825 cha-

1422 1851 1460 1873 ra
1490 1839 1657 1875 fecerunt
1686 1839 1745 1875 alii
1775 1840 1888 1879 clara,
1926 1838 1963 1873 ὃ(
1997 1837 2199 1875 duriuscule
2229 1839 2312 1876 sane
2344 1840 2392 1878 est

1424 1887 1561 1925 dietum
1592 1891 1680 1924 clara
1713 1887 1844 1924 mundo.
1871 1887 2114 1924 PERIZON.
2152 1889 2209 1925 Sic
2238 1889 2320 1927 Ext.
2362 1904 2392 1928 1.

1425 1938 1644 1986 Clartffimam
1682 1951 1751 1987 pro
1779 1937 2002 1985 Chariffimam
2025 1966 2035 1981 ,
2069 1938 2204 1977 habent
2240 1941 2392 1988 quidam

1426 1989 1533 2026 MSS.
1561 1989 1661 2026 Med.
1690 1991 1798 2038 prim.
1826 1989 2018 2037 subfiripfit
2046 1992 2201 2032 veritas,
2229 1993 2278 2025 αἶ’
2299 1992 2396 2028 uber-

1427 2050 1492 2076 tas.
1523 2039 1630 2076 Leid.
1660 2041 1767 2088 prim.
1796 2039 1986 2089 subscripfit
2015 2039 2164 2077 libertas.
2209 2041 2394 2090 Equidem

1427 2091 1667 2138 conjeceram
1682 2120 1691 2134 ‚
1712 2089 1984 2139 santsliffimiscjue
2002 2101 2143 2127 naturae
2159 2091 2284 2142 legibus
2304 2097 2399 2130 miri-

1421 2141 1555 2185 ficorum
1575 2143 1795 2191 exemplorum
1816 2140 1899 2177 data
1919 2139 2037 2176 mundo
2059 2141 2285 2189 subscripserit
2302 2144 2396 2182 uber-

1427 2202 1493 2228 tas.
1554 2192 1666 2229 Nunc
1712 2192 1802 2230 mihi
1840 2191 2025 2228 Perizonii
2063 2192 2274 2240 conjectura
2315 2207 2396 2233 ma-

1426 2244 1480 2291 gis
1511 2241 1704 2280 blanditur.
1765 2243 1943 2280 Ceterum
1973 2242 2206 2292 Theophilus
2248 2245 2395 2284 testatur

1424 2293 1596 2343 antiquos
1627 2293 1773 2331 codices
1799 2293 1942 2330 habere.
1998 2294 2099 2329 Clara
2124 2293 2239 2330 mundo
2252 2296 2396 2344 subscri-

1422 2355 1484 2392 pta
1512 2348 1689 2389 testantur.
1744 2344 1786 2381 Id
1815 2343 1918 2393 quod
1949 2343 2103 2381 invenio
2126 2345 2162 2381 in
2184 2345 2288 2382 MSS.
2311 2347 2404 2392 sex,

1429 2394 1492 2431 nifi
1514 2395 1617 2444 quod
1639 2406 1731 2432 unus
1750 2394 1857 2431 habet
1871 2423 1880 2438 ‚
1907 2395 2108 2440 attestantur
2122 2423 2132 2437 ‚
2159 2395 2246 2433 alius
2259 2399 2396 2443 scripta.

1431 2444 1501 2482 Sed
1538 2446 1612 2482 hoc
1643 2456 1768 2483 ortum
1799 2445 1943 2483 videtur
1978 2456 1998 2482 e
2037 2444 2149 2495 gloffa
2191 2447 2405 2496 explicante—

1430 2496 1470 2533 τδ
1487 2495 1689 2546 subscribere
1716 2507 1780 2547 per
1809 2497 1934 2545 testas-i,

2504 2110 2509 2174 2

2501 2193 2508 2348 l

2494 2606 2499 2692 l
